5438 7086
598 583 666 654 158
1231 586 1405 659 GODEX
1438 586 1704 660 unvudsls

545 803 759 892 portionem3
783 811 819 874 et
841 806 884 874 de
909 809 984 894 ipso
1006 808 1049 876 de
1072 809 1190 876 media
1213 807 1304 894 loca,
1321 807 1457 895 abipso
1480 809 1638 896 predicto
1660 815 1768 879 canto
1782 811 1825 878 de
1849 809 2131 896 suprascriptum
2155 809 2338 875 buttarum
2356 806 2396 874 in

545 975 633 1024 susu
654 974 719 1044 per
743 957 811 1043 ipsi
844 958 1013 1028 termines
1045 959 1168 1028 sabriti
1201 965 1237 1027 et
1270 959 1371 1031 indat
1392 963 1494 1048 parte
1517 959 1560 1028 de
1584 963 1708 1029 saneto
1732 957 1835 1028 selice
1859 977 1970 1046 usque
1994 959 2033 1026 in
2057 960 2175 1044 ipsum
2203 943 2349 1024 cantum
2372 976 2396 1025 a

545 1112 649 1194 parte
672 1107 715 1176 de
739 1113 861 1178 eetara
883 1109 926 1176 de
949 1111 1027 1196 ipsa
1050 1129 1233 1180 cammara
1256 1111 1413 1180 solarata
1435 1111 1474 1180 in
1497 1130 1581 1179 susu
1605 1130 1715 1198 usque
1740 1111 1778 1178 in
1801 1109 1911 1180 tallea
1934 1111 1977 1179 de
2001 1111 2077 1197 ipso
2101 1109 2180 1194 fleu,
2196 1107 2258 1174 ubi
2282 1107 2395 1176 batti·

547 1260 663 1328 vimus
686 1261 765 1347 ipsa
779 1279 896 1350 eruce,
919 1266 956 1331 et
979 1268 1018 1332 at
1041 1263 1140 1331 cuius
1163 1263 1272 1332 tallea
1294 1266 1348 1331 est
1371 1263 1523 1333 labritus
1548 1264 1623 1352 ipse
1646 1265 1877 1332 columnellus
1908 1267 1943 1333 et
1966 1264 2018 1331 sie
2048 1259 2223 1330 directum
2247 1259 2288 1327 in
2311 1276 2398 1326 susu

546 1432 611 1502 per
634 1415 704 1500 ipsi
727 1418 900 1484 termines
923 1417 1066 1503 fabriti,
1090 1419 1129 1485 in
1152 1419 1330 1504 quantum
1352 1422 1406 1485 est
1428 1417 1534 1487 vinea
1565 1438 1675 1506 usque
1702 1424 1740 1488 at
1764 1420 1842 1506 ipsa
1870 1419 1982 1504 silva,
2008 1420 2147 1486 etcum
2178 1414 2295 1502 ipsum
2318 1411 2395 1498 pal-

547 1571 709 1637 mentum
732 1573 767 1639 et
790 1536 958 1640 labellum
982 1569 1043 1657 qui
1068 1576 1122 1641 est
1145 1591 1167 1639 a
1190 1589 1300 1658 supra
1324 1570 1441 1659 ipsum
1465 1574 1664 1658 buttarum,
1680 1577 1715 1640 et
1731 1590 1812 1639 cum
1834 1571 1952 1658 ipsum
1973 1569 2121 1638 furnum
2143 1567 2203 1655 qui
2222 1570 2276 1634 est
2292 1567 2397 1634 iuxta

548 1719 629 1805 ipsa
651 1739 844 1808 cammara,
869 1721 958 1790 etin
982 1717 1102 1790 iusu'a
1125 1723 1249 1789 subtus
1272 1723 1351 1810 ipsa
1374 1741 1556 1794 cammara
1580 1723 1682 1793 indat
1706 1744 1819 1810 mare,
1844 1727 2018 1810 quantum
2041 1719 2201 1789 eontinet
2224 1723 2300 1788 tota
2316 1721 2396 1807 ipsa

440 1865 441 1868 ’
549 1873 710 1957 predicta
743 1893 946 1962 eammara,
970 1883 1005 1944 et
1027 1877 1185 1944 revolvet
1215 1876 1389 1964 angulum
1412 1879 1458 1945 ab
1482 1877 1557 1962 ipsu
1582 1880 1686 1946 canto
1709 1877 1752 1944 de
1777 1878 1858 1944 iusu
1890 1875 1991 1944 indat
2022 1873 2185 1962 partibus
2208 1872 2252 1942 de
2274 1879 2398 1943 eetara

548 2025 649 2110 passi
673 2027 874 2096 cammisali
897 2032 970 2095 tres
993 2031 1028 2095 et
1051 2025 1186 2114 palmos
1216 2029 1289 2094 tres
1312 2028 1422 2096 iustos
1445 2048 1509 2115 per
1532 2029 1730 2117 directum,
1761 2030 1854 2098 sieut
1878 2031 1954 2118 ipse
1978 2029 2167 2098 iamdictus
2189 2033 2318 2098 cantus
2340 2028 2400 2097 de·

547 2180 724 2248 monstrat
748 2197 858 2266 usque
883 2179 922 2245 in
944 2179 1021 2266 ipsa
1044 2181 1162 2266 sepale
1186 2179 1232 2248 da
1255 2199 1354 2250 mare
1377 2201 1457 2250 eum
1481 2181 1707 2252 medietatem
1730 2181 1775 2250 de
1798 2184 1876 2270 ipsa
1899 2181 2062 2269 predicta
2089 2200 2271 2252 eammara
2294 2185 2331 2251 et
2354 2179 2397 2248 de

552 2329 631 2416 ipsa
653 2351 738 2400 casa
761 2333 804 2402 de
827 2336 952 2402 subtus
974 2333 1188 2401 nominatim
1221 2335 1335 2420 ipsam
1366 2335 1615 2424 medietatem,
1646 2357 1715 2423 que
1739 2341 1793 2406 est
1816 2357 1839 2406 a
1861 2339 1964 2422 parte
1987 2334 2030 2401 de
2058 2335 2176 2420 ipsum
2201 2331 2400 2419 predictum

551 2486 748 2573 huttarum,
772 2489 826 2555 set
849 2505 964 2556 caune
988 2491 1024 2554 et
1046 2488 1203 2556 fructura
1226 2492 1263 2556 et
1285 2487 1405 2558 omnia
1429 2489 1526 2558 infra
1550 2508 1588 2556 se
1611 2488 1826 2559 haventibus
1851 2485 2000 2556 fecimus
2035 2487 2165 2555 exinde
2186 2484 2297 2555 aliam
2320 2502 2399 2573 por-

550 2638 699 2726 tionem,
723 2658 788 2708 nee
812 2657 884 2708 non
909 2644 945 2708 et
968 2641 1010 2708 de
1033 2641 1110 2727 ipso
1134 2640 1292 2725 alioqui
1316 2645 1369 2709 est
1392 2661 1414 2709 a
1437 2644 1541 2728 parte
1570 2639 1613 2710 de
1641 2645 1781 2728 cetara,
1811 2643 1989 2728 quantum
2012 2644 2066 2708 est
2088 2641 2134 2708 ab
2157 2637 2226 2726 ipsi
2249 2637 2400 2725 predicti

546 2793 752 2860 columnelli
776 2814 887 2880 usque
910 2795 949 2862 in
973 2796 1082 2864 finem
1105 2797 1149 2864 de
1173 2799 1296 2864 saneto
1319 2794 1422 2862 selice
1445 2797 1484 2862 at
1508 2798 1675 2881 caputet
1698 2813 1721 2862 a
1744 2793 1839 2862 latus
1862 2799 1898 2861 et
1921 2811 2033 2879 usque
2065 2795 2103 2861 at
2126 2793 2243 2878 ipsum
2267 2793 2400 2860 colum·

546 2947 687 3016 nellum
710 2949 746 3013 et
769 2947 808 3013 in
831 2947 913 3014 iusu
937 2965 1048 3032 usque
1071 2945 1110 3012 in
1134 2947 1213 3040 ipsa
1235 2925 1353 3033 sepale
1377 2946 1423 3016 da
1446 2965 1568 3033 mare,
1592 2964 1666 3014 una
1689 2963 1770 3013 eum
1793 2945 1910 3032 ipsum
1933 2944 2153 3031 palmentum
2176 2949 2212 3012 et
2235 2943 2408 3030 labellum⁴

547 3100 610 3185 qui
635 3101 689 3166 est
712 3099 865 3166 sabritus
889 3103 973 3167 ante
998 3099 1076 3185 ipsa
1100 3116 1184 3166 casa
1207 3098 1250 3166 de
1272 3101 1395 3166 subtus
1420 3098 1498 3186 ipsa
1523 3117 1721 3185 cammara,
1744 3101 1780 3166 et
1804 3117 1884 3166 eum
1908 3097 1987 3184 ipsa
2009 3098 2198 3166 cervinara
2221 3097 2265 3165 de
2289 3117 2398 3184 supra

548 3252 666 3337 ipsum
690 3250 889 3338 predictum
913 3251 1133 3338 pulmentum
1159 3256 1195 3320 et
1223 3249 1417 3338 lavellum,
1444 3268 1508 3320 nec
1537 3268 1608 3318 non
1635 3255 1671 3319 et
1697 3271 1779 3319 cum
1806 3251 1885 3340 ipsa
1907 3253 2085 3338 reliquam
2109 3251 2333 3321 medietatem
2355 3253 2398 3322 de

549 3403 630 3490 ipsa
653 3423 832 3473 cammara
855 3409 891 3472 et
915 3403 957 3471 de
982 3405 1061 3492 ipsa
1083 3423 1167 3472 casa
1190 3403 1233 3470 de
1255 3406 1378 3472 subtus
1401 3404 1616 3473 nominatim
1642 3405 1718 3491 ipsu
1734 3403 1797 3490 qui
1813 3408 1867 3472 θεῖ
1882 3424 1905 3472 a
1920 3409 2021 3490 parte
2037 3404 2081 3472 de
2097 3408 2233 3489 cetera,
2257 3409 2293 3472 et
2315 3423 2396 3472 eum

549 3575 665 3626 caune
688 3559 724 3625 et
747 3557 908 3626 fructura
931 3560 968 3624 et
991 3559 1112 3628 omnia
1135 3557 1232 3627 infra
1254 3577 1292 3626 se
1315 3558 1529 3626 haventibus
1551 3557 1698 3624 lecimus
1720 3555 1851 3625 exinde
1874 3555 1985 3625 aliam
2001 3556 2210 3643 portionem:
2236 3557 2314 3643 ipse
2336 3575 2400 3642 pa·

550 3710 665 3797 rietiS,
690 3709 751 3796 qui
774 3715 878 3779 venet
901 3727 964 3797 per
988 3710 1105 3779 media
1129 3712 1208 3797 ipsa
1230 3729 1411 3780 cammara
1435 3713 1471 3777 et
1494 3709 1696 3796 permedia
1726 3710 1805 3796 ipsa
1834 3728 1919 3778 casa
1949 3710 1993 3778 de
2017 3712 2142 3778 subtus
2173 3712 2277 3780 ambe
2300 3711 2396 3796 parti

552 3841 674 3931 mittat
697 3863 775 3949 ipsa
797 3867 896 3932 terra
918 3881 1026 3949 quam
1049 3862 1191 3948 prindet
1213 3861 1288 3949 ipse
1311 3861 1486 3950 parietiS,
1509 3865 1545 3930 et
1568 3863 1671 3930 ambe
1693 3861 1790 3948 parti
1822 3860 1924 3928 illum
1947 3861 2099 3931 fabricet
2122 3866 2266 3932 eterra
2289 3879 2402 3950 usque

551 4034 661 4102 susu,
686 4015 743 4083 vie
766 4034 850 4083 vere
872 4020 945 4084 tute
968 4020 1041 4085 tres
1063 4014 1237 4103 portionis
1259 4017 1389 4085 haveat
1412 4036 1434 4084 a
1460 4033 1560 4084 mare
1586 4031 1649 4102 per
1676 4033 1743 4084 sua
1770 4033 1876 4085 causa
1899 4015 2001 4084 indat
2023 4015 2102 4102 ipsa
2124 4017 2275 4084 fontana
2300 4018 2338 4082 et
2359 4019 2398 4084 at

551 4165 633 4256 ipsa
655 4169 818 4256 ecelesia,
844 4171 880 4236 et
901 4169 964 4236 ubi
986 4186 1136 4254 pergere
1159 4167 1323 4254 voluerit,
1347 4169 1477 4236 haveat
1500 4169 1597 4236 viam
1620 4167 1699 4256 ipsa
1722 4187 1806 4254 pars
1829 4189 1852 4237 a
1876 4169 2030 4256 salerno,
2053 4171 2090 4237 et
2113 4168 2192 4254 ipsa
2215 4168 2258 4235 de
2280 4165 2399 4236 media

553 4309 631 4392 luca
657 4342 720 4410 per
741 4321 819 4410 ipsa
840 4321 1038 4409 portionem
1061 4324 1123 4409 qui
1152 4327 1206 4390 est
1231 4342 1254 4390 a
1279 4325 1381 4408 parte
1408 4322 1451 4389 de
1479 4323 1602 4391 setara
1625 4340 1687 4409 per
1712 4319 1830 4408 ipsum
1852 4319 2063 4405 cancellum,
2079 4320 2243 4389 similiter
2267 4325 2303 4388 et
2327 4320 2398 4388 ista

551 4478 668 4564 portio
690 4481 821 4548 haveat
844 4480 939 4549 viam
962 4498 1025 4566 per
1049 4479 1127 4567 ipsa
1143 4477 1343 4566 portionem
1370 4477 1414 4544 de
1440 4476 1559 4544 media
1582 4477 1671 4561 loca,
1699 4477 1736 4543 et
1763 4492 1826 4562 per
1853 4473 1930 4560 ipsa
1956 4473 2154 4558 portionem
2183 4493 2206 4542 a
2227 4479 2331 4560 parte
2353 4474 2397 4542 de

554 4631 719 4719 salerne,
743 4633 773 4700 si
795 4633 947 4700 voluerit
969 4651 1143 4719 pergere,
1166 4630 1268 4700 indat
1290 4630 1455 4716 partibus
1477 4628 1520 4697 de
1543 4627 1697 4713 salern03
1725 4629 1762 4694 et
1787 4626 1856 4695 iste
1879 4624 2037 4712 predicte
2066 4625 2148 4710 vie,
2172 4643 2281 4710 quam
2303 4625 2401 4694 dixi-

554 4804 635 4852 mus
658 4787 810 4870 havere,
835 4787 967 4853 haveat
990 4783 1051 4853 ille
1073 4789 1147 4852 tete
1170 4783 1238 4851 iste
1270 4779 1512 4868 suprascripte
1544 4777 1719 4866 portionis
1750 4797 1832 4846 eum
1865 4777 1985 4846 omnia
2008 4795 2077 4863 que
2100 4777 2300 4863 voluerint,
2323 4778 2401 4846 sine

555 4937 728 5007 damnum
751 4937 951 5007 laciendum
976 4939 1037 5025 qui
1060 4936 1184 5006 tulerit
1207 4937 1324 5022 ipsum
1347 4936 1545 5019 buttarum,
1563 4933 1594 4999 si
1611 4930 1763 5018 voluerit
1778 4930 1954 5000 fabricare
1969 4929 2146 4998 solareum
2162 4949 2271 5018 supra
2287 4932 2402 5018 ipsum

447 5109 450 5117 ·
559 5095 756 5180 astragum,
780 5093 991 5178 potestatem
1014 5091 1165 5175 haveat3
1190 5088 1270 5175 ipsa
1293 5087 1409 5172 portio
1433 5085 1475 5153 de
1498 5083 1616 5152 media
1647 5083 1723 5152 loca
1745 5083 1808 5168 qui
1831 5087 1885 5151 est
1908 5102 1931 5152 a
1954 5083 2079 5151 subtus
2102 5085 2182 5169 ipsa
2204 5100 2401 5169 cammara,

558 5246 691 5316 haveat
714 5245 811 5313 viam
834 5245 921 5312 ante
945 5242 1058 5329 ipsam
1081 5238 1220 5326 regiam
1243 5238 1286 5305 de
1309 5238 1387 5324 ipsa
1409 5255 1493 5308 casa
1516 5236 1559 5305 de
1584 5238 1710 5304 subtus
1733 5236 1812 5322 ipsa
1834 5253 2018 5304 cammara
2039 5239 2078 5304 at
2102 5235 2180 5322 ipsa
2202 5235 2404 5322 portionem

557 5417 662 5470 suam
684 5399 727 5467 de
750 5415 859 5484 supra
883 5397 962 5483 ipsa
986 5412 1168 5464 cammara
1190 5397 1225 5460 et
1248 5395 1287 5462 at
1310 5389 1389 5477 ipsa
1412 5391 1609 5478 portionem
1631 5407 1733 5458 suam
1756 5387 1799 5454 de
1824 5388 1904 5474 ipsa
1926 5377 2176 5474 cammara3'et
2192 5387 2272 5474 ipsa
2287 5386 2404 5474 portio

560 5554 624 5642 qui
648 5558 701 5622 est
724 5573 747 5622 a
769 5557 871 5640 parte
895 5552 938 5619 de
962 5552 1077 5636 ipsum
1100 5545 1315 5633 cancellum,
1338 5548 1469 5615 haveat
1490 5544 1587 5632 viam
1610 5561 1673 5631 per
1696 5560 1761 5611 sua
1782 5561 1890 5612 causa
1912 5545 1949 5610 et
1972 5542 2051 5629 ipsa
2073 5540 2276 5629 portionem
2298 5558 2403 5610 suam

562 5705 607 5774 de
631 5705 710 5794 ipsa
733 5723 916 5774 cammara
941 5706 977 5770 et
999 5718 1062 5788 per
1085 5716 1193 5767 causa
1215 5698 1258 5765 de
1281 5695 1359 5784 ipsa
1381 5692 1579 5782 portionem
1602 5693 1645 5762 de
1668 5693 1891 5782 mediamna,
1914 5691 1974 5762 hic
1997 5711 2080 5763 vero
2095 5693 2138 5762 de
2154 5694 2271 5780 ipsum
2294 5709 2410 5780 angu-

562 5859 637 5926 lum
660 5857 753 5945 quod
776 5856 861 5926 lacit
885 5856 963 5942 ipsa
986 5827 1184 5940 portionem
1208 5851 1251 5920 de
1276 5846 1394 5917 media
1418 5846 1507 5932 loca,
1532 5844 1634 5915 indat
1657 5846 1771 5934 ipsum
1794 5844 2005 5934 cancellum,
2034 5846 2161 5915 melius
2172 5843 2408 5930 reelaramus,
