5310 7080
1004 555 1412 629 [llPLOMA'llCUS

1056 1019 1340 1104 DCXVIII.

1055 1282 1110 1358 Α.
1138 1279 1189 1357 n.
1218 1241 1378 1359 1ooa'

321 1515 355 1655 †
384 1569 424 1634 ln
449 1568 594 1636 nomine
618 1567 752 1638 domini
777 1567 959 1636 vicesimo
982 1570 1097 1656 primo
1122 1589 1217 1638 anno
1233 1572 1457 1658 principatus
1473 1571 1608 1642 salerni
1632 1570 1751 1640 domni
1776 1572 1891 1644 nostri
1912 1572 2132 1658 Guaimarii,

278 1725 323 1790 ut
345 1721 461 1808 primo
478 1739 574 1791 anno
589 1722 816 1809 principatus
831 1722 908 1791 eius
923 1743 1049 1812 capue,
1066 1725 1219 1812 glorioso
1234 1725 1413 1812 princeps²
1430 1743 1551 1794 mense
1568 1727 1737 1812 martina,
1753 1726 1903 1813 septima
1919 1725 2129 1796 indictione.

278 1880 350 1966 ligo
375 1875 597 1946 landenolsus
622 1895 738 1944 comes
761 1877 857 1945 lilius
880 1879 1056 1964 quondam
1082 1879 1240 1948 ademari
1264 1878 1403 1948 comitis
1426 1879 1598 1965 clarifico,
1614 1881 1785 1965 quoniam
1807 1880 2048 1966 pertinentem
2072 1883 2127 1948 est

276 2030 386 2097 michi
413 2047 487 2098 una
510 2030 612 2115 pecia
636 2028 678 2098 de
702 2035 800 2098 terra
823 2049 905 2098 cum
928 2033 1115 2100 arbustum
1140 2034 1177 2100 in
1201 2037 1321 2100 actum
1344 2034 1605 2120 mitilianense,
1620 2034 1680 2100 ubi
1707 2036 1805 2101 terra
1820 2033 1959 2120 gustini
1975 2031 2134 2118 dicitur,

275 2203 344 2269 que
368 2187 421 2250 est
442 2201 506 2268 per
528 2186 594 2252 hec
618 2183 701 2252 finis
724 2189 760 2252 et
783 2182 995 2252 mensuriis:
1020 2185 1052 2252 A
1074 2203 1157 2271 pars
1180 2187 1283 2272 qnasi
1308 2188 1573 2273 septemtrionis
1590 2189 1660 2256 fine
1678 2187 1751 2274 via,
1769 2187 1851 2256 inde
1867 2187 1962 2274 passi
1979 2191 2128 2274 septua-

276 2339 382 2422 ginta
404 2337 491 2405 duo:
517 2339 548 2404 A
571 2356 656 2424 pars
679 2337 782 2424 quasi
799 2337 948 2406 orientis
965 2343 1049 2406 sunt
1064 2341 1160 2425 passi
1177 2341 1368 2428 sexaginta
1384 2342 1471 2409 duo:
1490 2343 1521 2409 A
1536 2362 1621 2428 pars
1636 2341 1738 2429 quasi
1756 2341 1918 2410 meridiei
1934 2345 2019 2408 sunt
2035 2343 2132 2427 passi

277 2491 546 2576 quinquaginta
570 2493 757 2576 quattuor:
784 2491 814 2556 A
838 2509 921 2576 pars
945 2491 1048 2577 quasi
1073 2493 1266 2563 occidentis
1290 2497 1360 2564 rinc
1384 2481 1500 2564 medio
1535 2496 1698 2582 vallone,
1728 2496 1811 2564 inde
1845 2496 1942 2581 passi
1974 2493 2129 2580 quadra-

276 2641 384 2728 ginta
408 2648 495 2730 treS,
521 2649 633 2712 lotum
658 2648 906 2712 mensuratum
930 2644 975 2712 ad
998 2645 1093 2712 iusto
1116 2667 1281 2736 passum3
1304 2653 1349 2718 Et
1373 2670 1571 2739 congruum
1595 2657 1649 2720 est
1671 2650 1781 2720 michi
1798 2652 1944 2738 integra
1967 2651 2048 2737 ipsa
2072 2667 2133 2717 su·

279 2796 478 2882 prescripta
501 2801 599 2864 terra
622 2815 704 2862 cum
729 2798 917 2864 arbustum
941 2801 978 2865 et
1002 2797 1180 2884 aliquanti
1196 2803 1374 2872 castaneis
1390 2824 1453 2891 pro
1470 2825 1591 2874 amore
1608 2806 1840 2891 omnipotenti
1859 2804 1923 2870 deo
1939 2808 1975 2870 et
1991 2821 2056 2889 pro
2072 2821 2127 2868 re·

277 2951 480 3038 demptione
496 2959 532 3020 et
548 2952 675 3022 salutis
691 2953 812 3020 anime
828 2971 903 3020 mee
919 2953 1005 3048 darc
1029 2960 1065 3023 et
1079 2958 1291 3026 confirmare
1307 2959 1345 3025 in
1362 2961 1576 3029 monasterio
1594 2959 1793 3046 puellarum
1808 2960 1923 3027 sancti
1942 2958 2129 3026 michaelis

276 3108 311 3170 et
334 3107 452 3174 sancti
477 3105 632 3191 stefani,
656 3106 749 3191 quod
771 3111 987 3175 costructum
1010 3113 1064 3175 est
1088 3107 1186 3176 intus
1209 3112 1303 3178 hanc
1326 3111 1588 3180 salernitanam
1611 3109 1795 3180 cibitatem
1820 3111 1866 3178 ad
1898 3114 2017 3176 ortum
2049 3129 2125 3176 ma-

274 3277 399 3346 gnum,
423 3261 462 3325 ln
489 3279 559 3346 quo
582 3277 679 3327 nunc
702 3260 831 3328 domna
855 3259 1048 3347 sikelgaita
1071 3261 1253 3330 abbatissa
1276 3267 1407 3349 preest.
1432 3265 1477 3330 Et
1499 3263 1577 3330 Ideo
1600 3283 1666 3350 ego
1689 3263 1872 3349 predictus
1897 3262 2123 3330 landenolsus

275 3430 407 3499 comes,
430 3412 523 3479 sicut
546 3413 636 3480 mihi
662 3417 784 3500 aptum
808 3419 875 3500 est,
900 3433 963 3500 per
988 3416 1081 3482 hanc
1105 3418 1242 3483 cartam
1265 3419 1350 3482 ante
1374 3417 1483 3482 testes
1506 3416 1618 3500 optuli
1634 3417 1670 3516 et
1685 3414 1764 3482 dedi
1782 3415 1846 3480 deo
1862 3419 1897 3482 et
1913 3414 1950 3481 in
1968 3413 2126 3500 predicto

275 3569 490 3635 monasterio
513 3569 657 3654 integra
681 3569 759 3654 ipsa
782 3567 1029 3655 suprascripta
1046 3569 1147 3655 pecie
1164 3567 1207 3634 de
1222 3569 1328 3634 rebus
1344 3586 1407 3654 per
1424 3567 1649 3652 supradictas
1665 3567 1754 3634 fines
1770 3571 1806 3634 et
1822 3585 2024 3652 mensuras,
2042 3586 2124 3635 cum

274 3719 394 3790 omnia
419 3723 515 3790 intro
538 3741 575 3789 se
599 3724 771 3790 habentes
793 3723 1026 3809 omnibusque
1050 3723 1125 3789 suis
1149 3719 1389 3808 pertinentiis
1412 3724 1448 3788 et
1471 3738 1552 3786 cum
1578 3718 1656 3787 vice
1684 3720 1727 3788 de
1752 3719 1830 3806 ipsa
1849 3719 1920 3806 via,
1944 3719 2126 3787 securiter

274 3871 397 3938 amodo
420 3877 457 3940 et
480 3891 617 3960 semper
642 3881 781 3962 partem
803 3874 956 3962 predicti
980 3873 1191 3943 monasterii
1207 3873 1352 3960 eiusque
1368 3876 1523 3941 rectores
1540 3873 1622 3940 illut
1637 3872 1830 3956 abendum,
1847 3878 1883 3940 et
1898 3873 2020 3941 omnia
2036 3872 2120 3942 inde

274 4025 471 4094 laciendum
493 4031 634 4114 partem
656 4029 808 4116 predicti
831 4029 1039 4100 monasterii
1063 4029 1155 4116 quod
1179 4027 1346 4114 voluerit,
1370 4027 1449 4094 sine
1472 4025 1619 4094 cuilibet
1641 4026 1899 4094 contrarietate
1924 4025 1981 4093 vel
1998 4025 2124 4112 requi-

274 4177 413 4249 sitione.
437 4181 536 4250 Unde
559 4201 623 4268 per
646 4183 944 4252 combenicntiam
968 4181 1128 4270 obligavi
1152 4184 1267 4250 meet
1291 4181 1380 4250 meis
1402 4183 1567 4250 eredibus
1584 4180 1710 4250 amodo
1725 4185 1761 4248 et
1776 4197 1915 4267 semper
1932 4179 2121 4250 defensan-

274 4334 356 4401 dum
380 4335 425 4402 ad
449 4339 587 4421 partem
610 4334 762 4422 predicti
786 4337 994 4403 monasterii
1017 4335 1164 4422 eiusque
1187 4340 1343 4404 rectores
1367 4337 1545 4424 integram
1563 4334 1640 4421 ipsa
1656 4333 1901 4420 suprascripta
1918 4333 2023 4399 rebus
2040 4351 2122 4401 cum

273 4493 354 4560 vice
377 4491 421 4560 de
443 4493 522 4579 ipsa
547 4490 608 4560 via
631 4493 678 4561 ab
701 4492 865 4559 omnibus
887 4491 1112 4578 hominibus3
1136 4493 1180 4561 Et
1202 4494 1234 4561 si
1257 4489 1380 4561 taliter
1404 4495 1468 4560 cte.
1492 4493 1641 4560 Statutu
1662 4491 1778 4558 rnatu
1800 4493 1943 4559 centurn
1959 4491 2047 4557 aura'
2072 4505 2138 4556 so·

208 4617 212 4624 ⁵
273 4649 429 4714 lidorum
443 4650 831 4716 constantinianorutnt.
848 4649 959 4724 Quam
976 4651 1011 4714 te
1027 4646 1232 4714 romualdus
1249 4647 1414 4714 notarius
1430 4645 1585 4712 scribere
1603 4644 1808 4730 rogabimus
1825 4647 1948 4712 actum
1965 4642 2123 4711 salerno.

319 4773 348 4888 †
374 4801 449 4888 Ego
473 4803 535 4886 qui
558 4819 669 4886 supra
691 4798 912 4868 landonolfus
937 4816 1054 4867 comes

318 4926 349 5042 †
374 4956 449 5041 Ego
474 4953 631 5022 ademari
656 4952 819 5021 notarius
842 4971 897 5020 me
921 4951 1117 5036 subscripsi

318 5080 348 5196 †
374 5109 449 5194 Ego
472 5111 646 5178 lohannes
668 5107 831 5177 notarius
854 5127 909 5175 me
934 5103 1143 5191 subscripsi.
