5310 7080
620 563 684 632 118
1261 565 1434 637 GODEX
1468 565 1733 638 cavensis

567 781 816 854 clarefecimus
840 789 946 857 abere
969 804 1117 857 comune
1140 807 1220 855 curn
1242 789 1405 876 germani
1435 791 1504 858 mei
1534 807 1607 858 una
1638 787 1739 876 pecia
1762 787 1805 856 de
1828 793 1927 854 terra
1950 803 2031 852 cum
2055 784 2162 854 binae
2187 787 2223 852 et
2247 786 2410 854 bacibum

568 954 640 1004 uno
665 938 823 1008 teniente
847 942 885 1008 in
910 940 1026 1008 locum
1050 942 1258 1012 betramum
1280 942 1524 1011 mitilianense
1555 940 1688 1010 linibus
1711 957 1775 1026 per
1798 957 1838 1008 ec
1862 936 1945 1007 linis
1969 941 2005 1006 et
2028 934 2234 1007 mensoria:
2261 937 2307 1005 da
2332 956 2412 1023 pars

568 1090 720 1160 orientis
742 1093 812 1160 line
837 1091 896 1162 bia
919 1093 980 1179 qui
1005 1093 1105 1162 modo
1129 1113 1166 1162 se
1189 1094 1321 1182 andad,
1348 1093 1431 1163 inde
1457 1099 1541 1162 sunt
1568 1113 1631 1181 per
1658 1093 1811 1162 latitudo
1827 1093 1922 1178 passi
1938 1091 2144 1161 duodecim:
2170 1110 2233 1178 per
2258 1092 2407 1161 latitudo

568 1263 590 1312 a
616 1245 872 1330 septentrionis
895 1244 966 1312 fine
991 1243 1139 1314 iohanni
1164 1243 1229 1312 filii
1254 1245 1432 1331 quondam
1449 1245 1619 1315 iohanni:
1647 1266 1669 1314 a
1691 1249 1794 1332 parte
1817 1243 1999 1313 occidente
2022 1245 2092 1311 fine
2116 1245 2177 1313 bia
2200 1246 2303 1332 caba,
2328 1244 2406 1314 inde

568 1401 656 1463 sunt
678 1414 741 1482 per
765 1395 916 1466 latitudo
939 1398 1034 1484 passi
1059 1397 1191 1484 biginti
1214 1397 1413 1484 quadtuor:
1448 1417 1470 1466 a
1493 1397 1642 1467 meridie
1665 1397 1737 1465 fine
1760 1398 1803 1465 de
1826 1397 2049 1465 consortibus
2073 1395 2208 1463 nostris
2230 1394 2411 1481 longitudo

567 1567 653 1616 vero
677 1553 854 1636 quantum
878 1555 931 1618 est
954 1550 1000 1619 da
1024 1552 1103 1638 ipsa
1127 1550 1187 1620 bia
1210 1551 1255 1619 da
1278 1569 1362 1637 pars
1386 1550 1534 1620 orientis
1550 1555 1586 1620 et
1602 1569 1712 1638 usque
1729 1553 1808 1638 ipsa
1824 1551 1923 1620 halia
1947 1550 2007 1619 bia
2030 1551 2075 1619 da
2098 1567 2183 1636 pars
2207 1549 2409 1617 occidentis:

570 1703 670 1773 inira
696 1704 773 1790 ipse
797 1705 879 1770 finis
903 1709 938 1772 et
960 1705 1141 1772 mensurio
1165 1704 1253 1772 mihi
1277 1711 1332 1772 est
1353 1705 1556 1792 pertinente
1571 1724 1644 1775 una
1667 1710 1835 1792 quartam
1857 1711 2007 1792 partem,
2031 1709 2144 1772 totum
2168 1705 2410 1772 mensuratum

566 1855 611 1924 ad
634 1855 726 1924 iusto
751 1873 894 1942 passum
918 1855 1066 1923 homini.
1097 1859 1197 1924 Nunc
1221 1861 1342 1924 autem
1365 1855 1564 1943 congruum
1587 1861 1641 1924 est
1656 1855 1747 1923 mihi
1774 1855 1940 1925 iamdicto
1965 1857 2115 1924 iohanni
2140 1856 2219 1942 ipsa
2242 1874 2320 1924 mea
2337 1871 2409 1921 sor-

571 2012 705 2078 tionem
730 2011 947 2078 venumdare
972 2011 1085 2098 ipsius
1109 2011 1275 2096 iohanni;
1301 2015 1336 2078 et
1360 2010 1451 2097 iden,
1468 2010 1561 2078 sicut
1577 2008 1665 2078 mihi
1683 2027 1881 2096 congruum
1905 2015 1971 2094 est,
1996 2028 2076 2079 mea
2100 2009 2329 2077 bolumtatem
2353 2025 2414 2094 per

567 2166 661 2232 hanc
687 2161 866 2232 cartulam
890 2165 1181 2232 venumdedimus
1206 2165 1321 2250 adque
1344 2164 1389 2234 ad
1405 2181 1542 2249 semper
1558 2163 1760 2232 habendum
1785 2163 1954 2229 confirmo
1978 2161 2044 2230 tibi
2069 2160 2237 2230 iamdicto
2261 2161 2410 2230 iohanni

569 2318 698 2386 inclita
724 2319 804 2403 ipsa
827 2321 995 2402 quartam
1020 2323 1158 2403 partem
1190 2318 1232 2385 de
1255 2321 1331 2386 tota
1361 2315 1607 2404 suprascripta
1638 2317 1743 2382 rebus
1765 2315 1858 2400 quod
1889 2321 1942 2383 est
1964 2335 2043 2384 mea
2074 2315 2291 2402 sortionem,
2315 2315 2408 2382 unde

568 2471 706 2539 nullam
729 2473 845 2556 nobie,
863 2489 927 2537 nec
944 2471 1110 2554 cuiquam
1133 2467 1324 2555 ominibus,
1348 2469 1403 2534 vel
1420 2469 1524 2535 uxori
1540 2487 1630 2553 mee,
1647 2472 1711 2536 aut
1734 2469 1772 2534 in
1795 2467 1924 2554 quabis
1947 2461 2111 2554 partibus
2134 2469 2177 2536 de
2201 2470 2280 2556 ipsa
2304 2488 2410 2556 quar-

552 2631 640 2694 tam
664 2631 802 2711 partem
819 2623 949 2692 exinde
965 2621 1114 2708 restitit,
1130 2627 1193 2689 aut
1212 2623 1364 2689 dicimus
1381 2641 1565 2691 remanere
1583 2623 1785 2710 sectionem,
1802 2625 1856 2692 set
1872 2623 1998 2692 inclita
2022 2625 2100 2711 ipsa
2123 2645 2203 2694 mea
2227 2630 2320 2694 sorte
2345 2627 2410 2692 tibi

562 2779 775 2847 venumdedi
803 2797 884 2844 cum
907 2775 1027 2844 omnia
1051 2775 1147 2844 inira
1171 2795 1208 2842 so
1224 2775 1412 2843 abentibus
1428 2776 1661 2863 omnibusque
1678 2776 1752 2844 suis
1769 2777 2011 2864 pertinentiis
2034 2783 2164 2847 etcum
2181 2779 2259 2847 biee
2282 2779 2325 2847 de
2354 2780 2413 2846 bia

566 2952 657 3018 sua,
683 2932 727 3000 ad
753 2933 925 2999 securiter
949 2936 983 2997 et
1008 2931 1160 2998 firmiter
1184 2929 1307 2998 amodo
1330 2935 1365 2997 et
1388 2949 1524 3014 semper
1553 2935 1592 2997 tu
1616 2930 1757 3014 tuisque
1781 2928 1944 2998 eredibus
1969 2931 2051 2999 illut
2074 2931 2278 3018 abendum,
2302 2931 2415 3000 domi-

564 3087 747 3172 nandum,
773 3082 1020 3180 possidendum
1043 3089 1079 3151 ot
1100 3083 1220 3151 omnia
1244 3081 1373 3151 exinde
1404 3084 1605 3152 faciendum
1636 3085 1728 3169 quod
1756 3083 1964 3170 volueritn,
1990 3087 2124 3172 absque
2147 3086 2404 3170 cuiuscumque

564 3239 857 3306 contrarietatem
882 3236 936 3302 vel
959 3233 1203 3320 requisitione.
1229 3239 1265 3302 et
1288 3251 1352 3319 pro
1375 3235 1657 3305 confirmandam
1680 3241 1715 3302 et
1738 3236 2029 3306 stabiliscendam
2054 3239 2259 3323 supradicta
2284 3243 2408 3306 nostra

563 3389 778 3458 vindictione
803 3411 825 3458 a
848 3389 1022 3476 presentis
1046 3389 1181 3474 recepit
1204 3409 1226 3457 a
1245 3393 1277 3455 te
1293 3389 1470 3472 quadtuor
1486 3389 1566 3456 auri
1587 3389 1658 3457 tari
1675 3390 1756 3456 boni
1773 3387 1930 3476 pesanti,
1947 3392 2041 3460 sicut
2067 3391 2161 3458 inter
2187 3391 2289 3458 nobis
2313 3412 2409 3460 com-

565 3545 663 3612 benit
687 3545 725 3610 in
748 3541 861 3611 omnis
884 3541 1154 3632 deliberatione,
1178 3541 1350 3627 finitoque
1374 3543 1527 3626 pretium
1551 3544 1667 3628 ipsum
1691 3549 1777 3631 aput
1801 3563 1875 3612 nos.
1902 3545 1944 3612 de
1968 3563 2040 3631 qua
2063 3563 2125 3631 per
2151 3549 2244 3613 bona
2267 3549 2408 3614 combe-

568 3696 708 3766 nientia
732 3696 867 3784 guadia
884 3698 950 3763 tibi
968 3697 1047 3764 dedi
1063 3699 1098 3762 et
1115 3665 1345 3762 mediatorem
1361 3693 1427 3761 tibi
1445 3695 1562 3780 posuit
1577 3696 1763 3782 meipsum,
1787 3701 1822 3762 et
1837 3715 1900 3782 per
1917 3695 1994 3783 ipsa
2010 3699 2145 3784 guadia
2168 3704 2233 3766 etc.
2259 3699 2411 3767 starum

570 3855 685 3919 artuum
709 3854 840 3937 cu'qinti
865 3854 951 3918 auri
974 3850 1168 3918 solidorum
1189 3850 1575 3918 constantinienorrun.
1607 3855 1643 3918 et
1672 3851 1811 3936 quando
1840 3852 2039 3939 volueritiS,
2067 3853 2142 3921 uice
2167 3859 2289 3923 nostra
2312 3859 2411 3942 pote-

569 4010 696 4074 statem
722 4004 860 4074 abeatis
885 4006 923 4071 in
947 4004 1111 4070 omnibus
1135 4004 1217 4071 inde
1242 4007 1324 4070 exet
1347 4005 1511 4072 autorem
1534 4008 1570 4070 et
1592 4003 1833 4092 defensorem,
1857 4025 1937 4074 cum
1960 4006 2065 4092 quale
2089 4007 2270 4076 monimen
2294 4014 2330 4078 et
2355 4029 2410 4078 ra·

569 4159 668 4229 tione
693 4158 776 4226 inde
801 4153 989 4242 abueritis,
1015 4155 1171 4241 qualiter
1196 4153 1395 4242 volueritis3
1412 4158 1462 4242 et,
1479 4154 1571 4222 sicut
1587 4155 1757 4244 diximuS,
1774 4159 1821 4225 ab
1844 4158 1980 4226 oriente
2004 4161 2059 4227 eet
2082 4179 2145 4247 per
2168 4161 2319 4231 latitudo
2344 4163 2412 4250 ipsi

568 4313 753 4384 duodecim
778 4313 900 4400 passi,
926 4317 961 4381 et
984 4313 1030 4380 da
1054 4331 1138 4398 pars
1162 4310 1378 4394 occidentis,
1404 4310 1496 4377 sicut
1520 4309 1695 4395 diximus,
1719 4329 1781 4398 per
1807 4311 1959 4380 latitudo
1984 4313 2051 4401 ipsi
2079 4313 2209 4402 biginti
2234 4318 2412 4402 quadtuor

568 4470 678 4554 passi.
707 4473 742 4536 et
765 4467 886 4537 taliter
911 4467 1068 4536 scribere
1092 4467 1298 4553 rogabimus
1322 4469 1356 4532 te
1380 4464 1552 4536 iohannes
1575 4463 1751 4551 notarius,
1777 4465 1924 4533 hactum
1947 4467 2099 4536 salerno.

614 4595 644 4710 †
668 4623 743 4708 Ego
767 4622 961 4689 roderisius

615 4749 645 4864 †
673 4777 747 4861 Ego
770 4775 953 4860 laquintus
977 4775 1148 4842 notarius
