<?xml version="1.0" encoding="UTF-8"?>
<!DOCTYPE html PUBLIC "-//W3C//DTD XHTML 1.0 Transitional//EN"
    "http://www.w3.org/TR/xhtml1/DTD/xhtml1-transitional.dtd">
<html xmlns="http://www.w3.org/1999/xhtml" xml:lang="en" lang="en">
 <head>
  <title>
</title>
<meta http-equiv="Content-Type" content="text/html;charset=utf-8" />
  <meta name='ocr-system' content='tesseract 3.04.00' />
  <meta name='ocr-capabilities' content='ocr_page ocr_carea ocr_par ocr_line ocrx_word'/>
</head>
<body>
  <div class='ocr_page' id='page_1' title='image "./codexdiplomatic05aragoog_0111.png"; bbox 0 0 5310 7080; ppageno 0'>
   <div class='ocr_carea' id='block_1_1' title="bbox 624 527 1738 606">
    <p class='ocr_par' dir='ltr' id='par_1_1' title="bbox 624 527 1738 606">
     <span class='ocr_line' id='line_1_1' title="bbox 624 527 1738 606; baseline -0.003 2"><span class='ocrx_word' id='word_1_1' title='bbox 624 527 669 596; x_wconf 78' lang='lat'>70</span> <span class='ocrx_word' id='word_1_2' title='bbox 1262 532 1434 605; x_wconf 83' lang='lat' dir='ltr'><strong>CODEX</strong></span> <span class='ocrx_word' id='word_1_3' title='bbox 1469 533 1738 606; x_wconf 79' lang='lat' dir='ltr'><strong>CAVENSIS</strong></span> 
     </span>
    </p>
   </div>
   <div class='ocr_carea' id='block_1_2' title="bbox 569 755 2424 4518">
    <p class='ocr_par' dir='ltr' id='par_1_2' title="bbox 569 755 2424 4518">
     <span class='ocr_line' id='line_1_2' title="bbox 573 755 2424 845; baseline 0.003 -27"><span class='ocrx_word' id='word_1_4' title='bbox 573 757 610 819; x_wconf 94' lang='lat' dir='ltr'>et</span> <span class='ocrx_word' id='word_1_5' title='bbox 635 755 750 821; x_wconf 92' lang='lat' dir='ltr'>omnis</span> <span class='ocrx_word' id='word_1_6' title='bbox 775 761 893 822; x_wconf 89' lang='lat' dir='ltr'>nostre</span> <span class='ocrx_word' id='word_1_7' title='bbox 917 756 1057 825; x_wconf 86' lang='lat' dir='ltr'>utilitas</span> <span class='ocrx_word' id='word_1_8' title='bbox 1081 759 1212 826; x_wconf 81' lang='lat' dir='ltr'>ibidem</span> <span class='ocrx_word' id='word_1_9' title='bbox 1229 759 1359 845; x_wconf 81' lang='lat' dir='ltr'>tacere,</span> <span class='ocrx_word' id='word_1_10' title='bbox 1376 761 1468 828; x_wconf 89' lang='lat' dir='ltr'>sicut</span> <span class='ocrx_word' id='word_1_11' title='bbox 1483 757 1667 844; x_wconf 89' lang='lat' dir='ltr'>meruerit,</span> <span class='ocrx_word' id='word_1_12' title='bbox 1693 762 1728 826; x_wconf 91' lang='lat' dir='ltr'>et</span> <span class='ocrx_word' id='word_1_13' title='bbox 1749 761 1863 824; x_wconf 92' lang='lat' dir='ltr'>totum</span> <span class='ocrx_word' id='word_1_14' title='bbox 1878 755 1959 823; x_wconf 89' lang='lat' dir='ltr'>illut</span> <span class='ocrx_word' id='word_1_15' title='bbox 1983 774 2045 841; x_wconf 91' lang='lat' dir='ltr'>per</span> <span class='ocrx_word' id='word_1_16' title='bbox 2069 755 2144 841; x_wconf 90' lang='lat' dir='ltr'>ipse</span> <span class='ocrx_word' id='word_1_17' title='bbox 2167 755 2250 822; x_wconf 85' lang='lat' dir='ltr'>finis</span> <span class='ocrx_word' id='word_1_18' title='bbox 2273 761 2309 823; x_wconf 91' lang='lat' dir='ltr'>et</span> <span class='ocrx_word' id='word_1_19' title='bbox 2327 775 2424 824; x_wconf 91' lang='lat' dir='ltr'>men-</span> 
     </span>
     <span class='ocr_line' id='line_1_3' title="bbox 573 907 2423 997; baseline 0.003 -25"><span class='ocrx_word' id='word_1_20' title='bbox 573 907 674 973; x_wconf 86' lang='lat' dir='ltr'>surie</span> <span class='ocrx_word' id='word_1_21' title='bbox 698 913 887 993; x_wconf 89' lang='lat' dir='ltr'>pastenare</span> <span class='ocrx_word' id='word_1_22' title='bbox 912 913 1057 978; x_wconf 89' lang='lat' dir='ltr'>arbores</span> <span class='ocrx_word' id='word_1_23' title='bbox 1081 914 1116 977; x_wconf 91' lang='lat' dir='ltr'>et</span> <span class='ocrx_word' id='word_1_24' title='bbox 1141 911 1230 978; x_wconf 89' lang='lat' dir='ltr'>bites</span> <span class='ocrx_word' id='word_1_25' title='bbox 1254 911 1296 978; x_wconf 91' lang='lat' dir='ltr'>de</span> <span class='ocrx_word' id='word_1_26' title='bbox 1327 914 1415 979; x_wconf 92' lang='lat' dir='ltr'>bono</span> <span class='ocrx_word' id='word_1_27' title='bbox 1440 912 1587 997; x_wconf 85' lang='lat' dir='ltr'>bitine03</span> <span class='ocrx_word' id='word_1_28' title='bbox 1620 917 1656 980; x_wconf 92' lang='lat' dir='ltr'>et</span> <span class='ocrx_word' id='word_1_29' title='bbox 1687 912 1730 978; x_wconf 93' lang='lat' dir='ltr'>de</span> <span class='ocrx_word' id='word_1_30' title='bbox 1760 913 1932 996; x_wconf 89' lang='lat' dir='ltr'>quantum</span> <span class='ocrx_word' id='word_1_31' title='bbox 1956 909 2081 975; x_wconf 90' lang='lat' dir='ltr'>vinum</span> <span class='ocrx_word' id='word_1_32' title='bbox 2104 910 2228 976; x_wconf 88' lang='lat' dir='ltr'>amodo</span> <span class='ocrx_word' id='word_1_33' title='bbox 2251 913 2287 975; x_wconf 91' lang='lat' dir='ltr'>et</span> <span class='ocrx_word' id='word_1_34' title='bbox 2310 927 2423 994; x_wconf 90' lang='lat' dir='ltr'>usque</span> 
     </span>
     <span class='ocr_line' id='line_1_4' title="bbox 575 1059 2419 1150; baseline 0.002 -24"><span class='ocrx_word' id='word_1_35' title='bbox 575 1060 644 1144; x_wconf 90' lang='lat' dir='ltr'>ipsi</span> <span class='ocrx_word' id='word_1_36' title='bbox 670 1059 789 1126; x_wconf 89' lang='lat' dir='ltr'>decem</span> <span class='ocrx_word' id='word_1_37' title='bbox 812 1063 897 1129; x_wconf 89' lang='lat' dir='ltr'>anni</span> <span class='ocrx_word' id='word_1_38' title='bbox 926 1062 1089 1149; x_wconf 91' lang='lat' dir='ltr'>completi</span> <span class='ocrx_word' id='word_1_39' title='bbox 1114 1064 1197 1130; x_wconf 92' lang='lat' dir='ltr'>inde</span> <span class='ocrx_word' id='word_1_40' title='bbox 1222 1065 1347 1132; x_wconf 91' lang='lat' dir='ltr'>tollere</span> <span class='ocrx_word' id='word_1_41' title='bbox 1370 1068 1406 1134; x_wconf 90' lang='lat' dir='ltr'>et</span> <span class='ocrx_word' id='word_1_42' title='bbox 1431 1067 1537 1135; x_wconf 82' lang='lat' dir='ltr'>abere</span> <span class='ocrx_word' id='word_1_43' title='bbox 1560 1063 1799 1150; x_wconf 87' lang='lat' dir='ltr'>potuerimus,</span> <span class='ocrx_word' id='word_1_44' title='bbox 1823 1066 1936 1131; x_wconf 88' lang='lat' dir='ltr'>totum</span> <span class='ocrx_word' id='word_1_45' title='bbox 1960 1063 2062 1131; x_wconf 86' lang='lat' dir='ltr'>nobis</span> <span class='ocrx_word' id='word_1_46' title='bbox 2086 1061 2167 1130; x_wconf 91' lang='lat' dir='ltr'>illut</span> <span class='ocrx_word' id='word_1_47' title='bbox 2191 1064 2360 1130; x_wconf 86' lang='lat' dir='ltr'>abeamus</span> <span class='ocrx_word' id='word_1_48' title='bbox 2384 1071 2419 1130; x_wconf 89' lang='lat' dir='ltr'>et</span> 
     </span>
     <span class='ocr_line' id='line_1_5' title="bbox 574 1207 2421 1303; baseline 0.004 -31"><span class='ocrx_word' id='word_1_49' title='bbox 574 1207 749 1278; x_wconf 79' lang='lat' dir='ltr'>iaciamus</span> <span class='ocrx_word' id='word_1_50' title='bbox 772 1212 901 1280; x_wconf 86' lang='lat' dir='ltr'>exinde</span> <span class='ocrx_word' id='word_1_51' title='bbox 925 1213 1058 1300; x_wconf 90' lang='lat' dir='ltr'>omnia,</span> <span class='ocrx_word' id='word_1_52' title='bbox 1083 1213 1239 1298; x_wconf 85' lang='lat' dir='ltr'>qualiter</span> <span class='ocrx_word' id='word_1_53' title='bbox 1263 1216 1367 1282; x_wconf 86' lang='lat' dir='ltr'>nobis</span> <span class='ocrx_word' id='word_1_54' title='bbox 1389 1216 1579 1302; x_wconf 76' lang='lat' dir='ltr'>placuerit,</span> <span class='ocrx_word' id='word_1_55' title='bbox 1605 1235 1739 1303; x_wconf 85' lang='lat' dir='ltr'>apsque</span> <span class='ocrx_word' id='word_1_56' title='bbox 1754 1215 1850 1282; x_wconf 90' lang='lat' dir='ltr'>omni</span> <span class='ocrx_word' id='word_1_57' title='bbox 1875 1217 2166 1284; x_wconf 81' lang='lat' dir='ltr'>contrarietatem</span> <span class='ocrx_word' id='word_1_58' title='bbox 2190 1214 2301 1300; x_wconf 88' lang='lat' dir='ltr'>ipsius</span> <span class='ocrx_word' id='word_1_59' title='bbox 2323 1215 2421 1300; x_wconf 92' lang='lat' dir='ltr'>prin-</span> 
     </span>
     <span class='ocr_line' id='line_1_6' title="bbox 573 1331 2422 1454; baseline 0.003 -27"><span class='ocrx_word' id='word_1_60' title='bbox 573 1361 645 1447; x_wconf 84' lang='lat' dir='ltr'>cipi</span> <span class='ocrx_word' id='word_1_61' title='bbox 670 1362 725 1430; x_wconf 88' lang='lat' dir='ltr'>vel</span> <span class='ocrx_word' id='word_1_62' title='bbox 750 1363 792 1430; x_wconf 92' lang='lat' dir='ltr'>de</span> <span class='ocrx_word' id='word_1_63' title='bbox 815 1365 892 1433; x_wconf 89' lang='lat' dir='ltr'>eius</span> <span class='ocrx_word' id='word_1_64' title='bbox 915 1366 1087 1452; x_wconf 91' lang='lat' dir='ltr'>heredes;</span> <span class='ocrx_word' id='word_1_65' title='bbox 1113 1370 1153 1436; x_wconf 89' lang='lat' dir='ltr'>at</span> <span class='ocrx_word' id='word_1_66' title='bbox 1176 1366 1340 1452; x_wconf 91' lang='lat' dir='ltr'>completi</span> <span class='ocrx_word' id='word_1_67' title='bbox 1365 1386 1448 1435; x_wconf 87' lang='lat' dir='ltr'>vero</span> <span class='ocrx_word' id='word_1_68' title='bbox 1471 1331 1538 1454; x_wconf 85' lang='lat' dir='ltr'>ipsi</span> <span class='ocrx_word' id='word_1_69' title='bbox 1563 1370 1683 1436; x_wconf 91' lang='lat' dir='ltr'>decem</span> <span class='ocrx_word' id='word_1_70' title='bbox 1707 1369 1796 1436; x_wconf 91' lang='lat' dir='ltr'>anni</span> <span class='ocrx_word' id='word_1_71' title='bbox 1826 1373 1912 1437; x_wconf 88' lang='lat' dir='ltr'>tunc</span> <span class='ocrx_word' id='word_1_72' title='bbox 1936 1387 2000 1436; x_wconf 87' lang='lat' dir='ltr'>nos</span> <span class='ocrx_word' id='word_1_73' title='bbox 2023 1368 2077 1436; x_wconf 89' lang='lat' dir='ltr'>vel</span> <span class='ocrx_word' id='word_1_74' title='bbox 2102 1367 2235 1434; x_wconf 89' lang='lat' dir='ltr'>nostris</span> <span class='ocrx_word' id='word_1_75' title='bbox 2257 1367 2422 1434; x_wconf 91' lang='lat' dir='ltr'>eredibus</span> 
     </span>
     <span class='ocr_line' id='line_1_7' title="bbox 573 1505 2421 1608; baseline 0.004 -27"><span class='ocrx_word' id='word_1_76' title='bbox 573 1515 743 1582; x_wconf 86' lang='lat' dir='ltr'>abeamus</span> <span class='ocrx_word' id='word_1_77' title='bbox 768 1517 845 1603; x_wconf 88' lang='lat' dir='ltr'>ipsa</span> <span class='ocrx_word' id='word_1_78' title='bbox 869 1521 944 1586; x_wconf 90' lang='lat' dir='ltr'>tota</span> <span class='ocrx_word' id='word_1_79' title='bbox 968 1522 1066 1588; x_wconf 89' lang='lat' dir='ltr'>terra</span> <span class='ocrx_word' id='word_1_80' title='bbox 1089 1539 1151 1605; x_wconf 90' lang='lat' dir='ltr'>per</span> <span class='ocrx_word' id='word_1_81' title='bbox 1175 1521 1377 1607; x_wconf 90' lang='lat' dir='ltr'>supradicte</span> <span class='ocrx_word' id='word_1_82' title='bbox 1393 1521 1476 1589; x_wconf 85' lang='lat' dir='ltr'>linis</span> <span class='ocrx_word' id='word_1_83' title='bbox 1492 1525 1528 1588; x_wconf 90' lang='lat' dir='ltr'>et</span> <span class='ocrx_word' id='word_1_84' title='bbox 1545 1521 1724 1588; x_wconf 84' lang='lat' dir='ltr'>mensurio</span> <span class='ocrx_word' id='word_1_85' title='bbox 1739 1524 1966 1608; x_wconf 91' lang='lat' dir='ltr'>pastenatum</span> <span class='ocrx_word' id='word_1_86' title='bbox 1988 1526 2025 1588; x_wconf 92' lang='lat' dir='ltr'>et</span> <span class='ocrx_word' id='word_1_87' title='bbox 2048 1521 2183 1588; x_wconf 84' lang='lat' dir='ltr'>sactum</span> <span class='ocrx_word' id='word_1_88' title='bbox 2207 1505 2340 1586; x_wconf 86' lang='lat' dir='ltr'>ibidem</span> <span class='ocrx_word' id='word_1_89' title='bbox 2360 1539 2421 1605; x_wconf 90' lang='lat' dir='ltr'>pa-</span> 
     </span>
     <span class='ocr_line' id='line_1_8' title="bbox 573 1666 2415 1762; baseline 0.003 -30"><span class='ocrx_word' id='word_1_90' title='bbox 573 1666 708 1734; x_wconf 89' lang='lat' dir='ltr'>stinum</span> <span class='ocrx_word' id='word_1_91' title='bbox 733 1671 862 1736; x_wconf 90' lang='lat' dir='ltr'>bonum</span> <span class='ocrx_word' id='word_1_92' title='bbox 886 1673 1035 1759; x_wconf 75' lang='lat' dir='ltr'>cultam,</span> <span class='ocrx_word' id='word_1_93' title='bbox 1060 1676 1096 1741; x_wconf 91' lang='lat' dir='ltr'>et</span> <span class='ocrx_word' id='word_1_94' title='bbox 1110 1679 1262 1760; x_wconf 88' lang='lat' dir='ltr'>surtnm,</span> <span class='ocrx_word' id='word_1_95' title='bbox 1288 1678 1323 1742; x_wconf 96' lang='lat' dir='ltr'>et</span> <span class='ocrx_word' id='word_1_96' title='bbox 1345 1679 1543 1762; x_wconf 87' lang='lat' dir='ltr'>operatum,</span> <span class='ocrx_word' id='word_1_97' title='bbox 1567 1675 1659 1742; x_wconf 88' lang='lat' dir='ltr'>sicut</span> <span class='ocrx_word' id='word_1_98' title='bbox 1690 1676 1733 1743; x_wconf 92' lang='lat' dir='ltr'>de</span> <span class='ocrx_word' id='word_1_99' title='bbox 1756 1677 1874 1743; x_wconf 89' lang='lat' dir='ltr'>tantos</span> <span class='ocrx_word' id='word_1_100' title='bbox 1898 1692 2011 1741; x_wconf 88' lang='lat' dir='ltr'>annos</span> <span class='ocrx_word' id='word_1_101' title='bbox 2032 1673 2141 1741; x_wconf 87' lang='lat' dir='ltr'>fuerit</span> <span class='ocrx_word' id='word_1_102' title='bbox 2165 1678 2200 1740; x_wconf 87' lang='lat' dir='ltr'>et</span> <span class='ocrx_word' id='word_1_103' title='bbox 2224 1673 2318 1740; x_wconf 88' lang='lat' dir='ltr'>locus</span> <span class='ocrx_word' id='word_1_104' title='bbox 2344 1671 2415 1756; x_wconf 87' lang='lat' dir='ltr'>ipse</span> 
     </span>
     <span class='ocr_line' id='line_1_9' title="bbox 574 1823 2417 1913; baseline 0.003 -29"><span class='ocrx_word' id='word_1_105' title='bbox 574 1823 759 1908; x_wconf 88' lang='lat' dir='ltr'>meruerit,</span> <span class='ocrx_word' id='word_1_106' title='bbox 782 1827 818 1889; x_wconf 89' lang='lat' dir='ltr'>ct</span> <span class='ocrx_word' id='word_1_107' title='bbox 841 1827 886 1892; x_wconf 91' lang='lat' dir='ltr'>ab</span> <span class='ocrx_word' id='word_1_108' title='bbox 909 1825 977 1910; x_wconf 91' lang='lat' dir='ltr'>ipsi</span> <span class='ocrx_word' id='word_1_109' title='bbox 1001 1826 1118 1892; x_wconf 89' lang='lat' dir='ltr'>decem</span> <span class='ocrx_word' id='word_1_110' title='bbox 1142 1828 1229 1894; x_wconf 92' lang='lat' dir='ltr'>anni</span> <span class='ocrx_word' id='word_1_111' title='bbox 1255 1825 1293 1890; x_wconf 92' lang='lat' dir='ltr'>in</span> <span class='ocrx_word' id='word_1_112' title='bbox 1318 1831 1436 1913; x_wconf 89' lang='lat' dir='ltr'>antea,</span> <span class='ocrx_word' id='word_1_113' title='bbox 1453 1828 1562 1896; x_wconf 90' lang='lat' dir='ltr'>donec</span> <span class='ocrx_word' id='word_1_114' title='bbox 1579 1848 1642 1896; x_wconf 93' lang='lat' dir='ltr'>nos</span> <span class='ocrx_word' id='word_1_115' title='bbox 1658 1830 1710 1896; x_wconf 92' lang='lat' dir='ltr'>vel</span> <span class='ocrx_word' id='word_1_116' title='bbox 1728 1830 1859 1896; x_wconf 87' lang='lat' dir='ltr'>nostris</span> <span class='ocrx_word' id='word_1_117' title='bbox 1883 1828 2072 1896; x_wconf 88' lang='lat' dir='ltr'>heredibus</span> <span class='ocrx_word' id='word_1_118' title='bbox 2088 1826 2296 1912; x_wconf 89' lang='lat' dir='ltr'>supradicta</span> <span class='ocrx_word' id='word_1_119' title='bbox 2312 1827 2417 1892; x_wconf 87' lang='lat' dir='ltr'>rebus</span> 
     </span>
     <span class='ocr_line' id='line_1_10' title="bbox 571 1977 2417 2066; baseline 0 -23"><span class='ocrx_word' id='word_1_120' title='bbox 571 1995 636 2061; x_wconf 90' lang='lat' dir='ltr'>per</span> <span class='ocrx_word' id='word_1_121' title='bbox 659 1977 860 2061; x_wconf 86' lang='lat' dir='ltr'>supradicte</span> <span class='ocrx_word' id='word_1_122' title='bbox 884 1979 966 2044; x_wconf 87' lang='lat' dir='ltr'>finis</span> <span class='ocrx_word' id='word_1_123' title='bbox 989 1983 1025 2045; x_wconf 88' lang='lat' dir='ltr'>et</span> <span class='ocrx_word' id='word_1_124' title='bbox 1048 1982 1229 2046; x_wconf 85' lang='lat' dir='ltr'>mensurio</span> <span class='ocrx_word' id='word_1_125' title='bbox 1253 1981 1335 2048; x_wconf 90' lang='lat' dir='ltr'>illut</span> <span class='ocrx_word' id='word_1_126' title='bbox 1356 1986 1479 2048; x_wconf 90' lang='lat' dir='ltr'>tenere</span> <span class='ocrx_word' id='word_1_127' title='bbox 1503 1985 1538 2048; x_wconf 88' lang='lat' dir='ltr'>et</span> <span class='ocrx_word' id='word_1_128' title='bbox 1563 1981 1724 2049; x_wconf 88' lang='lat' dir='ltr'>laborare</span> <span class='ocrx_word' id='word_1_129' title='bbox 1749 1977 1985 2066; x_wconf 78' lang='lat' dir='ltr'>uoluerimus,</span> <span class='ocrx_word' id='word_1_130' title='bbox 2010 1983 2129 2045; x_wconf 92' lang='lat' dir='ltr'>nostre</span> <span class='ocrx_word' id='word_1_131' title='bbox 2152 1979 2226 2045; x_wconf 90' lang='lat' dir='ltr'>sint</span> <span class='ocrx_word' id='word_1_132' title='bbox 2249 1977 2417 2063; x_wconf 86' lang='lat' dir='ltr'>potestati</span> 
     </span>
     <span class='ocr_line' id='line_1_11' title="bbox 572 2129 2416 2219; baseline -0.003 -22"><span class='ocrx_word' id='word_1_133' title='bbox 572 2129 654 2197; x_wconf 92' lang='lat' dir='ltr'>illut</span> <span class='ocrx_word' id='word_1_134' title='bbox 677 2131 799 2196; x_wconf 89' lang='lat' dir='ltr'>tenere</span> <span class='ocrx_word' id='word_1_135' title='bbox 823 2132 858 2196; x_wconf 93' lang='lat' dir='ltr'>et</span> <span class='ocrx_word' id='word_1_136' title='bbox 883 2130 1046 2198; x_wconf 90' lang='lat' dir='ltr'>laborare</span> <span class='ocrx_word' id='word_1_137' title='bbox 1062 2130 1105 2198; x_wconf 92' lang='lat' dir='ltr'>de</span> <span class='ocrx_word' id='word_1_138' title='bbox 1121 2148 1225 2218; x_wconf 86' lang='lat' dir='ltr'>super</span> <span class='ocrx_word' id='word_1_139' title='bbox 1250 2136 1286 2199; x_wconf 90' lang='lat' dir='ltr'>et</span> <span class='ocrx_word' id='word_1_140' title='bbox 1308 2134 1487 2202; x_wconf 89' lang='lat' dir='ltr'>desubter</span> <span class='ocrx_word' id='word_1_141' title='bbox 1510 2133 1585 2200; x_wconf 88' lang='lat' dir='ltr'>suis</span> <span class='ocrx_word' id='word_1_142' title='bbox 1608 2135 1840 2219; x_wconf 89' lang='lat' dir='ltr'>temporibus,</span> <span class='ocrx_word' id='word_1_143' title='bbox 1857 2136 1897 2198; x_wconf 90' lang='lat' dir='ltr'>ut</span> <span class='ocrx_word' id='word_1_144' title='bbox 1913 2135 2002 2199; x_wconf 90' lang='lat' dir='ltr'>bene</span> <span class='ocrx_word' id='word_1_145' title='bbox 2020 2130 2151 2218; x_wconf 91' lang='lat' dir='ltr'>paread</span> <span class='ocrx_word' id='word_1_146' title='bbox 2169 2130 2368 2198; x_wconf 87' lang='lat' dir='ltr'>lavoratum</span> <span class='ocrx_word' id='word_1_147' title='bbox 2382 2133 2416 2193; x_wconf 92' lang='lat' dir='ltr'>et</span> 
     </span>
     <span class='ocr_line' id='line_1_12' title="bbox 573 2278 2417 2373; baseline -0.003 -23"><span class='ocrx_word' id='word_1_148' title='bbox 573 2282 776 2369; x_wconf 78' lang='lat' dir='ltr'>curtatum,</span> <span class='ocrx_word' id='word_1_149' title='bbox 799 2286 835 2350; x_wconf 93' lang='lat' dir='ltr'>et</span> <span class='ocrx_word' id='word_1_150' title='bbox 859 2284 920 2350; x_wconf 92' lang='lat' dir='ltr'>ubi</span> <span class='ocrx_word' id='word_1_151' title='bbox 944 2285 1135 2373; x_wconf 88' lang='lat' dir='ltr'>meruerit,</span> <span class='ocrx_word' id='word_1_152' title='bbox 1160 2289 1305 2354; x_wconf 88' lang='lat' dir='ltr'>arbores</span> <span class='ocrx_word' id='word_1_153' title='bbox 1327 2291 1363 2352; x_wconf 91' lang='lat' dir='ltr'>et</span> <span class='ocrx_word' id='word_1_154' title='bbox 1388 2286 1477 2353; x_wconf 90' lang='lat' dir='ltr'>vites</span> <span class='ocrx_word' id='word_1_155' title='bbox 1501 2285 1705 2354; x_wconf 89' lang='lat' dir='ltr'>annualiter</span> <span class='ocrx_word' id='word_1_156' title='bbox 1728 2303 1791 2370; x_wconf 89' lang='lat' dir='ltr'>per</span> <span class='ocrx_word' id='word_1_157' title='bbox 1814 2287 1971 2368; x_wconf 89' lang='lat' dir='ltr'>tempore</span> <span class='ocrx_word' id='word_1_158' title='bbox 1994 2283 2182 2350; x_wconf 85' lang='lat' dir='ltr'>debeamus</span> <span class='ocrx_word' id='word_1_159' title='bbox 2207 2298 2265 2348; x_wconf 91' lang='lat' dir='ltr'>eos</span> <span class='ocrx_word' id='word_1_160' title='bbox 2289 2278 2417 2346; x_wconf 88' lang='lat' dir='ltr'>ibidem</span> 
     </span>
     <span class='ocr_line' id='line_1_13' title="bbox 573 2431 2422 2524; baseline -0.003 -21"><span class='ocrx_word' id='word_1_161' title='bbox 573 2437 763 2520; x_wconf 88' lang='lat' dir='ltr'>pastenarc</span> <span class='ocrx_word' id='word_1_162' title='bbox 776 2439 811 2501; x_wconf 90' lang='lat' dir='ltr'>ct</span> <span class='ocrx_word' id='word_1_163' title='bbox 825 2435 1173 2522; x_wconf 82' lang='lat' dir='ltr'>propaginare‚siout</span> <span class='ocrx_word' id='word_1_164' title='bbox 1186 2437 1372 2524; x_wconf 88' lang='lat' dir='ltr'>meruerit,</span> <span class='ocrx_word' id='word_1_165' title='bbox 1386 2442 1423 2504; x_wconf 91' lang='lat' dir='ltr'>ut</span> <span class='ocrx_word' id='word_1_166' title='bbox 1435 2441 1641 2506; x_wconf 86' lang='lat' dir='ltr'>accrescant</span> <span class='ocrx_word' id='word_1_167' title='bbox 1652 2441 1688 2503; x_wconf 89' lang='lat' dir='ltr'>et</span> <span class='ocrx_word' id='word_1_168' title='bbox 1700 2455 1770 2502; x_wconf 88' lang='lat' dir='ltr'>non</span> <span class='ocrx_word' id='word_1_169' title='bbox 1783 2435 1987 2522; x_wconf 90' lang='lat' dir='ltr'>dispereant</span> <span class='ocrx_word' id='word_1_170' title='bbox 2000 2437 2077 2522; x_wconf 91' lang='lat' dir='ltr'>ipso</span> <span class='ocrx_word' id='word_1_171' title='bbox 2089 2433 2241 2520; x_wconf 88' lang='lat' dir='ltr'>pastino,</span> <span class='ocrx_word' id='word_1_172' title='bbox 2251 2437 2287 2500; x_wconf 89' lang='lat' dir='ltr'>et</span> <span class='ocrx_word' id='word_1_173' title='bbox 2298 2431 2422 2500; x_wconf 90' lang='lat' dir='ltr'>amodo</span> 
     </span>
     <span class='ocr_line' id='line_1_14' title="bbox 572 2585 2417 2676; baseline -0.002 -21"><span class='ocrx_word' id='word_1_174' title='bbox 572 2588 711 2655; x_wconf 91' lang='lat' dir='ltr'>clusum</span> <span class='ocrx_word' id='word_1_175' title='bbox 735 2587 816 2652; x_wconf 92' lang='lat' dir='ltr'>illut</span> <span class='ocrx_word' id='word_1_176' title='bbox 838 2589 959 2671; x_wconf 87' lang='lat' dir='ltr'>abere;</span> <span class='ocrx_word' id='word_1_177' title='bbox 985 2592 1020 2654; x_wconf 90' lang='lat' dir='ltr'>et</span> <span class='ocrx_word' id='word_1_178' title='bbox 1043 2605 1145 2655; x_wconf 89' lang='lat' dir='ltr'>omne</span> <span class='ocrx_word' id='word_1_179' title='bbox 1171 2607 1270 2656; x_wconf 87' lang='lat' dir='ltr'>annu</span> <span class='ocrx_word' id='word_1_180' title='bbox 1294 2608 1356 2674; x_wconf 90' lang='lat' dir='ltr'>per</span> <span class='ocrx_word' id='word_1_181' title='bbox 1372 2589 1549 2657; x_wconf 84' lang='lat' dir='ltr'>vindemie</span> <span class='ocrx_word' id='word_1_182' title='bbox 1564 2593 1721 2676; x_wconf 91' lang='lat' dir='ltr'>tempore</span> <span class='ocrx_word' id='word_1_183' title='bbox 1737 2589 1911 2656; x_wconf 82' lang='lat' dir='ltr'>faciamus</span> <span class='ocrx_word' id='word_1_184' title='bbox 1934 2589 2026 2656; x_wconf 89' lang='lat' dir='ltr'>scire</span> <span class='ocrx_word' id='word_1_185' title='bbox 2042 2605 2124 2674; x_wconf 88' lang='lat' dir='ltr'>pars</span> <span class='ocrx_word' id='word_1_186' title='bbox 2139 2587 2234 2673; x_wconf 91' lang='lat' dir='ltr'>ipius</span> <span class='ocrx_word' id='word_1_187' title='bbox 2251 2585 2417 2654; x_wconf 88' lang='lat' dir='ltr'>iamdicto</span> 
     </span>
     <span class='ocr_line' id='line_1_15' title="bbox 573 2738 2420 2827; baseline 0.001 -23"><span class='ocrx_word' id='word_1_188' title='bbox 573 2738 729 2823; x_wconf 79' lang='lat' dir='ltr'>gloriose</span> <span class='ocrx_word' id='word_1_189' title='bbox 753 2741 919 2825; x_wconf 86' lang='lat' dir='ltr'>potestati</span> <span class='ocrx_word' id='word_1_190' title='bbox 943 2739 1064 2806; x_wconf 80' lang='lat' dir='ltr'>uelde</span> <span class='ocrx_word' id='word_1_191' title='bbox 1088 2739 1164 2807; x_wconf 88' lang='lat' dir='ltr'>eius</span> <span class='ocrx_word' id='word_1_192' title='bbox 1189 2741 1349 2827; x_wconf 84' lang='lat' dir='ltr'>heredes,</span> <span class='ocrx_word' id='word_1_193' title='bbox 1375 2741 1419 2809; x_wconf 88' lang='lat' dir='ltr'>ad</span> <span class='ocrx_word' id='word_1_194' title='bbox 1434 2742 1663 2827; x_wconf 76' lang='lat' dir='ltr'>dirigendum</span> <span class='ocrx_word' id='word_1_195' title='bbox 1681 2740 1810 2808; x_wconf 91' lang='lat' dir='ltr'>ibidem</span> <span class='ocrx_word' id='word_1_196' title='bbox 1835 2742 1982 2807; x_wconf 88' lang='lat' dir='ltr'>missum</span> <span class='ocrx_word' id='word_1_197' title='bbox 2007 2759 2110 2808; x_wconf 89' lang='lat' dir='ltr'>suum</span> <span class='ocrx_word' id='word_1_198' title='bbox 2135 2745 2173 2809; x_wconf 92' lang='lat' dir='ltr'>at</span> <span class='ocrx_word' id='word_1_199' title='bbox 2196 2739 2420 2826; x_wconf 83' lang='lat' dir='ltr'>bigitandum</span> 
     </span>
     <span class='ocr_line' id='line_1_16' title="bbox 572 2889 2420 2979; baseline -0.001 -21"><span class='ocrx_word' id='word_1_200' title='bbox 572 2893 689 2978; x_wconf 91' lang='lat' dir='ltr'>ipsum</span> <span class='ocrx_word' id='word_1_201' title='bbox 716 2892 839 2957; x_wconf 85' lang='lat' dir='ltr'>uinum</span> <span class='ocrx_word' id='word_1_202' title='bbox 863 2895 899 2956; x_wconf 91' lang='lat' dir='ltr'>et</span> <span class='ocrx_word' id='word_1_203' title='bbox 922 2889 1164 2976; x_wconf 89' lang='lat' dir='ltr'>recipiendum</span> <span class='ocrx_word' id='word_1_204' title='bbox 1181 2890 1263 2957; x_wconf 89' lang='lat' dir='ltr'>indo</span> <span class='ocrx_word' id='word_1_205' title='bbox 1279 2890 1484 2978; x_wconf 75' lang='lat' dir='ltr'>emtionem,</span> <span class='ocrx_word' id='word_1_206' title='bbox 1508 2895 1545 2959; x_wconf 90' lang='lat' dir='ltr'>et</span> <span class='ocrx_word' id='word_1_207' title='bbox 1560 2911 1642 2979; x_wconf 88' lang='lat' dir='ltr'>pars</span> <span class='ocrx_word' id='word_1_208' title='bbox 1661 2893 1773 2979; x_wconf 89' lang='lat' dir='ltr'>ipsius</span> <span class='ocrx_word' id='word_1_209' title='bbox 1788 2893 1907 2960; x_wconf 92' lang='lat' dir='ltr'>domni</span> <span class='ocrx_word' id='word_1_210' title='bbox 1930 2894 2084 2960; x_wconf 89' lang='lat' dir='ltr'>debeant</span> <span class='ocrx_word' id='word_1_211' title='bbox 2108 2890 2210 2957; x_wconf 92' lang='lat' dir='ltr'>nobis</span> <span class='ocrx_word' id='word_1_212' title='bbox 2235 2891 2420 2976; x_wconf 87' lang='lat' dir='ltr'>assignare</span> 
     </span>
     <span class='ocr_line' id='line_1_17' title="bbox 573 3041 2418 3133; baseline -0.003 -24"><span class='ocrx_word' id='word_1_213' title='bbox 573 3061 771 3133; x_wconf 79' lang='lat' dir='ltr'>organeum</span> <span class='ocrx_word' id='word_1_214' title='bbox 796 3043 841 3110; x_wconf 86' lang='lat' dir='ltr'>da</span> <span class='ocrx_word' id='word_1_215' title='bbox 865 3041 1013 3127; x_wconf 88' lang='lat' dir='ltr'>vinum,</span> <span class='ocrx_word' id='word_1_216' title='bbox 1039 3043 1100 3108; x_wconf 90' lang='lat' dir='ltr'>ubi</span> <span class='ocrx_word' id='word_1_217' title='bbox 1134 3041 1290 3127; x_wconf 88' lang='lat' dir='ltr'>recipere</span> <span class='ocrx_word' id='word_1_218' title='bbox 1321 3060 1502 3127; x_wconf 90' lang='lat' dir='ltr'>possamus</span> <span class='ocrx_word' id='word_1_219' title='bbox 1534 3046 1610 3130; x_wconf 90' lang='lat' dir='ltr'>ipsa</span> <span class='ocrx_word' id='word_1_220' title='bbox 1633 3045 1826 3110; x_wconf 89' lang='lat' dir='ltr'>sortionem</span> <span class='ocrx_word' id='word_1_221' title='bbox 1856 3043 1998 3110; x_wconf 90' lang='lat' dir='ltr'>eiusde</span> <span class='ocrx_word' id='word_1_222' title='bbox 2022 3045 2098 3130; x_wconf 89' lang='lat' dir='ltr'>ipso</span> <span class='ocrx_word' id='word_1_223' title='bbox 2124 3045 2272 3130; x_wconf 80' lang='lat' dir='ltr'>vinum,</span> <span class='ocrx_word' id='word_1_224' title='bbox 2295 3047 2332 3109; x_wconf 90' lang='lat' dir='ltr'>et</span> <span class='ocrx_word' id='word_1_225' title='bbox 2354 3057 2418 3106; x_wconf 87' lang='lat' dir='ltr'>nos</span> 
     </span>
     <span class='ocr_line' id='line_1_18' title="bbox 571 3195 2422 3284; baseline 0.001 -24"><span class='ocrx_word' id='word_1_226' title='bbox 571 3197 628 3263; x_wconf 81' lang='lat' dir='ltr'>rel</span> <span class='ocrx_word' id='word_1_227' title='bbox 653 3197 785 3263; x_wconf 88' lang='lat' dir='ltr'>nostris</span> <span class='ocrx_word' id='word_1_228' title='bbox 809 3195 974 3262; x_wconf 87' lang='lat' dir='ltr'>eredibus</span> <span class='ocrx_word' id='word_1_229' title='bbox 998 3199 1035 3262; x_wconf 85' lang='lat' dir='ltr'>at</span> <span class='ocrx_word' id='word_1_230' title='bbox 1060 3199 1220 3261; x_wconf 88' lang='lat' dir='ltr'>nostrum</span> <span class='ocrx_word' id='word_1_231' title='bbox 1244 3195 1429 3280; x_wconf 89' lang='lat' dir='ltr'>spendium</span> <span class='ocrx_word' id='word_1_232' title='bbox 1446 3198 1636 3265; x_wconf 86' lang='lat' dir='ltr'>debeamus</span> <span class='ocrx_word' id='word_1_233' title='bbox 1652 3201 1817 3266; x_wconf 90' lang='lat' dir='ltr'>conciare</span> <span class='ocrx_word' id='word_1_234' title='bbox 1835 3197 1909 3284; x_wconf 89' lang='lat' dir='ltr'>ipso</span> <span class='ocrx_word' id='word_1_235' title='bbox 1923 3216 2120 3284; x_wconf 82' lang='lat' dir='ltr'>organeum</span> <span class='ocrx_word' id='word_1_236' title='bbox 2144 3199 2190 3266; x_wconf 92' lang='lat' dir='ltr'>da</span> <span class='ocrx_word' id='word_1_237' title='bbox 2215 3199 2340 3264; x_wconf 89' lang='lat' dir='ltr'>vinum</span> <span class='ocrx_word' id='word_1_238' title='bbox 2364 3199 2422 3263; x_wconf 91' lang='lat' dir='ltr'>bo·</span> 
     </span>
     <span class='ocr_line' id='line_1_19' title="bbox 573 3347 2420 3440; baseline 0.002 -25"><span class='ocrx_word' id='word_1_239' title='bbox 573 3369 658 3415; x_wconf 92' lang='lat' dir='ltr'>num</span> <span class='ocrx_word' id='word_1_240' title='bbox 683 3355 718 3417; x_wconf 90' lang='lat' dir='ltr'>et</span> <span class='ocrx_word' id='word_1_241' title='bbox 743 3347 825 3417; x_wconf 93' lang='lat' dir='ltr'>illut</span> <span class='ocrx_word' id='word_1_242' title='bbox 847 3351 1078 3434; x_wconf 88' lang='lat' dir='ltr'>preordinare</span> <span class='ocrx_word' id='word_1_243' title='bbox 1102 3347 1140 3413; x_wconf 96' lang='lat' dir='ltr'>in</span> <span class='ocrx_word' id='word_1_244' title='bbox 1163 3348 1286 3415; x_wconf 90' lang='lat' dir='ltr'>domus</span> <span class='ocrx_word' id='word_1_245' title='bbox 1310 3354 1434 3417; x_wconf 90' lang='lat' dir='ltr'>nostra</span> <span class='ocrx_word' id='word_1_246' title='bbox 1458 3350 1555 3418; x_wconf 91' lang='lat' dir='ltr'>intus</span> <span class='ocrx_word' id='word_1_247' title='bbox 1579 3353 1656 3439; x_wconf 90' lang='lat' dir='ltr'>ipsa</span> <span class='ocrx_word' id='word_1_248' title='bbox 1680 3357 1794 3440; x_wconf 89' lang='lat' dir='ltr'>curte,</span> <span class='ocrx_word' id='word_1_249' title='bbox 1820 3357 1855 3420; x_wconf 87' lang='lat' dir='ltr'>et</span> <span class='ocrx_word' id='word_1_250' title='bbox 1878 3359 1956 3421; x_wconf 87' lang='lat' dir='ltr'>acto</span> <span class='ocrx_word' id='word_1_251' title='bbox 1979 3359 2135 3439; x_wconf 89' lang='lat' dir='ltr'>tempore</span> <span class='ocrx_word' id='word_1_252' title='bbox 2152 3353 2420 3438; x_wconf 87' lang='lat' dir='ltr'>vindemiemus;</span> 
     </span>
     <span class='ocr_line' id='line_1_20' title="bbox 571 3501 2424 3593; baseline 0.002 -25"><span class='ocrx_word' id='word_1_253' title='bbox 571 3509 607 3570; x_wconf 82' lang='lat' dir='ltr'>et</span> <span class='ocrx_word' id='word_1_254' title='bbox 639 3507 814 3588; x_wconf 87' lang='lat' dir='ltr'>quantum</span> <span class='ocrx_word' id='word_1_255' title='bbox 838 3501 961 3569; x_wconf 84' lang='lat' dir='ltr'>vinum</span> <span class='ocrx_word' id='word_1_256' title='bbox 985 3519 1048 3588; x_wconf 89' lang='lat' dir='ltr'>por</span> <span class='ocrx_word' id='word_1_257' title='bbox 1072 3518 1173 3566; x_wconf 90' lang='lat' dir='ltr'>omne</span> <span class='ocrx_word' id='word_1_258' title='bbox 1198 3519 1333 3568; x_wconf 91' lang='lat' dir='ltr'>annum</span> <span class='ocrx_word' id='word_1_259' title='bbox 1357 3503 1441 3572; x_wconf 90' lang='lat' dir='ltr'>inde</span> <span class='ocrx_word' id='word_1_260' title='bbox 1465 3511 1549 3573; x_wconf 90' lang='lat' dir='ltr'>nato</span> <span class='ocrx_word' id='word_1_261' title='bbox 1572 3507 1694 3593; x_wconf 82' lang='lat' dir='ltr'>suerit,</span> <span class='ocrx_word' id='word_1_262' title='bbox 1719 3507 1849 3575; x_wconf 91' lang='lat' dir='ltr'>ibidem</span> <span class='ocrx_word' id='word_1_263' title='bbox 1873 3507 1918 3576; x_wconf 87' lang='lat' dir='ltr'>ad</span> <span class='ocrx_word' id='word_1_264' title='bbox 1942 3507 2159 3592; x_wconf 88' lang='lat' dir='ltr'>palmentum</span> <span class='ocrx_word' id='word_1_265' title='bbox 2184 3505 2265 3574; x_wconf 92' lang='lat' dir='ltr'>illut</span> <span class='ocrx_word' id='word_1_266' title='bbox 2287 3506 2424 3575; x_wconf 89' lang='lat' dir='ltr'>divida-</span> 
     </span>
     <span class='ocr_line' id='line_1_21' title="bbox 573 3657 2418 3747; baseline 0.002 -24"><span class='ocrx_word' id='word_1_267' title='bbox 573 3677 652 3723; x_wconf 88' lang='lat' dir='ltr'>mus</span> <span class='ocrx_word' id='word_1_268' title='bbox 676 3658 714 3725; x_wconf 93' lang='lat' dir='ltr'>in</span> <span class='ocrx_word' id='word_1_269' title='bbox 739 3658 848 3724; x_wconf 91' lang='lat' dir='ltr'>tertia</span> <span class='ocrx_word' id='word_1_270' title='bbox 871 3661 994 3742; x_wconf 90' lang='lat' dir='ltr'>parte:</span> <span class='ocrx_word' id='word_1_271' title='bbox 1020 3675 1104 3744; x_wconf 89' lang='lat' dir='ltr'>pars</span> <span class='ocrx_word' id='word_1_272' title='bbox 1128 3657 1238 3744; x_wconf 89' lang='lat' dir='ltr'>ipsius</span> <span class='ocrx_word' id='word_1_273' title='bbox 1262 3657 1382 3724; x_wconf 93' lang='lat' dir='ltr'>domni</span> <span class='ocrx_word' id='word_1_274' title='bbox 1416 3659 1565 3746; x_wconf 78' lang='lat' dir='ltr'>marigni</span> <span class='ocrx_word' id='word_1_275' title='bbox 1589 3661 1744 3746; x_wconf 88' lang='lat' dir='ltr'>principi</span> <span class='ocrx_word' id='word_1_276' title='bbox 1775 3660 1857 3728; x_wconf 92' lang='lat' dir='ltr'>inde</span> <span class='ocrx_word' id='word_1_277' title='bbox 1888 3661 2089 3747; x_wconf 89' lang='lat' dir='ltr'>percipiant</span> <span class='ocrx_word' id='word_1_278' title='bbox 2114 3677 2188 3728; x_wconf 90' lang='lat' dir='ltr'>una</span> <span class='ocrx_word' id='word_1_279' title='bbox 2212 3664 2306 3727; x_wconf 88' lang='lat' dir='ltr'>sorte</span> <span class='ocrx_word' id='word_1_280' title='bbox 2330 3662 2418 3746; x_wconf 90' lang='lat' dir='ltr'>quod</span> 
     </span>
     <span class='ocr_line' id='line_1_22' title="bbox 573 3809 2416 3902; baseline 0.002 -24"><span class='ocrx_word' id='word_1_281' title='bbox 573 3817 630 3878; x_wconf 87' lang='lat' dir='ltr'>cst</span> <span class='ocrx_word' id='word_1_282' title='bbox 654 3813 765 3879; x_wconf 85' lang='lat' dir='ltr'>tertia</span> <span class='ocrx_word' id='word_1_283' title='bbox 789 3815 903 3897; x_wconf 88' lang='lat' dir='ltr'>parte,</span> <span class='ocrx_word' id='word_1_284' title='bbox 927 3815 962 3878; x_wconf 90' lang='lat' dir='ltr'>et</span> <span class='ocrx_word' id='word_1_285' title='bbox 984 3827 1047 3875; x_wconf 91' lang='lat' dir='ltr'>nos</span> <span class='ocrx_word' id='word_1_286' title='bbox 1070 3809 1126 3876; x_wconf 88' lang='lat' dir='ltr'>vel</span> <span class='ocrx_word' id='word_1_287' title='bbox 1149 3812 1280 3880; x_wconf 91' lang='lat' dir='ltr'>nostris</span> <span class='ocrx_word' id='word_1_288' title='bbox 1296 3812 1460 3880; x_wconf 89' lang='lat' dir='ltr'>eredibus</span> <span class='ocrx_word' id='word_1_289' title='bbox 1476 3813 1559 3880; x_wconf 91' lang='lat' dir='ltr'>inde</span> <span class='ocrx_word' id='word_1_290' title='bbox 1575 3813 1815 3900; x_wconf 89' lang='lat' dir='ltr'>percipiamus</span> <span class='ocrx_word' id='word_1_291' title='bbox 1838 3817 1981 3902; x_wconf 89' lang='lat' dir='ltr'>probter</span> <span class='ocrx_word' id='word_1_292' title='bbox 2006 3815 2083 3899; x_wconf 91' lang='lat' dir='ltr'>ipsa</span> <span class='ocrx_word' id='word_1_293' title='bbox 2107 3815 2358 3900; x_wconf 87' lang='lat' dir='ltr'>pastenatione</span> <span class='ocrx_word' id='word_1_294' title='bbox 2382 3821 2416 3883; x_wconf 89' lang='lat' dir='ltr'>et</span> 
     </span>
     <span class='ocr_line' id='line_1_23' title="bbox 573 3962 2419 4050; baseline 0.001 -20"><span class='ocrx_word' id='word_1_295' title='bbox 573 3962 796 4032; x_wconf 88' lang='lat' dir='ltr'>laboratione</span> <span class='ocrx_word' id='word_1_296' title='bbox 820 3963 888 4030; x_wconf 89' lang='lat' dir='ltr'>due</span> <span class='ocrx_word' id='word_1_297' title='bbox 911 3965 1041 4050; x_wconf 87' lang='lat' dir='ltr'>sortis;</span> <span class='ocrx_word' id='word_1_298' title='bbox 1066 3967 1102 4031; x_wconf 90' lang='lat' dir='ltr'>et</span> <span class='ocrx_word' id='word_1_299' title='bbox 1126 3965 1203 4049; x_wconf 88' lang='lat' dir='ltr'>ipsa</span> <span class='ocrx_word' id='word_1_300' title='bbox 1219 3968 1347 4031; x_wconf 88' lang='lat' dir='ltr'>sortem</span> <span class='ocrx_word' id='word_1_301' title='bbox 1366 3963 1478 4049; x_wconf 90' lang='lat' dir='ltr'>ipsius</span> <span class='ocrx_word' id='word_1_302' title='bbox 1494 3963 1614 4030; x_wconf 92' lang='lat' dir='ltr'>domni</span> <span class='ocrx_word' id='word_1_303' title='bbox 1630 3962 1672 4030; x_wconf 89' lang='lat' dir='ltr'>de</span> <span class='ocrx_word' id='word_1_304' title='bbox 1689 3965 1765 4050; x_wconf 92' lang='lat' dir='ltr'>ipso</span> <span class='ocrx_word' id='word_1_305' title='bbox 1780 3965 1905 4031; x_wconf 87' lang='lat' dir='ltr'>vinum</span> <span class='ocrx_word' id='word_1_306' title='bbox 1927 3965 2118 4032; x_wconf 88' lang='lat' dir='ltr'>debeamus</span> <span class='ocrx_word' id='word_1_307' title='bbox 2142 3964 2224 4030; x_wconf 90' lang='lat' dir='ltr'>illut</span> <span class='ocrx_word' id='word_1_308' title='bbox 2248 3981 2419 4050; x_wconf 88' lang='lat' dir='ltr'>reponere</span> 
     </span>
     <span class='ocr_line' id='line_1_24' title="bbox 572 4116 2421 4205; baseline -0.002 -19"><span class='ocrx_word' id='word_1_309' title='bbox 572 4120 611 4186; x_wconf 92' lang='lat' dir='ltr'>in</span> <span class='ocrx_word' id='word_1_310' title='bbox 636 4119 758 4186; x_wconf 89' lang='lat' dir='ltr'>domus</span> <span class='ocrx_word' id='word_1_311' title='bbox 781 4120 905 4185; x_wconf 88' lang='lat' dir='ltr'>nostra</span> <span class='ocrx_word' id='word_1_312' title='bbox 928 4117 967 4184; x_wconf 90' lang='lat' dir='ltr'>in</span> <span class='ocrx_word' id='word_1_313' title='bbox 992 4119 1068 4204; x_wconf 91' lang='lat' dir='ltr'>ipso</span> <span class='ocrx_word' id='word_1_314' title='bbox 1090 4119 1325 4204; x_wconf 83' lang='lat' dir='ltr'>horganeum,</span> <span class='ocrx_word' id='word_1_315' title='bbox 1344 4120 1381 4184; x_wconf 88' lang='lat' dir='ltr'>et</span> <span class='ocrx_word' id='word_1_316' title='bbox 1398 4116 1571 4184; x_wconf 84' lang='lat' dir='ltr'>faciamus</span> <span class='ocrx_word' id='word_1_317' title='bbox 1594 4116 1676 4183; x_wconf 92' lang='lat' dir='ltr'>illut</span> <span class='ocrx_word' id='word_1_318' title='bbox 1691 4117 1829 4185; x_wconf 87' lang='lat' dir='ltr'>salbum</span> <span class='ocrx_word' id='word_1_319' title='bbox 1844 4134 1980 4202; x_wconf 87' lang='lat' dir='ltr'>apsque</span> <span class='ocrx_word' id='word_1_320' title='bbox 1997 4117 2229 4205; x_wconf 83' lang='lat' dir='ltr'>generatione</span> <span class='ocrx_word' id='word_1_321' title='bbox 2252 4121 2289 4184; x_wconf 91' lang='lat' dir='ltr'>et</span> <span class='ocrx_word' id='word_1_322' title='bbox 2311 4117 2421 4203; x_wconf 86' lang='lat' dir='ltr'>ingne</span> 
     </span>
     <span class='ocr_line' id='line_1_25' title="bbox 569 4269 2414 4362; baseline -0.004 -21"><span class='ocrx_word' id='word_1_323' title='bbox 569 4281 606 4345; x_wconf 90' lang='lat' dir='ltr'>et</span> <span class='ocrx_word' id='word_1_324' title='bbox 629 4297 760 4362; x_wconf 78' lang='lat' dir='ltr'>murce,</span> <span class='ocrx_word' id='word_1_325' title='bbox 777 4277 886 4343; x_wconf 91' lang='lat' dir='ltr'>donec</span> <span class='ocrx_word' id='word_1_326' title='bbox 902 4274 985 4341; x_wconf 91' lang='lat' dir='ltr'>inde</span> <span class='ocrx_word' id='word_1_327' title='bbox 1001 4271 1090 4339; x_wconf 91' lang='lat' dir='ltr'>illud</span> <span class='ocrx_word' id='word_1_328' title='bbox 1107 4270 1255 4340; x_wconf 88' lang='lat' dir='ltr'>tulerint</span> <span class='ocrx_word' id='word_1_329' title='bbox 1270 4289 1354 4356; x_wconf 86' lang='lat' dir='ltr'>pars</span> <span class='ocrx_word' id='word_1_330' title='bbox 1369 4269 1480 4358; x_wconf 90' lang='lat' dir='ltr'>ipsius</span> <span class='ocrx_word' id='word_1_331' title='bbox 1494 4273 1627 4359; x_wconf 81' lang='lat' dir='ltr'>domni3</span> <span class='ocrx_word' id='word_1_332' title='bbox 1644 4275 1680 4339; x_wconf 90' lang='lat' dir='ltr'>et</span> <span class='ocrx_word' id='word_1_333' title='bbox 1697 4275 1820 4342; x_wconf 90' lang='lat' dir='ltr'>amodo</span> <span class='ocrx_word' id='word_1_334' title='bbox 1834 4280 1869 4342; x_wconf 91' lang='lat' dir='ltr'>et</span> <span class='ocrx_word' id='word_1_335' title='bbox 1886 4276 1970 4341; x_wconf 92' lang='lat' dir='ltr'>dum</span> <span class='ocrx_word' id='word_1_336' title='bbox 1995 4290 2059 4339; x_wconf 89' lang='lat' dir='ltr'>nos</span> <span class='ocrx_word' id='word_1_337' title='bbox 2081 4270 2291 4357; x_wconf 87' lang='lat' dir='ltr'>supradicta</span> <span class='ocrx_word' id='word_1_338' title='bbox 2309 4271 2414 4336; x_wconf 87' lang='lat' dir='ltr'>rebus</span> 
     </span>
     <span class='ocr_line' id='line_1_26' title="bbox 570 4421 2420 4518; baseline -0.006 -23"><span class='ocrx_word' id='word_1_339' title='bbox 570 4432 694 4500; x_wconf 87' lang='lat' dir='ltr'>tenere</span> <span class='ocrx_word' id='word_1_340' title='bbox 718 4425 934 4496; x_wconf 89' lang='lat' dir='ltr'>voluerimus</span> <span class='ocrx_word' id='word_1_341' title='bbox 947 4475 957 4511; x_wconf 90' lang='lat'>,</span> <span class='ocrx_word' id='word_1_342' title='bbox 989 4427 1031 4493; x_wconf 92' lang='lat' dir='ltr'>de</span> <span class='ocrx_word' id='word_1_343' title='bbox 1054 4442 1123 4509; x_wconf 89' lang='lat' dir='ltr'>que</span> <span class='ocrx_word' id='word_1_344' title='bbox 1147 4423 1278 4490; x_wconf 89' lang='lat' dir='ltr'>ibidem</span> <span class='ocrx_word' id='word_1_345' title='bbox 1303 4422 1622 4518; x_wconf 85' lang='lat' dir='ltr'>seminaberimus,</span> <span class='ocrx_word' id='word_1_346' title='bbox 1648 4441 1712 4508; x_wconf 89' lang='lat' dir='ltr'>per</span> <span class='ocrx_word' id='word_1_347' title='bbox 1735 4443 1839 4492; x_wconf 91' lang='lat' dir='ltr'>omne</span> <span class='ocrx_word' id='word_1_348' title='bbox 1862 4441 2001 4493; x_wconf 88' lang='lat' dir='ltr'>annum</span> <span class='ocrx_word' id='word_1_349' title='bbox 2024 4421 2147 4489; x_wconf 89' lang='lat' dir='ltr'>demus</span> <span class='ocrx_word' id='word_1_350' title='bbox 2170 4421 2253 4488; x_wconf 90' lang='lat' dir='ltr'>inde</span> <span class='ocrx_word' id='word_1_351' title='bbox 2277 4424 2316 4488; x_wconf 89' lang='lat' dir='ltr'>at</span> <span class='ocrx_word' id='word_1_352' title='bbox 2337 4435 2420 4506; x_wconf 88' lang='lat' dir='ltr'>pars</span> 
     </span>
    </p>
   </div>
   <div class='ocr_carea' id='block_1_3' title="bbox 569 4570 2417 4667">
    <p class='ocr_par' dir='ltr' id='par_1_3' title="bbox 569 4570 2417 4667">
     <span class='ocr_line' id='line_1_27' title="bbox 569 4570 2417 4667; baseline -0.007 -18"><span class='ocrx_word' id='word_1_353' title='bbox 569 4583 681 4667; x_wconf 88' lang='lat' dir='ltr'>ipsius</span> <span class='ocrx_word' id='word_1_354' title='bbox 705 4581 823 4647; x_wconf 90' lang='lat' dir='ltr'>domni</span> <span class='ocrx_word' id='word_1_355' title='bbox 847 4577 1060 4647; x_wconf 89' lang='lat' dir='ltr'>terraticum</span> <span class='ocrx_word' id='word_1_356' title='bbox 1083 4578 1277 4646; x_wconf 89' lang='lat' dir='ltr'>secundum</span> <span class='ocrx_word' id='word_1_357' title='bbox 1300 4574 1555 4642; x_wconf 90' lang='lat' dir='ltr'>consuetudine</span> <span class='ocrx_word' id='word_1_358' title='bbox 1571 4575 1614 4640; x_wconf 93' lang='lat' dir='ltr'>de</span> <span class='ocrx_word' id='word_1_359' title='bbox 1629 4571 1745 4658; x_wconf 91' lang='lat' dir='ltr'>ipsum</span> <span class='ocrx_word' id='word_1_360' title='bbox 1769 4573 1904 4656; x_wconf 92' lang='lat' dir='ltr'>locum;</span> <span class='ocrx_word' id='word_1_361' title='bbox 1929 4572 2017 4638; x_wconf 88' lang='lat' dir='ltr'>etsi</span> <span class='ocrx_word' id='word_1_362' title='bbox 2042 4589 2106 4638; x_wconf 88' lang='lat' dir='ltr'>nos</span> <span class='ocrx_word' id='word_1_363' title='bbox 2123 4570 2176 4637; x_wconf 91' lang='lat' dir='ltr'>vel</span> <span class='ocrx_word' id='word_1_364' title='bbox 2193 4572 2324 4638; x_wconf 88' lang='lat' dir='ltr'>nostris</span> <span class='ocrx_word' id='word_1_365' title='bbox 2341 4587 2417 4638; x_wconf 85' lang='lat' dir='ltr'>ere-</span> 
     </span>
    </p>
   </div>
   <div class='ocr_carea' id='block_1_4' title="bbox 478 4722 2421 5738">
    <p class='ocr_par' dir='ltr' id='par_1_4' title="bbox 478 4722 2421 5738">
     <span class='ocr_line' id='line_1_28' title="bbox 569 4722 2420 4817; baseline -0.006 -17"><span class='ocrx_word' id='word_1_366' title='bbox 569 4735 673 4801; x_wconf 90' lang='lat' dir='ltr'>dibus</span> <span class='ocrx_word' id='word_1_367' title='bbox 697 4733 809 4817; x_wconf 88' lang='lat' dir='ltr'>ipsius</span> <span class='ocrx_word' id='word_1_368' title='bbox 832 4731 952 4798; x_wconf 89' lang='lat' dir='ltr'>domni</span> <span class='ocrx_word' id='word_1_369' title='bbox 977 4750 999 4798; x_wconf 91' lang='lat' dir='ltr'>a</span> <span class='ocrx_word' id='word_1_370' title='bbox 1022 4731 1115 4798; x_wconf 83' lang='lat' dir='ltr'>foras</span> <span class='ocrx_word' id='word_1_371' title='bbox 1138 4728 1214 4814; x_wconf 87' lang='lat' dir='ltr'>ipse</span> <span class='ocrx_word' id='word_1_372' title='bbox 1239 4727 1419 4795; x_wconf 88' lang='lat' dir='ltr'>mensurio</span> <span class='ocrx_word' id='word_1_373' title='bbox 1444 4724 1753 4811; x_wconf 85' lang='lat' dir='ltr'>pastenaberimus</span> <span class='ocrx_word' id='word_1_374' title='bbox 1778 4727 1813 4790; x_wconf 88' lang='lat' dir='ltr'>et</span> <span class='ocrx_word' id='word_1_375' title='bbox 1837 4725 2029 4790; x_wconf 83' lang='lat' dir='ltr'>fecerimus</span> <span class='ocrx_word' id='word_1_376' title='bbox 2054 4722 2188 4790; x_wconf 90' lang='lat' dir='ltr'>ibidem</span> <span class='ocrx_word' id='word_1_377' title='bbox 2212 4725 2420 4807; x_wconf 85' lang='lat' dir='ltr'>arbustum,</span> 
     </span>
     <span class='ocr_line' id='line_1_29' title="bbox 478 4865 2421 4969; baseline -0.005 -19"><span class='ocrx_word' id='word_1_378' title='bbox 478 4865 486 4875; x_wconf 71' lang='grc'><strong><em>’</em></strong></span> <span class='ocrx_word' id='word_1_379' title='bbox 571 4885 628 4952; x_wconf 90' lang='lat' dir='ltr'>vel</span> <span class='ocrx_word' id='word_1_380' title='bbox 644 4883 912 4969; x_wconf 88' lang='lat' dir='ltr'>abellanietum,</span> <span class='ocrx_word' id='word_1_381' title='bbox 929 4901 992 4950; x_wconf 88' lang='lat' dir='ltr'>seu</span> <span class='ocrx_word' id='word_1_382' title='bbox 1008 4881 1204 4966; x_wconf 89' lang='lat' dir='ltr'>insitetum,</span> <span class='ocrx_word' id='word_1_383' title='bbox 1223 4879 1276 4946; x_wconf 90' lang='lat' dir='ltr'>vel</span> <span class='ocrx_word' id='word_1_384' title='bbox 1293 4879 1367 4946; x_wconf 88' lang='lat' dir='ltr'>alia</span> <span class='ocrx_word' id='word_1_385' title='bbox 1382 4895 1486 4963; x_wconf 90' lang='lat' dir='ltr'>poma</span> <span class='ocrx_word' id='word_1_386' title='bbox 1502 4875 1632 4945; x_wconf 90' lang='lat' dir='ltr'>ibidem</span> <span class='ocrx_word' id='word_1_387' title='bbox 1648 4877 1942 4962; x_wconf 76' lang='lat' dir='ltr'>plantaberimuS,</span> <span class='ocrx_word' id='word_1_388' title='bbox 1959 4876 2126 4944; x_wconf 87' lang='lat' dir='ltr'>similiter</span> <span class='ocrx_word' id='word_1_389' title='bbox 2144 4875 2278 4942; x_wconf 89' lang='lat' dir='ltr'>ibidem</span> <span class='ocrx_word' id='word_1_390' title='bbox 2295 4891 2421 4942; x_wconf 86' lang='lat' dir='ltr'>omnes.</span> 
     </span>
     <span class='ocr_line' id='line_1_30' title="bbox 571 5028 2413 5122; baseline -0.006 -18"><span class='ocrx_word' id='word_1_391' title='bbox 571 5041 693 5122; x_wconf 80' lang='lat' dir='ltr'>fruges</span> <span class='ocrx_word' id='word_1_392' title='bbox 708 5035 909 5104; x_wconf 87' lang='lat' dir='ltr'>dividamus</span> <span class='ocrx_word' id='word_1_393' title='bbox 926 5036 964 5100; x_wconf 92' lang='lat' dir='ltr'>in</span> <span class='ocrx_word' id='word_1_394' title='bbox 980 5035 1090 5101; x_wconf 87' lang='lat' dir='ltr'>tertia</span> <span class='ocrx_word' id='word_1_395' title='bbox 1107 5039 1259 5119; x_wconf 89' lang='lat' dir='ltr'>partem,</span> <span class='ocrx_word' id='word_1_396' title='bbox 1272 5037 1307 5098; x_wconf 92' lang='lat' dir='ltr'>et</span> <span class='ocrx_word' id='word_1_397' title='bbox 1319 5033 1407 5099; x_wconf 89' lang='lat' dir='ltr'>sorti</span> <span class='ocrx_word' id='word_1_398' title='bbox 1426 5032 1520 5098; x_wconf 90' lang='lat' dir='ltr'>inter</span> <span class='ocrx_word' id='word_1_399' title='bbox 1537 5047 1601 5095; x_wconf 90' lang='lat' dir='ltr'>nos</span> <span class='ocrx_word' id='word_1_400' title='bbox 1616 5028 1931 5115; x_wconf 89' lang='lat' dir='ltr'>compreendamus</span> <span class='ocrx_word' id='word_1_401' title='bbox 1947 5028 1984 5094; x_wconf 94' lang='lat' dir='ltr'>in</span> <span class='ocrx_word' id='word_1_402' title='bbox 2001 5029 2246 5114; x_wconf 87' lang='lat' dir='ltr'>suprascripta</span> <span class='ocrx_word' id='word_1_403' title='bbox 2261 5029 2413 5111; x_wconf 84' lang='lat' dir='ltr'>ratione,</span> 
     </span>
     <span class='ocr_line' id='line_1_31' title="bbox 571 5179 2415 5278; baseline -0.007 -18"><span class='ocrx_word' id='word_1_404' title='bbox 571 5197 608 5260; x_wconf 90' lang='lat' dir='ltr'>et</span> <span class='ocrx_word' id='word_1_405' title='bbox 624 5211 686 5278; x_wconf 88' lang='lat' dir='ltr'>per</span> <span class='ocrx_word' id='word_1_406' title='bbox 702 5194 823 5277; x_wconf 89' lang='lat' dir='ltr'>partes</span> <span class='ocrx_word' id='word_1_407' title='bbox 839 5186 1040 5257; x_wconf 84' lang='lat' dir='ltr'>laciendum</span> <span class='ocrx_word' id='word_1_408' title='bbox 1056 5186 1098 5252; x_wconf 90' lang='lat' dir='ltr'>de</span> <span class='ocrx_word' id='word_1_409' title='bbox 1114 5189 1234 5251; x_wconf 88' lang='lat' dir='ltr'>nostre</span> <span class='ocrx_word' id='word_1_410' title='bbox 1251 5185 1351 5268; x_wconf 89' lang='lat' dir='ltr'>sorti,</span> <span class='ocrx_word' id='word_1_411' title='bbox 1368 5184 1522 5269; x_wconf 85' lang='lat' dir='ltr'>qualiter</span> <span class='ocrx_word' id='word_1_412' title='bbox 1538 5186 1640 5252; x_wconf 90' lang='lat' dir='ltr'>nobis</span> <span class='ocrx_word' id='word_1_413' title='bbox 1657 5183 1871 5270; x_wconf 89' lang='lat' dir='ltr'>placuerint.</span> <span class='ocrx_word' id='word_1_414' title='bbox 1890 5189 1925 5252; x_wconf 92' lang='lat' dir='ltr'>et</span> <span class='ocrx_word' id='word_1_415' title='bbox 1939 5183 2024 5250; x_wconf 91' lang='lat' dir='ltr'>dum</span> <span class='ocrx_word' id='word_1_416' title='bbox 2049 5201 2111 5268; x_wconf 90' lang='lat' dir='ltr'>per</span> <span class='ocrx_word' id='word_1_417' title='bbox 2136 5183 2211 5269; x_wconf 86' lang='lat' dir='ltr'>ipse</span> <span class='ocrx_word' id='word_1_418' title='bbox 2237 5179 2415 5249; x_wconf 88' lang='lat' dir='ltr'>bindemie</span> 
     </span>
     <span class='ocr_line' id='line_1_32' title="bbox 569 5333 2417 5422; baseline -0.007 -9"><span class='ocrx_word' id='word_1_419' title='bbox 569 5346 702 5413; x_wconf 89' lang='lat' dir='ltr'>ibidem</span> <span class='ocrx_word' id='word_1_420' title='bbox 727 5341 891 5410; x_wconf 90' lang='lat' dir='ltr'>steterint</span> <span class='ocrx_word' id='word_1_421' title='bbox 914 5339 1062 5406; x_wconf 91' lang='lat' dir='ltr'>missum</span> <span class='ocrx_word' id='word_1_422' title='bbox 1087 5337 1199 5422; x_wconf 91' lang='lat' dir='ltr'>ipsius</span> <span class='ocrx_word' id='word_1_423' title='bbox 1222 5337 1341 5404; x_wconf 90' lang='lat' dir='ltr'>domni</span> <span class='ocrx_word' id='word_1_424' title='bbox 1367 5341 1405 5404; x_wconf 90' lang='lat' dir='ltr'>at</span> <span class='ocrx_word' id='word_1_425' title='bbox 1428 5335 1670 5422; x_wconf 89' lang='lat' dir='ltr'>recipiendum</span> <span class='ocrx_word' id='word_1_426' title='bbox 1688 5335 1765 5421; x_wconf 89' lang='lat' dir='ltr'>ipsa</span> <span class='ocrx_word' id='word_1_427' title='bbox 1787 5335 1979 5402; x_wconf 89' lang='lat' dir='ltr'>sortionem</span> <span class='ocrx_word' id='word_1_428' title='bbox 2002 5334 2045 5400; x_wconf 91' lang='lat' dir='ltr'>de</span> <span class='ocrx_word' id='word_1_429' title='bbox 2069 5335 2144 5420; x_wconf 89' lang='lat' dir='ltr'>ipso</span> <span class='ocrx_word' id='word_1_430' title='bbox 2168 5333 2307 5420; x_wconf 88' lang='lat' dir='ltr'>vinum,</span> <span class='ocrx_word' id='word_1_431' title='bbox 2332 5339 2417 5402; x_wconf 91' lang='lat' dir='ltr'>tuuc</span> 
     </span>
     <span class='ocr_line' id='line_1_33' title="bbox 574 5487 2417 5576; baseline -0.007 -9"><span class='ocrx_word' id='word_1_432' title='bbox 574 5517 639 5568; x_wconf 91' lang='lat' dir='ltr'>nos</span> <span class='ocrx_word' id='word_1_433' title='bbox 663 5499 718 5568; x_wconf 84' lang='lat' dir='ltr'>vel</span> <span class='ocrx_word' id='word_1_434' title='bbox 743 5498 877 5566; x_wconf 90' lang='lat' dir='ltr'>nostris</span> <span class='ocrx_word' id='word_1_435' title='bbox 900 5496 1065 5563; x_wconf 88' lang='lat' dir='ltr'>eredibus</span> <span class='ocrx_word' id='word_1_436' title='bbox 1088 5493 1281 5562; x_wconf 87' lang='lat' dir='ltr'>secundum</span> <span class='ocrx_word' id='word_1_437' title='bbox 1305 5497 1428 5560; x_wconf 88' lang='lat' dir='ltr'>nostra</span> <span class='ocrx_word' id='word_1_438' title='bbox 1457 5487 1692 5576; x_wconf 86' lang='lat' dir='ltr'>possibilitate</span> <span class='ocrx_word' id='word_1_439' title='bbox 1715 5487 1904 5556; x_wconf 88' lang='lat' dir='ltr'>debeamus</span> <span class='ocrx_word' id='word_1_440' title='bbox 1929 5507 2009 5556; x_wconf 90' lang='lat' dir='ltr'>eum</span> <span class='ocrx_word' id='word_1_441' title='bbox 2032 5489 2195 5575; x_wconf 86' lang='lat' dir='ltr'>nutrire,</span> <span class='ocrx_word' id='word_1_442' title='bbox 2220 5489 2313 5556; x_wconf 89' lang='lat' dir='ltr'>sicut</span> <span class='ocrx_word' id='word_1_443' title='bbox 2336 5505 2417 5554; x_wconf 89' lang='lat' dir='ltr'>con·</span> 
     </span>
     <span class='ocr_line' id='line_1_34' title="bbox 571 5641 2418 5738; baseline -0.006 -17"><span class='ocrx_word' id='word_1_444' title='bbox 571 5651 721 5721; x_wconf 90' lang='lat' dir='ltr'>suetudo</span> <span class='ocrx_word' id='word_1_445' title='bbox 744 5655 810 5738; x_wconf 82' lang='lat' dir='ltr'>est3</span> <span class='ocrx_word' id='word_1_446' title='bbox 834 5653 924 5719; x_wconf 87' lang='lat' dir='ltr'>etsi</span> <span class='ocrx_word' id='word_1_447' title='bbox 948 5668 1012 5718; x_wconf 88' lang='lat' dir='ltr'>nos</span> <span class='ocrx_word' id='word_1_448' title='bbox 1035 5649 1090 5714; x_wconf 88' lang='lat' dir='ltr'>vel</span> <span class='ocrx_word' id='word_1_449' title='bbox 1114 5645 1245 5714; x_wconf 88' lang='lat' dir='ltr'>nostris</span> <span class='ocrx_word' id='word_1_450' title='bbox 1269 5644 1434 5713; x_wconf 89' lang='lat' dir='ltr'>eredibus</span> <span class='ocrx_word' id='word_1_451' title='bbox 1464 5643 1507 5710; x_wconf 90' lang='lat' dir='ltr'>de</span> <span class='ocrx_word' id='word_1_452' title='bbox 1532 5661 1573 5710; x_wconf 90' lang='lat' dir='ltr'>ac</span> <span class='ocrx_word' id='word_1_453' title='bbox 1598 5647 1696 5711; x_wconf 89' lang='lat' dir='ltr'>terra</span> <span class='ocrx_word' id='word_1_454' title='bbox 1719 5644 1917 5710; x_wconf 84' lang='lat' dir='ltr'>exierimus</span> <span class='ocrx_word' id='word_1_455' title='bbox 1939 5647 1975 5710; x_wconf 91' lang='lat' dir='ltr'>et</span> <span class='ocrx_word' id='word_1_456' title='bbox 1998 5641 2109 5713; x_wconf 88' lang='lat' dir='ltr'>aliubi</span> <span class='ocrx_word' id='word_1_457' title='bbox 2138 5643 2183 5710; x_wconf 88' lang='lat' dir='ltr'>ad</span> <span class='ocrx_word' id='word_1_458' title='bbox 2209 5641 2418 5710; x_wconf 87' lang='lat' dir='ltr'>abitandum</span> 
     </span>
    </p>
   </div>
   <div class='ocr_carea' id='block_1_5' title="bbox 567 5794 2418 5894">
    <p class='ocr_par' dir='ltr' id='par_1_5' title="bbox 567 5794 2418 5894">
     <span class='ocr_line' id='line_1_35' title="bbox 567 5794 2418 5894; baseline -0.006 -19"><span class='ocrx_word' id='word_1_459' title='bbox 567 5807 740 5894; x_wconf 83' lang='lat' dir='ltr'>yerimus,</span> <span class='ocrx_word' id='word_1_460' title='bbox 763 5807 819 5872; x_wconf 92' lang='lat' dir='ltr'>vel</span> <span class='ocrx_word' id='word_1_461' title='bbox 842 5805 952 5874; x_wconf 89' lang='lat' dir='ltr'>talem</span> <span class='ocrx_word' id='word_1_462' title='bbox 976 5801 1163 5870; x_wconf 81' lang='lat' dir='ltr'>fecerimus</span> <span class='ocrx_word' id='word_1_463' title='bbox 1185 5799 1347 5884; x_wconf 90' lang='lat' dir='ltr'>culpam,</span> <span class='ocrx_word' id='word_1_464' title='bbox 1371 5797 1418 5865; x_wconf 90' lang='lat' dir='ltr'>ud</span> <span class='ocrx_word' id='word_1_465' title='bbox 1436 5798 1483 5864; x_wconf 91' lang='lat' dir='ltr'>ivi</span> <span class='ocrx_word' id='word_1_466' title='bbox 1502 5817 1524 5866; x_wconf 90' lang='lat' dir='ltr'>a</span> <span class='ocrx_word' id='word_1_467' title='bbox 1540 5797 1714 5883; x_wconf 87' lang='lat' dir='ltr'>palatium</span> <span class='ocrx_word' id='word_1_468' title='bbox 1737 5799 1897 5865; x_wconf 89' lang='lat' dir='ltr'>cecidere</span> <span class='ocrx_word' id='word_1_469' title='bbox 1920 5797 2160 5883; x_wconf 67' lang='lat' dir='ltr'>debuerimus</span> <span class='ocrx_word' id='word_1_470' title='bbox 2185 5801 2271 5864; x_wconf 89' lang='lat' dir='ltr'>tunc</span> <span class='ocrx_word' id='word_1_471' title='bbox 2295 5794 2418 5864; x_wconf 86' lang='lat' dir='ltr'>inclita</span> 
     </span>
    </p>
   </div>
   <div class='ocr_carea' id='block_1_6' title="bbox 0 0 2660 7077">
    <p class='ocr_par' dir='ltr' id='par_1_6' title="bbox 0 0 2660 7077">
     <span class='ocr_line' id='line_1_36' title="bbox 0 0 2660 7077; baseline 0 0"><span class='ocrx_word' id='word_1_472' title='bbox 0 0 2660 7077; x_wconf 95' lang='lat' dir='ltr'> </span> 
     </span>
    </p>
   </div>
  </div>
 </body>
</html>
