5376 7094
1010 551 1423 627 DlPLOMATlCUS

1129 1015 1290 1094 DXL.

1071 1273 1125 1348 A.
1154 1269 1205 1348 D.
1234 1267 1362 1350 1002.

327 1506 364 1644 †
387 1558 427 1622 ln
445 1558 588 1624 nominc
604 1557 739 1625 domini
757 1559 1024 1644 quartodecimo
1040 1576 1136 1627 6666
1152 1559 1376 1646 principatus
1391 1549 1511 1626 donini
1528 1563 1641 1629 nostri
1656 1564 1854 1648 guaimarii
1871 1565 2025 1652 glorioso
2042 1569 2145 1652 prin-

280 1725 392 1794 ceps,
418 1725 539 1777 mense
562 1710 723 1795 martin,
747 1710 1015 1795 quintadecima
1046 1711 1253 1778 indictione.
1288 1711 1577 1778 Memoratorium
1599 1713 1735 1781 sactum
1759 1733 1782 1781 a
1808 1732 1864 1782 me
1891 1717 2141 1784 constantinus

285 1859 385 1928 lilius
409 1857 588 1944 quondam
612 1859 745 1945 mauri,
762 1877 803 1925 eo
826 1859 919 1944 quod
943 1864 1027 1928 6616
1043 1861 1235 1928 6666611111
1250 1865 1358 1929 166166
1374 1880 1438 1948 per
1455 1862 1684 1951 largietatem
1698 1868 1735 1932 et
1749 1865 2008 1934 absolutionem
2022 1867 2144 1937 domni

281 2011 418 2080 maioni
444 2008 719 2078 archidiaconus
743 2011 778 2075 61
801 2011 913 2078 abbas
937 2011 1084 2081 ecclesie
1107 2013 1224 2080 sancti
1248 2014 1428 2098 maximi,
1454 2016 1516 2101 qui
1533 2019 1588 2082 661
1603 2033 1716 2082 unum
1731 2015 1775 2083 dc
1791 2015 1942 2085 dominii
1957 2017 2071 2102 ipsius
2088 2037 2146 2085 ec-

282 2160 389 2227 clesie
409 2209 419 2245 ,
443 2160 490 2227 ad
513 2158 706 2227 tenendum
729 2162 765 2225 et
789 2157 1024 2227 laborandum
1047 2162 1197 2230 tradidit
1221 2164 1331 2232 michi
1356 2170 1477 2251 petrus
1493 2167 1668 2252 presbiter
1718 2218 1964 2234 .....
1988 2185 2071 2234 cum
2088 2187 2148 2236 61-

283 2313 400 2378 bustis
424 2312 548 2379 vitatis
571 2313 611 2378 16
636 2309 751 2376 locum
775 2311 922 2378 61166116
946 2313 1007 2378 ubi
1032 2315 1168 2382 6611616
1191 2315 1352 2400 dicitur,
1377 2333 1452 2384 una
1501 2368 1509 2383 .
1560 2369 1568 2384 .
1620 2369 1627 2384 .
1676 2336 1739 2403 per
1762 2337 1802 2386 ec
1829 2318 1911 2386 11616
1938 2323 1974 2386 61
2005 2337 2148 2388 mensu-

283 2468 366 2534 rie:
391 2486 413 2534 a
437 2483 522 2550 pars
545 2464 696 2530 orientis
719 2463 790 2530 fine
815 2464 876 2531 via
899 2463 1056 2549 puplica,
1081 2469 1166 2532 sunt
1189 2467 1321 2534 exinde
1344 2467 1496 2535 latitudo
1519 2471 1616 2554 passi
1632 2424 1786 2556 triginta
1801 2470 1991 2555 quadtuor3
2009 2473 2045 2536 61
2063 2469 2147 2536 inde

283 2620 427 2688 abiente
451 2620 487 2684 et
511 2613 714 2682 rebclbente
738 2633 800 2699 per
825 2615 904 2700 ipsa
928 2614 988 2681 via
1011 2614 1051 2682 in
1074 2635 1160 2701 pars
1183 2619 1482 2704 septemtrionali,
1506 2625 1591 2688 sunt
1613 2621 1745 2688 exinde
1769 2620 1954 2706 longitudo
1970 2623 2068 2706 passi
2084 2639 2147 2687 no-

285 2771 441 2858 naginta
464 2767 667 2854 quadtuor:
693 2785 716 2833 a
739 2767 901 2850 partibus
925 2767 1121 2835 occidentis
1143 2769 1214 2836 fine
1239 2771 1355 2838 medio
1379 2771 1523 2857 limite,
1548 2773 1642 2839 sicut
1665 2790 1747 2857 sepe
1770 2772 1957 2856 discernit,
1981 2777 2065 2840 sunl
2088 2791 2150 2841 ex-

287 2920 370 2988 inde
394 2921 492 3006 passi
527 2969 534 2986 .
568 2971 575 2985 .
611 2970 619 2985 .
651 2923 729 2985 octo
752 2923 787 2986 et
811 2919 993 2986 medium:
1019 2941 1041 2988 a
1066 2938 1150 3006 pars
1174 2921 1322 2988 meridie
1347 2926 1401 2988 est
1424 2921 1611 3007 longitudo
1633 2923 1730 3007 passi
1756 2924 1945 3008 nonaginti
1973 2975 2017 2990 ..
2053 2976 2061 2990 .
2094 2975 2101 2990 .
2139 2977 2146 2990 .

285 3071 444 3142 secunda
475 3071 581 3156 pocla
609 3089 672 3156 per
702 3089 742 3138 ec
765 3071 849 3136 finis
873 3073 908 3136 et
931 3073 1111 3139 mensurio
1132 3093 1140 3138 :
1165 3071 1208 3138 (16
1232 3090 1304 3140 una
1328 3077 1430 3158 parte
1454 3074 1548 3140 sicut
1573 3073 1688 3140 limite
1710 3076 1746 3140 61
1770 3091 1852 3160 scpc
1876 3074 2069 3160 discernit,
2094 3078 2149 3143 111-

292 3226 407 3310 deque
431 3223 527 3309 passi
551 3222 756 3308 quindecim
780 3226 816 3289 et
838 3222 961 3308 pedem
984 3241 1124 3289 unum:
1149 3223 1193 3290 (16
1216 3221 1291 3293 6116
1314 3226 1416 3308 parte
1440 3223 1511 3290 fine
1534 3225 1698 3291 maranci
1721 3227 1758 3290 et
1780 3224 1822 3291 (16
1838 3223 1986 3290 heredes
2002 3227 2095 3311 petri
2110 3232 2146 3294 61

289 3378 360 3445 fine
383 3375 532 3444 ecclesie
555 3377 678 3442 sancte
702 3374 816 3442 marie
839 3367 1079 3476 pertinentem
1100 3375 1143 3442 dc
1166 3375 1313 3442 heredes
1338 3373 1492 3442 maraldi
1505 3422 1516 3460 ,
1540 3336 1634 3441 sicut
1657 3373 1772 3443 limite
1795 3379 1831 3444 et
1853 3393 1935 3462 sepo
1958 3376 2148 3464 discernit,

293 3531 445 3616 indeque
477 3530 573 3615 passi
608 3529 866 3614 septuaginta:
892 3529 936 3595 de
959 3529 1035 3598 alia
1069 3533 1170 3616 parte
1206 3530 1275 3597 fine
1299 3529 1457 3615 predicte
1480 3529 1627 3598 ecclesie
1661 3535 1784 3598 sancte
1820 3533 1948 3616 marie,
1980 3533 2074 3601 sicut
2107 3533 2149 3598 li·

290 3684 376 3750 mite
399 3681 599 3766 discernit,
624 3685 660 3747 61
684 3680 767 3747 inde
790 3683 875 3746 sunt
898 3680 994 3764 passi
1018 3681 1139 3747 decem
1162 3679 1282 3746 minus
1305 3679 1409 3765 pedes
1432 3680 1528 3747 duo:
1554 3680 1597 3748 de
1621 3678 1695 3749 alia
1718 3685 1820 3767 parte
1844 3680 1914 3748 fine
1937 3680 1980 3748 de
2000 3683 2147 3750 heredes

290 3833 500 3919 costantini,
524 3838 560 3901 et
582 3832 667 3899 inde
690 3831 786 3917 passi
811 3832 1041 3918 septuaginta
1057 3837 1146 3899 oct0.
1162 3834 1272 3901 tertia
1295 3835 1398 3919 pecia
1422 3835 1543 3920 ibique
1567 3855 1590 3904 a
1613 3837 1738 3902 subtus
1768 3833 1812 3902 de
1841 3852 1914 3902 una
1945 3839 2048 3920 parte
2082 3837 2154 3906 fine

290 3993 335 4060 de
357 3990 480 4060 eredes
503 3990 646 4075 unoalc,
664 3989 746 4057 inde
769 3989 866 4076 passi
889 3988 1101 4057 duodecim:
1127 3988 1171 4056 de
1194 3988 1267 4056 alia
1291 3993 1394 4073 parte
1417 3989 1488 4055 fine
1512 3989 1555 4056 de
1578 3988 1701 4057 eredes
1715 3987 1901 4076 edelgari,
1918 3989 2013 4057 sicut
2038 3989 2154 4059 limite

287 4143 491 4230 discernit,
515 4141 609 4210 unde
632 4142 701 4210 fuit
724 4142 785 4208 via
808 4142 960 4226 antica,
983 4145 1020 4209 61
1042 4140 1127 4208 inde
1150 4144 1235 4207 sunt
1259 4141 1354 4225 passi
1380 4139 1535 4226 triginta
1558 4140 1762 4226 quadtuor:
1788 4141 1831 4208 de
1856 4140 1931 4210 alia
1955 4145 2058 4227 parte
2081 4142 2153 4209 fine

292 4292 440 4360 ecclesie
464 4297 588 4361 sancte
613 4295 742 4380 marie,
767 4294 862 4360 sicut
885 4293 999 4360 limite
1022 4292 1208 4376 discernit,
1225 4295 1261 4358 61
1284 4291 1367 4358 inde
1384 4292 1480 4377 passi
1497 4291 1702 4376 quindecim
1717 4296 1753 4359 61
1770 4292 1939 4359 medium:
1957 4293 2033 4361 alia
2049 4297 2153 4378 parte

294 4443 366 4511 fine
390 4463 459 4530 que
481 4444 550 4512 fuit
572 4444 749 4512 venedicti
773 4443 911 4529 clerici,
935 4442 1028 4528 quod
1052 4447 1149 4510 16661
1172 4443 1348 4529 episcopio
1371 4442 1607 4528 salernitano,
1625 4445 1719 4511 sicut
1742 4444 1878 4510 termiti
1903 4445 1977 4512 ficti
2001 4447 2098 4529 sunt,
2115 4448 2151 4511 et

296 4594 377 4662 inde
401 4596 497 4682 passi
521 4597 675 4682 triginta
699 4597 858 4682 quinque
880 4600 916 4663 et
939 4595 1064 4681 pedem
1088 4613 1210 4662 unum:
1235 4599 1347 4662 totum
1373 4598 1618 4662 mensuratum
1642 4594 1688 4662 ad
1710 4596 1804 4662 iusto
1821 4613 1980 4682 passum.
2006 4597 2055 4662 Ec
2070 4613 2153 4664 vero

231 4767 237 4776 ·
294 4747 402 4813 rebus
426 4765 489 4833 per
513 4746 682 4816 iamdicto
706 4748 790 4814 finis
812 4752 848 4816 et
872 4747 1053 4816 mensuris
1077 4747 1242 4815 inclitum
1265 4745 1347 4812 illut
1370 4745 1480 4812 michi
1504 4745 1579 4830 ipse
1611 4751 1733 4832 petrus
1764 4747 1961 4832 presbiter,
1985 4749 2078 4816 sicut
2100 4748 2154 4816 di·

296 4899 391 4964 ctum
415 4901 483 4982 661,
509 4898 555 4966 ad
579 4898 814 4966 laborandum
837 4898 988 4966 tradidit
1011 4898 1076 4966 tali
1101 4896 1225 4964 ordine
1247 4944 1255 4980 ,
1281 4898 1321 4961 ut
1343 4893 1468 4961 liceret
1491 4911 1547 4961 me
1571 4898 1607 4961 et
1630 4895 1719 4961 meis
1743 4895 1934 4963 heredibus
1956 4899 2028 4965 tote
2050 4899 2086 4964 et
2101 4896 2156 4962 16-

297 5047 381 5116 61116
405 5049 648 5133 suprascripte
671 5050 770 5134 pecie
793 5050 837 5116 de
860 5049 970 5116 161116
993 5066 1056 5134 per
1081 5046 1249 5114 iamdicta
1277 5045 1361 5110 finis
1392 5047 1428 5110 ct
1456 5044 1637 5111 1666611116
1666 5049 1785 5113 666116
1817 5047 2003 5132 potestatis
2033 5053 2155 5116 tenere

294 5205 332 5267 61
354 5199 540 5269 1166116616
559 5250 569 5286 ,
592 5205 628 5269 61
651 5201 749 5268 foveo
772 5204 808 5268 et
830 5199 946 5266 omnis
971 5203 1091 5266 nostre
1114 5198 1284 5266 utilitatis
1308 5195 1441 5264 ibidem
1464 5198 1594 5282 tacere,
1618 5201 1653 5265 61
1677 5199 1716 5266 16
1741 5197 1820 5284 ipsa
1842 5199 1961 5285 priore
1985 5201 2088 5287 pecla
2104 5201 2155 5268 la·

298 5351 436 5420 ciamus
459 5370 571 5420 unum
594 5353 789 5440 applictum
813 5353 857 5420 do
880 5371 965 5421 casa
988 5370 1132 5439 vonum,
1156 5351 1295 5419 clusum
1318 5355 1354 5420 ct
1377 5355 1592 5439 coopertum,
1617 5351 1711 5419 sicut
1733 5353 1932 5437 meruerit,
1956 5357 1992 5420 61
2014 5353 2155 5420 concia-

297 5507 373 5570 tum
397 5505 500 5572 illum
523 5523 678 5592 vonum,
701 5507 795 5574 sicut
824 5507 1005 5590 diximus,
1030 5505 1261 5592 adsignemus
1284 5503 1323 5571 in
1347 5502 1510 5590 partibus
1532 5501 1690 5587 predicte
1713 5500 1860 5570 ecclesie
1891 5503 2007 5570 sancti
2039 5501 2156 5570 maxi·

299 5653 362 5738 mi,
378 5661 415 5723 61
437 5656 658 5744 palmentum
681 5658 813 5725 ibidem
836 5657 1067 5746 adsignemus
1090 5661 1126 5726 ct
1149 5659 1321 5726 abeamus
1344 5657 1383 5723 in
1407 5654 1487 5740 ipsa
1510 5655 1631 5741 rebus,
1655 5657 1781 5722 611616
1797 5655 1998 5740 ipsarebus
2017 5671 2156 5723 annua·

300 5802 383 5872 liter
408 5805 610 5875 laboremus
633 5811 669 5876 61
691 5808 888 5877 studiemus
911 5826 1055 5894 vonum,
1079 5813 1115 5878 et
1138 5809 1200 5876 ubi
1224 5809 1411 5894 meruerit,
1435 5809 1581 5876 arbores
1603 5811 1639 5875 et
1661 5806 1752 5874 vites
1776 5804 1942 5891 plantare
1965 5810 2001 5876 61
2024 5825 2156 5895 propa·
