5310 7080
549 491 594 560 511
1189 482 1362 552 COllEX
1396 482 1664 554 CAVENSIS

500 710 592 779 tiam
616 715 771 798 partem,
795 713 831 778 et
854 727 918 777 nos
942 709 1009 776 due
1035 707 1161 792 sortis3
1185 706 1354 774 similiter
1377 711 1413 774 61
1436 707 1479 774 de
1503 713 1635 793 quante
1660 711 1800 796 quertie
1825 709 1954 777 ibidem
1980 713 2077 796 sunt,
2101 709 2202 777 etde
2227 713 2358 796 quante

499 868 605 932 extra
631 866 710 950 ipsa
734 864 931 948 mensoria,
956 863 1054 930 salbe
1077 861 1137 928 ille
1161 861 1351 946 saciamuS,
1375 864 1411 927 et
1434 861 1641 930 annualiter
1666 863 1726 930 ille
1751 862 1975 950 colligamus,
1993 867 2029 930 61
2053 863 2198 931 tertiam
2221 868 2357 950 partem

468 1047 473 1058 ·
500 1015 632 1083 ibidem
647 1018 692 1084 ad
710 1015 855 1083 missum
872 1034 996 1082 eorum
1012 1015 1093 1082 inde
1110 1015 1248 1100 demun,
1265 1017 1300 1081 et
1315 1014 1383 1080 due
1399 1013 1504 1080 sortis
1520 1014 1652 1082 exinde
1668 1015 1770 1081 nobis
1788 1016 1971 1098 abeamus3
1996 1017 2032 1080 et
2048 1033 2112 1081 nos
2134 1016 2249 1100 ipsum
2275 1014 2357 1081 mis-

499 1187 598 1254 sum,
623 1169 706 1235 dum
731 1167 862 1234 ibidem
887 1168 1026 1235 steterit
1057 1184 1120 1252 pro
1145 1167 1221 1251 ipse
1252 1165 1430 1232 bindemie
1444 1215 1454 1250 ,
1484 1167 1685 1234 nutriamus
1709 1167 1903 1233 secundum
1927 1171 2048 1233 nostra
2073 1166 2355 1252 possibilitatem,

497 1327 533 1386 et
554 1321 812 1406 palmentatioa
835 1340 959 1388 eorum
983 1322 1117 1406 demus3
1135 1325 1171 1387 61
1188 1320 1230 1386 de
1247 1319 1339 1404 quod
1363 1319 1495 1404 inipso
1519 1321 1704 1386 arbustum
1729 1318 1939 1387 annualiter
1962 1319 2275 1405 seminaberimus,
2299 1320 2356 1386 de-

499 1491 577 1540 mus
592 1473 674 1540 inde
690 1476 728 1540 in
745 1494 832 1560 pars
857 1476 969 1562 ipsius
995 1475 1141 1542 ecclesie
1165 1474 1376 1540 terraticum
1401 1471 1596 1538 secundum
1620 1472 1915 1538 consuetudinem
1939 1471 1981 1538 de
2006 1472 2080 1556 ipso
2106 1471 2234 1557 locum,
2260 1477 2295 1540 et
2320 1473 2354 1538 in

499 1627 615 1710 capite
639 1627 682 1693 de
707 1629 786 1713 ipsa
812 1631 930 1712 rebuS,
947 1629 989 1694 de
1016 1627 1097 1692 illut
1121 1645 1189 1711 que
1208 1644 1278 1692 non
1294 1623 1603 1710 pastonaberimus
1628 1625 1802 1709 usquein
1826 1642 1926 1690 serra
1950 1625 1992 1691 de
2017 1626 2130 1711 ipsum
2156 1632 2285 1712 monte,
2312 1627 2351 1694 li-

499 1780 655 1846 centiam
679 1781 849 1846 abeamus
874 1779 957 1847 illut
983 1780 1162 1862 laborare,
1187 1769 1405 1862 usquedum
1429 1781 1579 1860 parutus
1603 1775 1726 1860 suerit,
1744 1779 1783 1842 ut
1808 1775 1890 1842 illut
1914 1776 1959 1843 ad
1983 1778 2245 1861 pastenandum
2269 1779 2354 1846 dan-

498 1933 582 1996 dum
607 1933 764 2015 benerit,
789 1937 824 1996 et
846 1931 968 1997 demus
993 1930 1075 1996 inde
1100 1930 1138 1994 in
1155 1947 1240 2014 pars
1266 1927 1378 2013 ipsius
1402 1927 1564 2014 ecclesie,
1590 1927 1681 1995 siout
1705 1928 1920 1994 consuetudo
1943 1933 2009 2013 est,
2038 1932 2174 2015 etipsa
2199 1932 2351 2000 sortione

497 2080 540 2147 de
566 2084 639 2168 ipso
663 2083 806 2168 binum,
832 2084 924 2168 quod
948 2084 994 2152 ad
1019 2103 1104 2170 pars
1128 2084 1241 2170 ipsius
1264 2080 1411 2148 ecclesie
1436 2080 1518 2147 inde
1542 2081 1716 2165 ebenerit,
1734 2097 1798 2145 nos
1826 2079 1927 2148 illum
1952 2099 2163 2166 reponamus
2189 2083 2225 2148 in
2249 2101 2354 2172 orga-

499 2255 581 2321 nea,
606 2237 698 2321 quod
721 2255 804 2321 pars
829 2236 941 2323 ipsius
964 2237 1109 2304 ecclesie
1134 2238 1236 2303 nobis
1260 2233 1545 2320 adsingnaberit,
1570 2238 1605 2300 et
1628 2253 1690 2319 per
1715 2253 1779 2300 nos
1804 2235 1875 2302 liad
1901 2237 1994 2302 bona
2019 2235 2195 2322 conciata,
2220 2243 2256 2304 et
2273 2239 2348 2324 ipso

501 2387 623 2453 binum
648 2387 779 2455 ibidem
803 2387 988 2453 mittamus
1018 2391 1053 2454 et
1080 2387 1218 2453 salbum
1242 2386 1343 2454 illum
1367 2387 1564 2471 saciamuS,
1599 2403 1710 2470 usque
1741 2385 1824 2452 dum
1853 2405 1937 2471 pars
1961 2386 2072 2471 ipsius
2095 2373 2243 2455 ecclesie
2267 2391 2349 2458 inde

499 2541 639 2626 tulerit,
664 2544 797 2627 absque
822 2540 1097 2626 degeneratione
1122 2545 1156 2608 61
1182 2541 1290 2626 ingne
1315 2545 1350 2606 et
1365 2557 1485 2605 muros
1509 2541 1545 2624 ¹l3
1570 2540 1692 2604 tamen
1717 2535 1762 2604 ad
1785 2537 1948 2621 completi
1975 2538 2099 2605 amodo
2122 2540 2241 2608 decem
2265 2544 2351 2610 anni

500 2693 671 2758 abeamus
695 2697 769 2758 tota
795 2691 873 2776 ipsa
896 2697 993 2760 terra
1009 2697 1156 2776 operata
1179 2697 1214 2758 61
1238 2693 1333 2760 lacta
1358 2691 1477 2776 binea,
1494 2696 1529 2756 61
1545 2687 1765 2772 cannietum,
1788 2693 1824 2755 et
1840 2688 2040 2774 salicetum,
2064 2696 2099 2757 ot
2124 2690 2249 2775 pomis,
2275 2709 2351 2774 seu,

497 2841 591 2908 sicut
613 2841 785 2928 diximuS,
809 2843 995 2910 arbustum
1020 2841 1075 2907 vel
1099 2841 1233 2928 pomis,
1258 2847 1373 2908 totum
1398 2843 1548 2924 bonum,
1574 2845 1712 2906 surtum
1736 2845 1771 2906 61
1796 2839 2023 2927 laboratum,
2047 2842 2140 2908 sicut
2162 2844 2204 2909 de
2233 2849 2351 2912 tantos

495 3012 609 3060 annos
634 2995 809 3061 meruerit
832 2997 867 3060 et
892 2993 958 3059 loci
986 2992 1084 3060 illius
1108 2997 1161 3060 est
1185 2994 1401 3060 consuetudo
1417 3041 1427 3078 ,
1460 2991 1529 3059 alio
1559 2992 1610 3057 sic
1642 2995 1811 3059 abeamus
1843 2992 1925 3058 illut
1957 2995 2048 3080 quod
2079 2994 2211 3062 ibidem
2244 3003 2349 3065 extra

498 3146 578 3230 ipsa
602 3146 785 3214 mensurio
809 3145 1141 3231 pastenaberimus,
1174 3147 1305 3211 bonum
1337 3147 1468 3212 l'actum
1500 3147 1535 3208 61
1567 3145 1731 3226 surtum,
1762 3145 1798 3208 et
1822 3160 1880 3207 eos
1904 3147 2018 3210 toturn
2045 3144 2081 3210 in
2107 3147 2349 3232 suprascripta

497 3297 636 3364 ratione
660 3303 844 3364 teneamus
867 3302 903 3364 et
926 3297 1146 3363 dominemus
1160 3347 1170 3383 ,
1199 3304 1235 3363 61
1267 3296 1390 3364 amodo
1421 3299 1457 3360 et
1489 3294 1585 3361 omni
1617 3300 1774 3379 tempore
1798 3314 1883 3380 pars
1900 3299 2059 3382 predicte
2083 3300 2230 3366 66616616
2256 3301 2349 3368 eius·

497 3465 566 3534 que
592 3453 747 3514 rectores
774 3449 958 3516 defensare
985 3449 1088 3514 nobis
1112 3448 1312 3532 nostrisque
1336 3447 1501 3513 erodibus
1525 3446 1653 3514 inclita
1676 3448 1919 3534 suprascripta
1943 3450 2155 3518 tradictione
2171 3472 2252 3518 cum
2276 3453 2349 3521 bice

495 3597 538 3664 de
563 3598 624 3666 bia
646 3600 772 3668 suada
789 3599 904 3666 omnis
928 3599 1063 3666 omines
1088 3597 1254 3684 omnique
1279 3597 1452 3683 partibus,
1476 3601 1598 3666 tamen
1615 3601 1823 3684 potestatem
1839 3603 2008 3668 abeamus
2031 3603 2073 3668 do
2098 3603 2173 3690 ipse
2197 3606 2348 3690 quertie,

495 3769 563 3836 que
587 3751 682 3820 intra
707 3753 781 3836 ipse
805 3750 1035 3819 tradiotiones
1059 3755 1169 3836 sunt,
1193 3754 1228 3816 et
1252 3768 1321 3836 que
1344 3755 1447 3817 extra
1471 3749 1548 3836 ipsa
1572 3751 1780 3840 mensoria,
1803 3773 1872 3838 que
1896 3756 1975 3821 abte
2000 3758 2105 3842 sunt,
2131 3757 2213 3823 inde
2237 3775 2349 3825 scam-

494 3921 617 3990 pemus
640 3907 676 3970 et
698 3909 900 3971 troncemus
916 3903 942 3986 ²)
964 3901 1039 3988 ille,
1063 3901 1156 3968 sicut
1179 3902 1365 3986 meruerit,
1390 3906 1426 3969 et
1450 3902 1539 3970 bites
1564 3903 1708 3992 ibidem,
1732 3904 1824 3972 sicut
1846 3906 2032 3994 meruerit,
2057 3912 2284 3994 pastenemus
2310 3910 2348 3975 in

494 4056 736 4142 suprascripto
762 4055 887 4122 ordine
916 4057 1099 4139 operatum
1124 4055 1293 4120 abeamus
1318 4071 1398 4120 oum
1424 4057 1537 4120 totum
1560 4054 1636 4140 ipso
1660 4056 1752 4124 aliut
1777 4076 1846 4142 que
1869 4057 2050 4146 diximus,
2082 4066 2117 4128 et
2146 4079 2205 4128 eos
2232 4065 2346 4130 totum

491 4207 691 4275 laboremus
714 4212 750 4274 61
774 4213 959 4276 teneamus
981 4207 1021 4272 in
1036 4206 1282 4292 suprascripta
1306 4204 1446 4272 ratione
1463 4207 1498 4271 et
1515 4223 1585 4270 non
1609 4205 1690 4272 illut
1713 4206 1815 4273 nobis
1840 4209 1963 4277 tollere
1981 4214 2044 4279 aut
2061 4217 2247 4281 contrare:
2270 4219 2347 4282 tan·

490 4365 567 4427 tum
592 4360 772 4446 sceptuabi
798 4359 928 4428 exinde
952 4359 1013 4425 ubi
1037 4377 1108 4425 non
1133 4356 1353 4444 potuerimus
1378 4356 1416 4422 in
1434 4356 1511 4442 ipsa
1535 4359 1642 4424 rebus
1666 4362 1856 4443 pastenare
1881 4381 1944 4446 pro
1958 4369 2061 4448 petra
2086 4363 2280 4453 inmobilis,
2309 4372 2348 4433 ut

491 4515 631 4582 nullam
655 4513 789 4582 siamus
815 4513 1035 4579 indecorum
1059 4509 1268 4597 culpabiles,
1293 4514 1347 4576 set
1369 4507 1473 4577 soluti
1500 4509 1583 4576 inde
1608 4528 1814 4579 maneamus
1837 4513 1916 4580 sine
1938 4515 2131 4601 calumnie3
2157 4537 2220 4584 seu
2235 4524 2271 4586 et
2287 4520 2347 4588 da·

493 4669 550 4731 ret
574 4667 677 4732 nobis
699 4663 796 4732 omni
822 4669 981 4748 tempore
1003 4661 1100 4731 biam
1116 4663 1161 4732 ad
1176 4663 1327 4731 fontana
1348 4662 1410 4747 qui
1436 4667 1488 4728 est
1511 4663 1550 4728 in
1567 4665 1674 4730 rebus
1698 4663 1808 4750 ipsius
1831 4666 1977 4734 ecclesie
2000 4670 2042 4736 de
2060 4669 2158 4756 illuc,
2186 4676 2226 4738 ut
2250 4675 2346 4742 iusta

492 4815 631 4884 ratione
654 4816 699 4882 ad
723 4817 801 4900 ipsa
825 4815 972 4881 fontana
996 4811 1184 4899 ingredere
1210 4815 1244 4878 et
1261 4812 1449 4898 regredere
1472 4831 1657 4899 possamus
1680 4836 1762 4884 cum
1787 4823 1905 4887 nostre
1929 4821 2163 4909 congruitati,
2192 4829 2226 4892 et
2250 4845 2346 4911 aqua

493 4969 625 5036 exinde
649 4968 836 5035 auriamus
858 4971 894 5032 et
917 4971 1058 5050 portare
1081 4967 1220 5050 quanta
1245 4964 1485 5054 boluerimus3
1518 4973 1554 5036 61
1578 4971 1684 5056 quale
1708 4976 1864 5058 tempore
1887 4974 1933 5040 da
1957 4972 2027 5059 ipsi
2051 4975 2172 5044 decem
2195 4978 2282 5046 anni
2310 4979 2346 5045 in

491 5125 599 5190 antea
623 5119 700 5204 ipsa
723 5120 827 5184 rebus
850 5119 972 5183 tenere
995 5121 1031 5183 et
1055 5115 1218 5183 laborare
1243 5133 1314 5181 non
1331 5117 1561 5208 boluerimus,
1586 5121 1700 5190 licead
1723 5140 1786 5189 nos
1805 5123 1887 5191 inde
1910 5129 2030 5213 exire,
2054 5147 2135 5194 cum
2153 5133 2268 5198 omnis
2286 5151 2345 5198 no-

534 5581 557 5660 1)
577 5601 696 5654 rieures,
721 5581 855 5643 scilieet
874 5581 1011 5659 fecibus.

533 5725 557 5806 ²)
578 5725 1057 5789 truncemus-obtruncamur.
