5310 7080
604 515 672 587 lna
1244 510 1419 584 deunx
1452 511 1719 587 CAVENSIS

553 741 717 828 partibus
739 739 845 810 etde
867 756 987 808 omnes
1010 737 1171 807 homines
1195 737 1393 807 abitatores
1417 739 1461 808 de
1486 740 1656 826 maliano;
1682 743 1767 810 etsi
1794 741 1919 812 taliter
1940 742 2021 810 illut
2038 743 2140 811 nobis
2156 760 2228 811 non
2243 743 2405 814 defensa-

556 894 689 982 berint,
715 892 769 961 rel
795 891 939 978 aliquit,
956 889 999 959 de
1023 889 1194 977 quomodo
1216 891 1380 977 superius
1403 889 1551 980 legitur,
1568 895 1749 963 remobere
1772 897 1836 964 aut
1858 899 2024 965 contrare
2046 894 2264 983 quesierint,
2288 899 2351 966 aut
2373 899 2404 968 si

556 1046 802 1132 quodcumque
825 1045 1049 1120 causationes
1070 1043 1173 1112 nobis
1195 1043 1250 1112 vel
1272 1044 1317 1112 ed
1342 1063 1425 1131 pars
1448 1045 1606 1132 predicte
1630 1051 1749 1116 nostre
1765 1049 1938 1117 hecclesie
1963 1048 2047 1117 inde
2063 1049 2324 1137 proposuerint,
2341 1068 2406 1136 per

556 1199 648 1267 bona
670 1195 933 1267 combenientia
948 1215 1011 1284 per
1028 1197 1107 1284 ipsa
1122 1196 1257 1285 guadia
1272 1197 1479 1284 componere
1495 1197 1746 1285 obligaberunt
1762 1216 1799 1266 se
1816 1203 1852 1266 ct
1863 1200 2014 1286 posteris
2027 1199 2171 1268 illorum
2182 1201 2226 1268 ed
2237 1199 2403 1270 eredibus

552 1369 677 1419 eorum
700 1351 872 1421 tricentos
895 1351 977 1420 auri
1000 1349 1128 1418 solidos
1151 1350 1471 1418 constantinianos.
1496 1355 1532 1418 et
1556 1352 1650 1418 bunc
1667 1353 1811 1420 brebem
1827 1353 1954 1421 scribsi
1971 1371 2037 1439 ego
2055 1353 2207 1422 roderisi
2225 1357 2399 1422 notarius.

601 1478 632 1594 †
657 1523 724 1593 ego
746 1507 809 1591 qui
834 1524 944 1592 supra
968 1506 1173 1575 adelbertus
1196 1523 1310 1573 comes

601 1628 632 1746 †
657 1677 723 1746 ego
747 1660 810 1744 qui
834 1677 943 1746 supra
968 1659 1223 1744 rodelgrimus.

1339 2466 1392 2544 Α.
1423 2465 1474 2544 D.
1502 2463 1632 2546 1008.

603 2765 710 2834 Aliud
733 2765 919 2848 coemptor
938 2761 1118 2846 praedicti
1142 2758 1384 2828 Memoratorii
1409 2758 1559 2827 babetur
1582 2759 1643 2827 sub
1666 2759 1728 2827 hoe
1755 2777 1918 2826 ttorncro.

1380 3402 1591 3485 DCVII.

1335 3666 1390 3744 A.
1419 3665 1469 3743 D.
1498 3663 1627 3745 1008.

612 3909 649 4049 †
676 3965 714 4028 ln
738 3961 880 4028 nomine
903 3957 1037 4028 domini
1061 3957 1226 4028 vicesimo
1257 3974 1351 4027 anno
1380 3957 1600 4044 principatus
1629 3957 1746 4024 domni
1772 3957 1882 4024 nostri
1909 3955 2103 4044 guaimarii
2128 3953 2281 4040 glorioso
2307 3955 2410 4039 prin-

561 4115 654 4201 cipe,
677 4130 798 4182 mense
822 4113 980 4198 octuber,
1004 4111 1153 4197 septima
1178 4109 1383 4178 indictione.
1407 4110 1547 4179 declaro
1571 4128 1637 4198 ego
1661 4110 1828 4196 iohanne,
1847 4109 1983 4176 domini
2007 4108 2128 4195 gratia
2151 4109 2261 4176 abbas
2284 4124 2410 4176 mona-

555 4267 658 4335 sterii
682 4267 798 4335 sancti
821 4265 1006 4333 michaelis
1029 4262 1238 4351 archangeli
1262 4265 1323 4349 qui
1349 4265 1386 4330 in
1410 4263 1618 4333 lucanicnse
1634 4265 1764 4332 finibus
1781 4266 1889 4332 situm
1907 4271 1971 4350 est,
1990 4263 2159 4349 quoniam
2184 4281 2268 4348 pars
2292 4263 2409 4330 nostri
2547 4333 2553 4346 ,

460 4503 461 4506 ¹
555 4415 762 4488 monasterii
786 4417 905 4504 plures
929 4418 1010 4485 abet
1034 4415 1245 4500 ereditatos,
1269 4433 1338 4501 que
1362 4418 1481 4482 abunt
1500 4434 1539 4482 ec
1565 4415 1667 4482 finis:
1695 4416 1741 4483 da
1765 4416 1844 4500 ipsa
1875 4415 2026 4483 ecclesia
2049 4414 2088 4480 in
2120 4414 2216 4482 foras
2241 4413 2281 4481 in
2305 4415 2408 4482 omni

555 4575 658 4658 parte
687 4588 759 4639 ana
782 4569 880 4636 mille
911 4568 1019 4655 passi,
1042 4570 1078 4635 et
1101 4567 1198 4634 inira
1224 4567 1289 4634 iste
1313 4566 1396 4632 finis
1427 4584 1626 4652 congruum
1651 4567 1761 4636 michi
1786 4571 1839 4635 est
1862 4566 1992 4636 exinde
2015 4567 2102 4635 dare
2136 4585 2209 4636 una
2238 4567 2341 4652 pecia
2370 4569 2415 4637 de

508 4719 512 4730 '
555 4729 655 4791 terra
679 4725 832 4790 bacuurn
856 4721 901 4789 ad
925 4719 1159 4788 laborandum
1181 4717 1227 4788 ad
1251 4717 1388 4787 kallino
1411 4717 1487 4785 filio
1511 4720 1659 4788 iohanni
1683 4740 1804 4810 grece,
1821 4721 1883 4808 qui
1901 4723 1969 4789 suit
1994 4722 2137 4789 natibus
2160 4721 2202 4787 de
2226 4720 2413 4806 calabria,

556 4883 593 4944 et
617 4875 718 4942 modo
741 4879 794 4944 est
817 4879 1057 4940 commorante
1082 4873 1120 4940 in
1145 4872 1220 4940 rico
1243 4871 1305 4957 qui
1331 4875 1477 4939 vocatur
1501 4874 1635 4943 ancilla
1658 4876 1715 4943 dei
1741 4875 1880 4943 lucanic
1902 4877 2047 4962 finibus,
2073 4875 2134 4960 qui
2153 4875 2236 4942 abet
2251 4893 2290 4942 ec
2308 4873 2409 4940 linis:

555 5029 602 5096 da
626 5027 714 5115 pede
738 5029 809 5095 fine
833 5025 894 5094 bia
917 5045 985 5111 que
1011 5026 1110 5094 badit
1132 5044 1194 5111 per
1219 5025 1296 5112 ipsa
1319 5024 1452 5093 ancilla
1474 5026 1551 5094 dei:
1577 5045 1600 5092 a
1622 5045 1707 5112 pars
1729 5027 1878 5094 orientis
1908 5027 1978 5094 fine
2008 5028 2121 5112 ipsius
2153 5027 2260 5094 vestri
2287 5044 2413 5094 mona·

557 5181 674 5269 sterii,
698 5181 855 5268 qualiter
879 5179 978 5248 badit
1002 5197 1064 5266 per
1088 5196 1159 5244 uno
1184 5178 1393 5246 balloncello
1417 5177 1566 5245 minore:
1591 5178 1755 5266 desuper
1773 5179 2193 5264 parteabienteperora
2210 5179 2254 5246 de
2271 5181 2406 5265 ipso...

555 5334 665 5404 vestri
689 5333 912 5404 monasterii:
930 5353 952 5401 a
969 5351 1052 5419 pars
1076 5331 1269 5400 occidentis
1294 5332 1436 5400 abiente
1461 5350 1523 5416 per
1549 5332 1625 5416 ipso
1649 5330 1790 5400 ballone
1815 5332 1949 5400 maiore
1973 5333 2043 5399 fine
2060 5332 2170 5400 vestri
2195 5335 2409 5402 monasterii

556 5487 616 5572 qui
641 5493 789 5558 vocatur
812 5488 855 5555 de
879 5488 953 5574 ipso
977 5487 1154 5573 sabucita,
1180 5488 1218 5552 in
1242 5483 1307 5554 tali
1334 5483 1470 5570 ordine,
1486 5487 1527 5549 ut
1542 5484 1667 5550 amodo
1683 5488 1718 5550 et
1734 5503 1845 5568 usque
1861 5484 2063 5600 dumunobis
2078 5489 2113 5551 et
2130 5485 2175 5552 ad
2193 5505 2276 5570 pars
2298 5483 2412 5553 nostri

555 5640 762 5710 monasterii
787 5640 975 5726 placuerit,
1001 5640 1107 5709 liceat
1130 5644 1165 5707 te
1189 5635 1328 5706 kallino
1345 5639 1380 5702 ct
1396 5633 1468 5702 tuis
1484 5633 1647 5701 eredibus
1671 5633 1831 5703 lavorare
1856 5636 1891 5702 ct
1916 5634 2086 5720 frudiare,
2112 5640 2147 5703 et
2163 5655 2226 5722 per
2246 5637 2413 5722 singulos

556 5809 670 5860 annos
695 5792 734 5859 in
759 5791 835 5878 ipso
857 5797 979 5860 nostro
1003 5790 1219 5859 monasterio
1244 5787 1337 5855 iusto
1362 5785 1533 5854 terratico
1557 5785 1686 5852 exinde
1709 5785 1810 5852 nobis
1825 5791 1859 5853 et
1875 5785 1920 5854 ad
1944 5784 2075 5854 nostris
2091 5790 2360 5858 suecessoribus
2379 5799 2414 5859 et
