5376 7104
992 569 1401 647 DIPLOMATICUS
2003 581 2075 656 263

267 794 336 863 tloa
359 794 435 862 vita
457 812 539 862 cum
563 812 607 865 ea
629 795 762 885 ducat,
786 797 970 886 nichilque
994 799 1040 869 ad
1064 818 1143 868 eam
1168 799 1299 867 iniuste
1323 799 1433 867 saciat
1450 797 1491 867 'et
1514 801 1645 886 absquo
1669 803 1768 869 certa
1799 801 1905 888 culpa
1933 821 2014 872 eam
2045 823 2120 877 non

270 943 493 1034 baptidisset,
517 949 566 1034 et,
582 947 753 1033 quamdiu
769 950 905 1018 bixerit
927 949 1006 1037 ipsa
1029 950 1281 1038 prenominata
1302 953 1434 1038 maria,
1450 951 1589 1020 nullam
1606 952 1717 1021 aliam
1732 953 1904 1025 feminam
1928 975 2001 1025 non
2018 958 2123 1030 adul·

266 1101 419 1168 teraret.
438 1099 534 1176 Quod
551 1100 582 1168 si
598 1119 638 1168 ec
655 1103 738 1171 nefa
750 1106 785 1172 et
801 1102 955 1190 pessima
970 1103 1102 1191 hopera
1125 1104 1262 1188 fecerit,
1287 1123 1334 1172 ex
1355 1104 1484 1190 quibus
1499 1101 1811 1192 prelagitur,quod
1835 1108 1866 1175 si
1885 1109 2020 1180 ancilla
2044 1112 2121 1182 lue·

267 1253 338 1339 rit,
361 1271 444 1323 cum
468 1273 537 1341 quo
560 1274 598 1324 se
620 1255 819 1343 misouerit,
842 1257 1064 1326 tradat'eam
1090 1259 1128 1325 in
1151 1255 1380 1342 disciplinam
1404 1253 1476 1323 had
1499 1254 1577 1341 ipsa
1597 1257 1849 1341 prenominata
1872 1262 1991 1332 maria
2006 1217 2121 1333 uxore

266 1425 345 1496 sua,
369 1412 405 1478 et
428 1407 459 1476 ri
485 1408 600 1479 libera
621 1409 742 1497 fuerit,
768 1408 876 1496 eiciat
899 1429 978 1480 eam
1001 1409 1123 1496 procul
1148 1429 1170 1478 a
1192 1409 1292 1476 domo
1317 1427 1396 1476 sua.
1422 1406 1520 1484 Quod
1544 1408 1575 1475 si
1597 1411 1662 1476 hec
1686 1429 1793 1496 agere
1818 1412 1991 1503 noluerit,
2016 1420 2053 1485 et
2079 1417 2119 1486 in

266 1562 341 1630 suis
364 1561 619 1649 iniquitatibus
642 1565 892 1651 permanserit,
918 1569 953 1632 et
977 1563 1167 1632 emendare
1191 1580 1228 1630 se
1251 1537 1420 1648 noluerit,
1445 1565 1481 1629 et
1497 1580 1518 1628 a
1535 1563 1636 1630 nobis
1652 1563 1708 1630 vel
1724 1557 1769 1632 ab
1790 1565 1954 1634 eredibus
1971 1570 2120 1659 nostriS,

265 1716 328 1782 aut
352 1717 398 1783 ab
422 1715 492 1784 alio
516 1718 671 1804 homine,
688 1717 751 1804 qui
768 1717 881 1784 vicem
906 1715 1062 1785 eiusdem
1087 1715 1203 1784 maria
1227 1713 1333 1783 uxori
1359 1731 1422 1780 sue
1438 1715 1535 1780 hunc
1553 1713 1697 1782 brebem
1724 1715 1763 1782 in
1788 1719 2033 1789 causationem
2057 1724 2120 1790 ho-

265 1867 440 1936 stenderit
463 1872 498 1936 et
513 1869 589 1955 ipse
605 1869 768 1958 pulsatus
784 1869 906 1955 fuerit,
924 1872 963 1936 ut
985 1866 1144 1936 eamdem
1168 1865 1275 1935 uxori
1300 1885 1362 1934 sue
1388 1866 1523 1934 iniuste
1547 1885 1619 1934 non
1643 1867 1798 1956 iecisset,
1823 1875 1887 1939 aut
1911 1872 1990 1940 sine
2013 1869 2115 1944 certa
2180 1919 2183 1928 ‹

265 2021 369 2114 culpa
393 2041 472 2091 eam
495 2039 568 2090 non
590 2021 812 2108 baptidisset,
837 2039 902 2090 nec
927 2019 1036 2089 aliam
1060 2020 1258 2107 quamlibet
1282 2021 1451 2089 seminam
1476 2039 1549 2087 non
1574 2019 1826 2107 adulterasset,
1843 2027 1929 2091 tunc
1945 2029 2118 2111 quantas-

264 2192 416 2260 cumque
439 2175 535 2242 vices
558 2174 641 2242 inde
670 2173 1001 2262 pigneraberimus,
1034 2173 1062 2241 si
1094 2193 1157 2260 per
1181 2192 1432 2259 unaquamque
1455 2175 1550 2242 vices
1577 2173 1622 2242 ad
1645 2174 1701 2242 doi
1725 2179 1916 2263 evangelia
1940 2178 2024 2248 inde
2049 2199 2117 2248 no·

265 2331 319 2398 bis
342 2348 450 2399 ausus
474 2347 546 2398 uon
569 2330 678 2398 fuerit
700 2329 835 2416 iurare,
859 2332 900 2396 ut
915 2328 1039 2397 eadem
1057 2328 1161 2398 uxori
1182 2347 1243 2395 sue
1261 2327 1385 2395 taliter
1401 2345 1473 2393 uon
1490 2329 1640 2414 egisset,
1657 2331 1697 2394 ut
1714 2337 1901 2416 componat
1923 2336 2036 2422 nobis,
2053 2341 2117 2405 aut

264 2482 318 2552 illi
343 2482 453 2549 omini
478 2483 539 2569 qui
564 2485 660 2551 hunc
684 2485 828 2550 brebem
852 2500 916 2568 pro
940 2501 1023 2569 pars
1048 2482 1160 2552 eidem
1186 2484 1291 2550 uxori
1315 2501 1377 2550 sue
1402 2483 1441 2549 in
1466 2485 1711 2552 causationem
1728 2488 1960 2575 hostenderit,
1983 2489 2113 2578 viginti

262 2638 367 2707 solidi
391 2638 625 2726 constantini,
642 2641 770 2724 etpost
794 2638 1082 2725 compositionem
1107 2639 1240 2708 laetam
1264 2645 1327 2708 aut
1352 2647 1582 2710 sacramenta
1605 2644 1677 2710 hab
1702 2662 1742 2711 eo
1758 2645 1857 2730 data,
1882 2645 2034 2732 pignera
2051 2649 2114 2718 illa

261 2813 328 2880 que
351 2793 434 2862 inde
456 2793 649 2880 pignerata
674 2794 797 2878 luerit,
822 2811 885 2878 per
909 2793 1004 2860 vices
1028 2810 1164 2878 semper
1188 2791 1336 2860 anobis
1362 2793 1439 2860 sine
1464 2793 1648 2879 calupniis
1667 2795 1874 2884 recolligat,
1891 2800 1946 2865 vel
1963 2801 1993 2867 si
2009 2803 2113 2870 nobis

205 2993 208 2998 -
261 2945 517 3033 pigneraberit,
542 2947 624 3013 etsi
648 2963 756 3013 ausus
780 2945 890 3012 suerit
913 2943 1036 3013 iurare
1061 2948 1096 3012 ot
1124 2945 1264 3014 iuratus
1289 2945 1398 3015 fuerit
1421 2949 1565 3036 exinde,
1590 2949 1683 3032 quod
1707 2947 1870 3035 superius
1887 2949 2021 3019 dictum
2044 2959 2111 3044 est,

260 3119 282 3168 a
306 3101 466 3188 predicta
490 3099 595 3186 culpa
620 3099 756 3167 solutus
779 3103 942 3169 maneret
958 3099 1036 3167 vice
1053 3099 1116 3168 illa
1133 3119 1201 3185 que
1219 3101 1321 3168 nobis
1338 3099 1532 3168 secundum
1557 3101 1673 3187 legem
1698 3102 1890 3190 iurauerit,
1907 3108 1942 3172 et
1957 3106 2112 3192 pignera

260 3258 395 3341 quanta
410 3273 456 3322 ex
479 3272 547 3322 auc
570 3255 785 3338 quistionem
808 3253 1163 3342 compreenserimm,
1186 3271 1324 3339 semper
1349 3273 1371 3320 a
1395 3253 1496 3320 uobis
1521 3253 1598 3321 sinc
1623 3255 1803 3341 calupniis
1828 3257 1990 3344 recipiat.

303 3409 422 3478 Tertia
438 3408 550 3496 igitur
566 3406 701 3495 guadia
724 3407 834 3474 michi
857 3405 955 3474 dedit
972 3408 1048 3492 ipse
1064 3406 1335 3492 prenominatus
1354 3405 1536 3492 radelpoto
1559 3410 1595 3473 ct
1611 3406 1854 3492 supradictum
1872 3411 2108 3481 mediatorem

258 3563 360 3629 nobis
383 3559 500 3647 posuit
524 3559 643 3626 tinore
667 3556 826 3644 quidem,
851 3558 892 3624 ut
915 3556 1018 3624 daret
1041 3557 1143 3623 nobis
1167 3558 1206 3623 in
1224 3557 1397 3642 placitum
1421 3577 1485 3645 pro
1501 3578 1585 3644 pars
1601 3559 1759 3628 eiusdem
1776 3561 1881 3629 uxori
1898 3580 1960 3628 sue
1978 3562 2108 3630 lectum

257 3731 408 3800 pernum
425 3711 451 3794 ¹)
465 3709 673 3780 tornatilem
697 3699 724 3792 ²)
742 3728 823 3776 cum
847 3707 941 3794 lena,
966 3708 1119 3777 colcetra
1142 3713 1178 3776 et
1200 3711 1432 3797 plumateum,
1457 3713 1521 3778 toti
1546 3713 1615 3796 ipsi
1639 3713 1751 3798 panni
1776 3714 1858 3779 nobi
1884 3717 1919 3780 et
1935 3714 2017 3780 voni
2034 3713 2110 3800 ple-

257 3865 368 3951 nique
383 3863 426 3932 de
442 3863 590 3950 plumis,
614 3867 651 3932 et
673 3863 719 3932 ad
737 3863 852 3930 tribus
869 3861 957 3931 anni
973 3858 1137 3947 completi
1153 3860 1256 3929 daret
1273 3860 1373 3928 nobis
1390 3861 1467 3947 ipsa
1483 3861 1622 3948 pellitia
1639 3863 1753 3931 serica
1771 3863 1982 3932 lundatinea
2000 3866 2108 3950 noba,

254 4023 290 4088 et
306 4036 399 4087 vona
414 4019 532 4086 cusita
548 4022 584 4086 et
607 4019 696 4086 beno
720 4017 898 4103 conciata,
914 4034 995 4082 cum
1010 4017 1210 4083 hornatura
1225 4033 1302 4083 sua.
1324 4015 1370 4081 Et
1386 4014 1431 4082 ad
1448 4017 1617 4100 quattuor
1633 4014 1722 4084 anni
1741 4017 1904 4103 completi
1922 4018 2025 4088 daret
2046 4037 2109 4086 no·

253 4171 310 4240 bis
325 4174 403 4259 ipsa
418 4171 599 4258 mancipia
615 4188 705 4238 vona
718 4168 875 4254 iubenis,
892 4169 1024 4252 absque
1040 4185 1179 4234 omnem
1195 4166 1363 4234 lesionem
1379 4166 1547 4235 membris
1563 4169 1599 4234 et
1614 4167 1772 4253 corporis
1788 4169 1858 4256 sui,
1872 4172 1922 4256 et,
1936 4172 1999 4238 ubi
2016 4175 2106 4257 aput
2219 4183 2224 4192 '

252 4341 318 4392 nos
346 4327 392 4393 ab
415 4327 491 4412 ipso
514 4323 762 4412 prenominato
786 4315 966 4408 r'adelpoto
991 4324 1171 4406 receptum
1194 4318 1400 4388 abuerimus
1423 4325 1535 4388 totum
1559 4321 1675 4406 ipsum
1700 4319 1886 4406 placitum,
1909 4325 1964 4400 ¹sic
1987 4327 2104 4393 totum

249 4477 374 4548 demus
399 4479 500 4548 illum
525 4479 571 4547 ad
596 4479 674 4565 ipsa
697 4477 948 4564 prenominata
971 4476 1091 4545 maria
1115 4492 1225 4544 uxore
1250 4493 1331 4560 sua,
1358 4473 1464 4540 sicuti
1489 4474 1614 4541 fuisset
1637 4474 1680 4541 de
1703 4475 1850 4561 propria
1874 4494 1984 4546 causa
2008 4496 2102 4562 mea;

250 4634 332 4702 etsi
349 4633 394 4701 ad
418 4633 511 4703 diem
536 4631 677 4700 venerit
700 4631 824 4698 mortis
848 4629 926 4714 ipsa
949 4628 1199 4715 prenominata
1221 4624 1339 4693 maria
1362 4641 1473 4691 uxore
1497 4642 1575 4710 sua,
1591 4627 1800 4710 potestatem
1816 4627 1920 4697 abeat
1941 4645 2014 4697 una
2032 4647 2107 4697 me·

250 4805 346 4876 cum,
362 4787 416 4855 vel
434 4805 515 4854 cum
531 4804 626 4855 meos
641 4785 775 4871 eredeS,
801 4782 962 4852 iudicare
985 4783 1021 4848 et
1036 4780 1122 4847 dare
1139 4797 1202 4866 pro
1218 4779 1342 4846 anima
1360 4799 1425 4848 sua
1441 4797 1488 4847 ex
1504 4779 1661 4865 predicto
1677 4780 1822 4868 placitu,
1841 4783 1917 4851 sibe
1934 4783 2012 4870 ipsa
2028 4766 2105 4872 pel-

250 4939 331 5008 litia
347 4941 476 5026 serica,
500 4941 580 5008 sibe·
599 4940 715 5008 ibsum
739 4938 883 5024 lectum,
900 4953 1009 5004 uuam
1026 4953 1073 5002 ex
1090 4931 1120 4998 is
1136 4931 1272 5000 duabus
1289 4932 1421 5018 causis,
1437 4933 1578 5016 qualem
1595 4933 1665 5001 sibi
1684 4933 1816 5022 eligere
1834 4935 2003 5024 voluerit,
2021 4940 2104 5007 sine

250 5093 531 5164 contradictione
554 5092 666 5180 ipsius
688 5091 862 5177 radelpoti
885 5088 940 5158 vel
971 5090 1013 5158 de
1037 5087 1112 5155 eius
1135 5085 1312 5152 eredibus.
1344 5085 1388 5152 Et
1416 5084 1447 5151 si
1478 5085 1601 5153 taliter
1626 5085 1734 5153 michi
1771 5089 1911 5174 meique
1937 5089 2104 5156 eredibus

249 5265 311 5336 per
328 5246 527 5332 hordinem,
544 5251 584 5314 ut
599 5245 811 5332 prelegitur‚
829 5243 1023 5330 adimplere
1048 5236 1202 5324 nolueri,
1226 5243 1312 5306 tunc
1329 5236 1461 5324 viginti
1476 5237 1582 5305 solidi
1600 5227 1826 5307 constantini
1844 5241 1946 5308 nobis
1961 5257 2102 5326 compo·

257 5535 697 5546 —————————--———-

288 5703 311 5793 ¹)
328 5730 483 5792 percum,
509 5711 597 5774 idem
621 5728 658 5773 ac
676 5727 796 5790 porco,
821 5707 914 5769 utin
936 5707 986 5768 Du
1009 5705 1130 5782 Gange:
1154 5703 1297 5766 lintcum
1319 5702 1481 5784 quoddam
1503 5701 1660 5766 lectuale.

287 5857 311 5940 ¹)
332 5859 531 5932 tornatilem,
556 5863 650 5920 torno
672 5856 812 5938 politum
834 5852 887 5916 rel
910 5851 1110 5934 perlectum.
