5318 7102
910 552 1090 625 REGUll
1125 551 1452 625 raancoautt
2016 551 2062 620 25

304 772 419 843 cidere
445 771 480 841 in
508 794 648 845 manum
675 774 744 860 dei,
773 797 852 847 oum
879 776 1098 848 confessione
1125 785 1159 848 et
1185 777 1387 871 penitentia,
1417 783 1451 846 et
1474 774 1688 858 elemosinis,
1712 773 1912 845 misericors
1930 781 1983 844 est
2000 771 2109 844 domi-

304 955 369 1003 nus
396 941 431 1003 et
457 935 623 1015 clemens,
653 934 682 1003 si
709 933 837 1004 videris
863 958 927 1006 nos
953 958 994 1005 ex
1019 936 1211 1007 totocorde
1230 937 1272 1007 ad
1291 959 1327 1006 se
1346 943 1564 1022 convertere,
1586 935 1702 1006 statim
1720 933 1942 1004 miserebitur
1959 931 2103 1020 nostris,

304 1097 341 1162 nt
367 1098 507 1184 possent
533 1090 633 1161 nobis
660 1092 936 1166 misericordiam
964 1117 1074 1178 suam,
1095 1101 1130 1165 et
1147 1094 1297 1165 concede
1323 1094 1421 1165 nobis
1448 1093 1514 1165 ista
1541 1093 1611 1164 vita
1636 1116 1798 1188 prospera
1825 1101 1859 1166 et
1884 1093 2001 1164 lutura
2028 1116 2107 1164 oum

306 1250 433 1322 sanctis
461 1251 533 1322 suis
562 1253 594 1320 in
623 1259 795 1323 eternum.
825 1253 916 1326 Deus
943 1276 1004 1323 vos
1030 1263 1214 1325 conservet
1240 1255 1459 1327 dilectissimi
1486 1258 1624 1326 fratres.

256 1409 370 1481 Carus
398 1429 465 1490 oua
493 1430 558 1482 nos
585 1431 721 1484 nunnae
748 1432 906 1484 runcum.

256 1568 292 1638 si
319 1570 396 1661 quis
423 1570 506 1641 adeo
533 1578 718 1642 contumax
745 1583 803 1643 aut
829 1573 999 1666 superbus
1026 1571 1191 1656 extiterit,
1220 1580 1254 1643 et
1281 1573 1424 1644 dimisso
1451 1571 1601 1643 exercito
1628 1569 1755 1663 absque
1784 1571 1905 1657 iussio,
1927 1572 1982 1642 vel
2001 1570 2109 1643 licen-

303 1729 385 1799 tiam
412 1732 517 1825 regis,
547 1733 688 1803 domum
716 1733 914 1818 revertitur,
942 1741 976 1804 et
1002 1733 1090 1828 quod
1118 1755 1181 1804 nos
1206 1731 1400 1803 teudiscam
1427 1730 1581 1824 linguam
1609 1730 1735 1802 dicitur
1754 1729 1886 1824 crislig,
1907 1729 2011 1802 suerit
2038 1731 2110 1826 ipse

306 1912 383 1959 rcus
410 1891 600 1962 nativitatis
620 1894 654 1986 ¹),
677 1893 745 1962 vite
772 1892 967 1986 periculum
995 1894 1162 1978 incurrat,
1192 1899 1226 1962 et
1253 1914 1307 1961 res
1334 1890 1409 1961 eius
1437 1889 1520 1960 fisco
1546 1897 1664 1960 nostro
1692 1889 1870 1961 socientur
1887 1891 1924 1984 ²).

256 2046 292 2116 si
323 2046 399 2140 quis
425 2047 594 2120 latronem
622 2058 768 2120 mortem
795 2049 859 2120 sibi
888 2048 928 2119 ad
956 2048 1185 2120 occidendum
1214 2045 1378 2118 traditum
1406 2045 1608 2132 serbaverit,
1630 2053 1664 2116 et
1682 2047 1768 2118 vivit
1794 2046 1950 2141 indigno,
1972 2070 2118 2120 conces-

304 2207 388 2275 serit
416 2207 638 2278 medietatem
664 2209 780 2279 damni
807 2216 944 2303 propter
971 2207 1062 2301 quod
1087 2205 1235 2277 traditus
1262 2211 1315 2274 cst
1341 2227 1400 2299 pro
1427 2204 1574 2288 latrone,
1605 2205 1633 2273 si
1661 2204 1717 2273 l'ur
1735 2227 1837 2275 suum
1865 2205 1900 2274 in
1933 2204 2116 2278 latrocinio
2225 2239 2226 2244 ¹

308 2365 413 2437 suerit
441 2364 743 2459 comprehensum,
772 2365 862 2458 quod
889 2365 985 2459 prius
1011 2363 1176 2435 debuerat
1203 2363 1344 2460 capituli
1372 2365 1555 2450 sententia,
1585 2364 1654 2434 rita
1680 2365 1834 2436 exsolvat
1850 2368 1887 2459 ³).

256 2526 301 2595 lle
329 2524 477 2617 singulis
506 2524 678 2617 capituliS,
707 2525 854 2616 qualiter
880 2548 1020 2596 manum
1046 2532 1104 2595 tua
1131 2525 1171 2594 ad
1199 2523 1362 2617 placitum
1389 2524 1585 2616 generalem
1612 2531 1650 2593 tu
1677 2521 1776 2594 nobis
1803 2521 1962 2594 fecimus.

257 2683 304 2751 lle
332 2681 480 2754 iustitiis
506 2661 756 2753 aecclesiarum
783 2683 852 2768 dei,
881 2682 1079 2770 viduorum,
1108 2685 1321 2769 orianorum,
1350 2683 1466 2754 minus
1492 2683 1697 2778 potentium,
1727 2681 1896 2752 Volumus
1923 2689 2023 2777 atquc
2041 2706 2114 2754 om-

302 2839 452 2911 nimodis
478 2841 711 2935 precepimus,
741 2849 780 2913 ut
805 2864 926 2914 omnes
953 2843 1118 2938 episcopi,
1147 2841 1291 2915 Abbates
1318 2849 1352 2913 et
1377 2841 1509 2927 comiti,
1530 2839 1745 2912 saecundum
1762 2841 1874 2936 legem
1893 2841 2042 2935 pleniter
2060 2843 2113 2914 iu-

201 2993 204 2999 ’
302 2997 394 3069 stitia
420 2997 524 3069 saciat
549 3003 583 3068 et
610 2997 788 3092 recipiant.

254 3159 343 3228 llaec
371 3157 569 3242 statuimus,
598 3157 642 3228 Ut
668 3155 906 3252 unusquisque
933 3159 1100 3230 clamator
1124 3159 1227 3231 tertia
1245 3160 1321 3230 vioe
1339 3159 1379 3229 ad
1398 3159 1521 3242 comiti
1540 3183 1602 3231 suc
1621 3181 1657 3229 sc
1675 3157 1865 3254 proclamet
1881 3167 1916 3230 et
1935 3158 2015 3229 inde
2034 3159 2108 3230 idc-

304 3336 388 3386 necs
414 3313 572 3386 homines
597 3313 743 3385 habeant
768 3315 825 3409 qui
852 3316 917 3388 hoc
943 3319 1114 3401 veraciter
1140 3318 1263 3404 sciant,
1293 3317 1383 3413 quod
1409 3317 1694 3411 proclamassent,
1724 3322 1759 3387 et
1776 3315 1871 3386 nulla
1889 3315 2022 3388 iustitia
2046 3317 2107 3388 ha·
2150 3346 2154 3351 ·

299 3474 380 3544 berc
408 3476 590 3568 potuisset;
620 3485 654 3548 et
680 3478 708 3546 si
736 3479 813 3570 quis
841 3477 940 3549 aliter
957 3478 1092 3564 lecerit,
1113 3486 1147 3550 et
1164 3487 1263 3550 antea
1281 3501 1317 3549 se
1336 3479 1376 3550 ad
1395 3477 1559 3572 placitum
1574 3475 1851 3571 proclamaverit,
1871 3475 1984 3571 legem
2007 3499 2104 3550 suam

299 3643 494 3728 componat.

251 3791 372 3862 Comes
399 3815 481 3864 vero
507 3791 549 3862 dc
567 3793 709 3866 illorum
727 3802 839 3889 partes
858 3817 917 3889 per
934 3801 1041 3866 testes
1060 3793 1242 3868 adfirment
1259 3819 1324 3892 qua
1342 3795 1399 3868 dei
1417 3795 1585 3868 iustitiam
1604 3795 1717 3866 lacere
1737 3792 2105 3880 voluisset,etomn1a

300 3950 475 4022 notarium
502 3975 603 4023 suum
631 3951 782 4024 scribere
809 3953 951 4040 iaciant,
980 3956 1098 4048 quanti
1126 3954 1167 4025 ad
1194 3976 1230 4024 se
1256 3951 1546 4047 proclamassent,
1583 3951 1639 4022 vel
1669 3957 1796 4045 quanta
1822 3951 1973 4024 iustitias
1999 3935 2108 4024 tactas

299 4106 438 4195 habent,
469 4119 507 4182 ut
533 4134 613 4183 cum
640 4113 736 4185 nulla
762 4117 982 4187 excusatione
1008 4113 1133 4186 habere
1160 4109 1322 4207 potuerit,
1342 4109 1410 4180 nisi
1428 4109 1556 4180 veritas
1582 4107 1674 4179 clara
1696 4109 1753 4194 sit,
1782 4109 1826 4181 Ut
1843 4108 1976 4184 iustitia
1993 4111 2114 4183 lacere·

301 4265 467 4338 voluisset
493 4265 557 4340 hcc
584 4269 657 4363 ipse
684 4293 813 4358 comes,
843 4279 901 4343 aut
926 4273 1002 4344 eius
1028 4278 1169 4342 vocatos
1194 4292 1254 4364 per
1272 4275 1526 4341 sacramentum
1544 4266 1680 4339 firmare
1698 4267 1819 4363 possit,
1848 4269 1938 4360 quod
1965 4268 2007 4340 de
2028 4269 2106 4341 illo-

301 4449 376 4497 rum
393 4426 543 4498 iustitias
561 4429 657 4499 nulla
675 4429 931 4525 neglegentiam
948 4428 1115 4516 habeant,
1143 4439 1178 4501 et
1195 4452 1254 4525 per
1273 4429 1384 4525 ipsum
1401 4426 1505 4498 brebe
1531 4449 1741 4520 cognoscere
1764 4429 1961 4516 ualeamus,
1988 4437 2104 4500 utrum

299 4583 403 4655 adse
430 4583 673 4678 proclamasse,
703 4609 745 4656 an
772 4611 854 4658 non.

252 4878 442 4888 ——..-...—
446 4883 603 4890 Ἣ
608 4885 690 4891 .-,---

292 5089 315 5168 Ι)
335 5089 362 5151 ΙΙ
385 5093 468 5153 Mur.
493 5093 610 5155 invece
632 5094 665 5154 di
679 5099 796 5172 questo
811 5095 1030 5175 sprcpositato
1044 5094 1230 5159 nativitatis
1252 5095 1311 5155 ha:
1336 5100 1372 5158 at
1393 5092 1478 5174 quod
1498 5107 1557 5157 naa
1578 5093 1724 5157 teutisca
1745 5088 1858 5169 lingua
1880 5088 2018 5153 dicimus
2033 5084 2103 5149 cri-

251 5234 295 5298 lic
315 5237 447 5313 lecerit,
470 5244 508 5302 ut
528 5238 599 5320 ipse
621 5239 668 5305 sit
689 5256 768 5306 raus
789 5240 983 5323 Hajcstac's.
1007 5241 1033 5302 Il
1057 5242 1134 5304 God.
1158 5243 1291 5306 Estens.
1316 5243 1351 5302 in
1367 5241 1464 5320 luogo
1483 5240 1516 5302 di
1532 5238 1687 5304 Tcuusca
1701 5239 1745 5300 ha
1759 5257 1823 5320 pur
1839 5255 1914 5300 esso
1930 5233 2099 5308 Teodisca,

257 5405 347 5448 corne
372 5388 401 5448 si
425 5387 520 5467 legge
544 5389 599 5451 nel
623 5397 747 5452 nostro.

289 5533 313 5614 ¹)
335 5535 458 5608 Questc
482 5536 667 5616 Capitclare
692 5537 854 5599 concorda
876 5539 927 5600 col
949 5539 990 5601 N.
1015 5539 1143 5602 LXXXI
1166 5539 1219 5602 del
1241 5539 1346 5614 Mun,
1372 5559 1470 5603 meno
1492 5538 1525 5600 la
1547 5539 1693 5610 rubrica,
1718 5553 1789 5619 cap.
1812 5552 1876 5620 quc
1897 5551 1955 5601 noa
1979 5534 2104 5601 addere

248 5681 385 5762 placuit,
410 5682 472 5745 che
495 5682 551 5745 nel
573 5683 659 5745 Mur.
684 5703 750 5746 ncn
772 5685 801 5744 si
824 5684 934 5764 lagga.

289 5827 312 5906 ³)
333 5828 417 5891 Mur.
443 5829 627 5894 LXXXVII.

473 5985 541 6038 Tan.
564 5999 598 6036 rt.
