5334 7098
978 583 1381 656 lllllblll'llttt's
1992 586 2052 656 187

246 809 364 892 rebus,
392 813 429 874 ut
452 807 652 893 predictum
676 814 744 894 est,
761 809 800 874 in
824 809 982 894 predicta
1005 809 1153 880 ecclesia
1176 812 1293 878 sancti
1317 810 1467 878 maximi
1491 811 1615 878 offerui
1632 829 1694 896 pro
1719 829 1839 878 amore
1854 812 2087 898 omnipotenti

245 961 322 1048 deo,
346 965 382 1028 et
404 979 467 1047 pro
491 961 686 1030 remedium
710 961 837 1031 salutis
861 963 979 1032 anime
995 983 1084 1051 mee,
1102 969 1137 1034 61
1152 983 1216 1051 pro
1232 965 1435 1034 animarum
1459 966 1501 1034 de
1525 965 1675 1052 predicti
1698 966 1841 1054 genitor
1856 971 1891 1033 et
1907 965 2092 1054 genetrice

247 1133 329 1182 mea
352 1119 390 1184 at
416 1116 536 1184 abium
567 1115 744 1204 abianque
774 1137 895 1204 meuS,
920 1118 959 1184 in
982 1137 1022 1186 oc
1046 1119 1184 1204 ordine,
1209 1123 1250 1185 ut
1273 1118 1402 1186 mulier
1425 1117 1569 1185 nomine
1601 1137 1741 1204 gemma
1765 1138 1855 1186 uxor
1879 1137 1958 1186 mea
1981 1119 2092 1188 abead

246 1265 328 1334 inde
352 1274 483 1352 quarta
506 1289 592 1358 sua,
618 1276 653 1338 et
676 1289 773 1340 anna
795 1277 831 1340 et
854 1271 1020 1359 iaquiuta
1052 1273 1231 1340 sororibus
1255 1290 1331 1338 mee
1360 1271 1484 1338 diebus
1513 1270 1586 1338 bite
1609 1289 1670 1337 sue
1694 1272 1816 1338 aberet
1839 1271 1921 1338 inde
1950 1273 1995 1339 ad
2020 1273 2095 1337 fru-

244 1419 415 1489 diandum
439 1426 585 1493 tertiam
609 1429 763 1512 partem,
788 1431 824 1495 et
847 1429 923 1514 ipso
946 1429 1037 1496 aliut
1060 1429 1134 1494 sint
1158 1427 1204 1493 ad
1226 1427 1400 1512 potestate
1424 1425 1536 1510 ipsius
1560 1422 1707 1490 ecclesie
1730 1424 1845 1492 sancti
1870 1423 2017 1491 maximi
2025 1446 2034 1510 ;
2061 1427 2091 1492 si

245 1590 329 1639 rero
351 1539 512 1660 predicta
535 1596 633 1645 anna
658 1579 801 1646 abuerit
826 1578 939 1646 filium
954 1578 1009 1645 vel
1026 1579 1115 1664 tilia,
1133 1577 1293 1665 predicta
1318 1577 1461 1645 tertiam
1484 1580 1624 1661 partem
1648 1574 1790 1641 illorum
1805 1575 1878 1642 sint
1893 1575 2097 1661 potestatis,

246 1732 282 1794 et
306 1729 336 1794 si
362 1747 434 1795 non
458 1733 625 1800 abuerint
648 1735 725 1820 ipsa
748 1752 844 1802 anna
867 1733 981 1800 filium
1004 1732 1059 1800 vel
1084 1732 1181 1818 filia,
1207 1733 1292 1798 tunc
1324 1732 1369 1799 ad
1393 1730 1532 1798 obitum
1565 1728 1721 1815 ipsorum
1746 1746 1841 1796 anne
1873 1733 1910 1796 et
1939 1730 2102 1814 iaquinte

246 1881 323 1965 ipsa
349 1885 494 1950 tertiam
518 1890 656 1970 partem
680 1889 841 1954 rebertar
865 1887 911 1954 ad
933 1888 1106 1972 potestate
1129 1886 1172 1954 de
1194 1905 1278 1972 pars
1303 1885 1460 1974 predicte
1476 1883 1625 1951 ecclesie
1650 1883 1768 1951 sancti
1794 1881 1960 1950 maximi.
1980 1885 2047 1951 Seu
2064 1889 2100 1951 et

247 2033 338 2120 bolo,
363 2042 402 2104 ut
426 2037 584 2122 predicta
610 2058 699 2107 uxor
724 2059 803 2108 mea
826 2043 958 2108 abeant
986 2041 1029 2108 de
1053 2044 1130 2108 tota
1153 2038 1398 2125 suprascripta
1423 2039 1528 2105 rebus
1552 2035 1798 2104 usumfruendi
1823 2038 1965 2104 nomine
1989 2057 2106 2126 super

244 2186 321 2270 ipsa
346 2193 477 2273 quarta
501 2208 578 2274 sua,
603 2197 779 2276 quantum
802 2194 898 2261 iusta
921 2192 1036 2280 legem
1056 2189 1354 2278 langobardorum
1377 2189 1461 2256 inde
1489 2189 1522 2254 61
1546 2188 1707 2256 iudicare
1730 2193 1765 2255 61
1789 2188 1992 2274 relinquere
2016 2209 2099 2276 pos-

245 2357 347 2424 sum,
372 2350 407 2408 61
430 2351 509 2428 post
531 2346 667 2411 obitum
692 2346 804 2432 ipsius
827 2346 931 2414 uxori
957 2365 1032 2412 mee
1057 2346 1172 2432 ipsum
1197 2343 1456 2410 usumfructum
1485 2343 1645 2410 rebertar
1675 2341 1720 2408 ad
1744 2361 1826 2426 pars
1851 2344 2019 2414 iamdicte
2044 2365 2101 2414 66-

245 2490 347 2560 clesie
381 2497 484 2564 etad
507 2497 582 2582 ipse
605 2499 784 2566 sororibus
808 2519 897 2586 mee,
923 2501 967 2566 ad
991 2499 1167 2566 abendmn
1198 2498 1278 2566 illut
1302 2498 1340 2563 in
1364 2497 1425 2562 illo
1448 2495 1593 2581 ordine,
1618 2495 1713 2562 velut
1737 2514 1846 2582 supra
1872 2497 2024 2586 legitur,
2051 2502 2100 2567 ad

247 2650 419 2714 securiter
443 2653 479 2716 et
502 2651 653 2719 firmiter
678 2653 802 2719 amodo
832 2656 868 2719 et
890 2671 1026 2738 semper
1049 2671 1111 2738 per
1136 2651 1197 2718 illo
1219 2652 1363 2738 ordine,
1395 2651 1487 2736 quod
1518 2648 1804 2736 supradiximus,
1830 2669 1912 2736 pars
1936 2651 2094 2736 predicte

246 2801 397 2870 ecclesie
421 2805 537 2872 saneti
562 2807 712 2874 maximi
738 2807 883 2892 eiusque
907 2812 1063 2874 rectores
1086 2805 1290 2890 supradicta
1314 2823 1393 2871 mea
1415 2801 1599 2870 offertione
1623 2803 1813 2889 abendum,
1829 2804 2100 2890 dominandum,

246 2957 498 3042 possidendum
522 2963 557 3026 et
580 2961 701 3028 omnia
724 2957 854 3026 exinde
879 2959 1080 3027 laciendum
1103 2959 1195 3043 quod
1220 2959 1387 3042 boluerit,
1404 2959 1536 3042 absque
1560 2954 1752 3023 cuiuslibet
1768 2960 2023 3029 contrarietate
2042 2961 2097 3027 161

247 3110 495 3198 requisitione3
520 3115 556 3178 61
580 3113 721 3198 qnando
745 3129 828 3198 pars
852 3109 966 3197 ipsius
989 3109 1137 3177 ecclesie
1160 3130 1223 3196 per
1247 3128 1283 3177 se
1309 3109 1391 3176 inde
1414 3115 1577 3177 auctores
1607 3127 1682 3176 esse
1712 3109 1882 3196 boluerit,
1908 3111 2093 3180 licentiam

248 3269 281 3329 et
304 3267 516 3349 potestatem
541 3267 672 3334 abeant
695 3269 733 3333 in
758 3269 921 3334 omnibus
946 3266 1028 3334 inde
1043 3285 1190 3335 causare
1207 3268 1242 3332 et
1259 3267 1365 3332 tinem
1381 3267 1508 3350 facere,
1526 3265 1681 3350 qualiter
1698 3263 1862 3350 boluerit,
1879 3283 1960 3330 curn
1976 3265 2092 3332 omnis

247 3418 423 3484 monimen
448 3423 483 3486 et
507 3421 682 3486 rationem
707 3419 799 3503 quod
823 3418 950 3486 exinde
975 3422 1081 3487 abere
1106 3417 1301 3506 potuerint,
1319 3424 1354 3486 et
1370 3418 1412 3484 de
1428 3419 1534 3486 terris
1552 3419 1640 3485 meis
1656 3438 1736 3486 cum
1760 3419 1853 3485 casis
1869 3417 1912 3484 de
1937 3419 2037 3485 intus
2052 3438 2092 3485 ec

246 3570 427 3638 cibitatem
451 3590 536 3658 pars
560 3571 672 3656 ipsius
694 3573 841 3640 ecclesio
866 3573 984 3640 sancti
1009 3570 1158 3640 maximi
1175 3573 1285 3639 talem
1302 3571 1493 3638 sortionem
1510 3571 1592 3636 inde
1608 3569 1821 3657 percipiant,
1839 3571 1944 3656 quale
1960 3571 2093 3637 exinde

244 3721 365 3788 tollere
389 3729 425 3790 et
449 3725 555 3790 abere
578 3725 681 3792 debet
706 3725 776 3793 alie
800 3725 948 3792 ecclesie
972 3731 1007 3792 61
1022 3723 1251 3790 monasteria.
1277 3728 1313 3789 61
1329 3723 1363 3788 Si
1380 3721 1504 3789 taliter
1527 3721 1569 3786 de
1587 3741 1643 3806 ea,
1661 3740 1730 3809 que
1752 3721 1917 3807 superius
1942 3721 2089 3810 legitur,

247 3874 483 3958 quesierimus
514 3879 694 3946 remobere
718 3883 781 3948 aut
804 3882 983 3961 eontrare,
1009 3875 1062 3942 vel
1088 3875 1329 3960 quodcumque
1361 3873 1587 3940 causationes
1619 3871 1747 3940 exinde
1781 3879 2094 3962 preposuerimus,

245 4047 450 4116 componere
483 4031 600 4118 obligo
635 4053 690 4100 me
719 4039 755 4100 61
786 4050 881 4099 meos
912 4031 1032 4098 eredes
1064 4030 1108 4098 ad
1138 4045 1222 4116 pars
1245 4027 1401 4112 predicte
1432 4025 1579 4095 66616116
1607 4027 1721 4095 sancti
1747 4027 1918 4113 maximi,
1943 4034 2008 4097 aut
2032 4031 2093 4097 cui
2191 4055 2193 4060 ·

244 4183 388 4270 scriptio
413 4185 484 4253 ista
500 4186 537 4251 in
554 4205 701 4253 manum
725 4185 896 4272 paruerit,
914 4187 1058 4250 eentum
1074 4184 1154 4251 auri
1173 4182 1300 4249 solidos
1320 4183 1582 4268 constantinos,
1599 4187 1634 4250 et
1649 4183 1787 4268 questio
1804 4185 1840 4248 et
1856 4183 2018 4252 causatio
2034 4201 2094 4249 no-

243 4340 317 4405 stra
343 4338 418 4406 sint
441 4339 572 4407 exinde
594 4341 705 4408 tacita
729 4343 763 4406 et
787 4341 913 4407 baeua:
947 4342 1190 4406 verumtamen
1215 4336 1269 4402 illi
1292 4337 1484 4423 ominibuS,
1508 4338 1566 4404 cui
1591 4340 1696 4404 rebus
1723 4337 1799 4423 ipsa
1824 4336 1870 4404 ad
1894 4342 2091 4422 pastenan-

242 4493 323 4558 dum
347 4493 402 4558 vel
429 4492 663 4561 laborandum
687 4493 808 4563 datam
832 4496 1001 4578 abemuS,
1027 4492 1078 4559 116
1104 4491 1186 4560 inde
1205 4493 1430 4594 =permanead
1453 4512 1534 4558 cum
1557 4490 1719 4578 partibus
1751 4488 1917 4558 iamdicte
1940 4489 2087 4558 ecclesie

242 4647 355 4714 saneti
380 4647 541 4732 maximi,
566 4651 601 4714 et
617 4646 655 4712 in
672 4646 833 4732 partibus
858 4645 970 4730 ipsius
994 4645 1139 4714 ecclesie
1155 4646 1206 4714 116
1230 4647 1434 4734 adinplead,
1452 4646 1556 4714 sicuti
1574 4646 1676 4712 nobis
1692 4643 1879 4730 adinplere
1903 4645 2085 4732 debuerit,

241 4820 301 4885 per
325 4801 425 4868 illam
448 4803 623 4870 rationem
646 4821 715 4889 que
737 4802 926 4872 continunt
948 4803 1080 4888 brebri,
1105 4802 1197 4888 quod
1221 4821 1283 4888 per
1307 4805 1428 4886 partos
1452 4800 1534 4868 inde
1558 4803 1729 4868 abemus:
1756 4819 1795 4867 66
1820 4801 1940 4870 omnia
1963 4817 2092 4887 supra-

224 4954 374 5041 scripta
396 4956 521 5024 diebus
545 4933 618 5024 bite
641 4977 717 5025 mee
740 4958 785 5025 ad
808 4975 922 5025 meam
947 4956 1026 5024 illut
1049 4958 1190 5024 reserbo
1213 4959 1439 5041 potestatem,
1456 4953 1660 5053 faciendum
1677 4953 1761 5020 inde
1777 4953 1900 5020 omnia
1918 4953 2011 5038 quod
2033 4954 2093 5018 bo·
2119 5029 2120 5032 Ἴ

244 5105 353 5198 luero,
378 5115 414 5178 61
437 5109 504 5178 due
528 5110 664 5179 cartule
688 5110 730 5178 de
754 5129 825 5176 uno
848 5111 964 5177 tinere
988 5110 1143 5176 seribere
1166 5108 1390 5195 rogabimus3
1419 5108 1488 5176 ista
1512 5106 1605 5193 quod
1629 5107 1675 5174 ad
1702 5126 1788 5193 pars
1814 5105 1928 5193 ipsius
1945 5105 2090 5174 ecclesie

243 5266 370 5332 exinde
395 5265 590 5350 emisimus,
615 5267 650 5331 et
673 5263 746 5332 alia
769 5263 921 5331 similem
945 5264 1037 5350 quod
1061 5267 1149 5350 aput
1171 5279 1235 5327 nos
1258 5260 1470 5348 retinemus,
1496 5265 1531 5326 61
1556 5243 1678 5328 taliter
1703 5261 1859 5329 scribere
1884 5260 2091 5346 rogabimus

242 5425 274 5484 te
298 5419 456 5488 ademari
480 5421 672 5506 notarium,
696 5425 815 5488 aetum
839 5419 992 5486 salerno.

286 5548 315 5662 †
339 5576 414 5662 Ego
437 5573 607 5664 grimoalt

286 5705 313 5818 †
339 5735 413 5820 Ego
436 5733 631 5802 adenolfus.
