5376 7104
643 483 714 557 tut
1278 471 1452 547 donni
1490 463 1756 540 CAVENSIS

635 703 790 784 Ηωανης
803 703 972 788 ratitum
985 717 1228 784 τουκαπηγρασα
1248 714 1361 782 patruo
1381 713 1508 778 υπεγρα-
1539 697 1607 766 fida
1632 691 1751 784 dignis
1774 688 1938 769 testibus,
1955 698 2106 804 quorum
2128 677 2275 805 nomina
2297 691 2342 744 ex
2365 690 2447 762 pro-

528 888 529 892 ψ
596 851 643 937 p
666 851 839 940 aba.
1539 808 1630 897 .....
1654 787 2448 978 Sittititttttttttttt‘tttt’

638 1006 880 1087 ῒκῡνῦῖαντῑνος
900 1018 1101 1084 mittini<
1124 1018 1140 1062 ⁰
1160 1013 1358 1080 mittam<
1380 1011 1414 1074 τη
1429 1009 1509 1074 >pom
1540 933 1650 1088 :1331
1668 1014 1783 1098 6523,
1815 986 2010 1076 indictione
2041 1002 2144 1086 Xiii,
2168 997 2226 1066 die
2250 997 2293 1064 12
2314 943 2449 1064 mensis

594 1155 866 1243 χέιριυπεγραψα.
1541 1119 1712 1192 ianuarii.
1956 1214 1990 1228 ..
2060 1213 2066 1226 Ι
2208 1208 2215 1222 .
2286 1209 2291 1220 Ι

1589 1199 1619 1315 †
1646 1229 1797 1295 Ioannes
1820 1220 1894 1289 dux
1915 1216 2088 1285 militaris
2119 1207 2296 1296 manipuli
2319 1206 2362 1276 de
2385 1206 2452 1274 Ga·

636 1308 844 1398 &cupatur
872 1325 1074 1392 ῑθπθῑηέηῑηί
1109 1325 1125 1369 ⁰
1156 1323 1366 1390 mitam*
1395 1321 1507 1386 itm?
1541 1331 1689 1418 pigrasa
1705 1326 1860 1416 propria
1885 1339 1994 1390 manu
2010 1316 2220 1403 subscripsi.

593 1465 756 1552 υπεγραψα
777 1465 933 1551 idropicus.
1278 1497 1283 1509 .
1589 1412 1619 1530 †
1638 1435 1892 1505 Constantinus
1906 1431 2148 1498 locumtencns
2159 1424 2358 1512 Gapigrasa
2370 1439 2451 1510 pro·

638 1625 763 1706 †uouo;
783 1637 849 1696 uror,
871 1616 1013 1682 κανδιδου
1030 1634 1142 1702 popum
1156 1613 1318 1700 υπεγραψα
1332 1615 1506 1702 ιδιοχειρος.
1543 1566 1624 1739 prss
1641 1541 2093 1718 lgnafflassizbffifflpenens
2115 1637 2330 1725 Qapigrassa
2345 1636 2448 1706 testis

638 1772 1089 1859 1[θεοδωροςτὀυρμιιρχης...
1114 1770 1236 1852 uotum
1261 1787 1417 1853 μαρτυρων
1443 1787 1511 1830 υπε-
1545 1757 1692 1845 propria
1716 1771 1826 1823 manu
1851 1748 2057 1837 subscripsi.

1589 1835 1619 1951 †
1645 1863 1762 1928 Bonus
1786 1859 1881 1926 fliius
1896 1853 2044 1925 Candidi
2061 1851 2164 1920 testis
2179 1849 2325 1938 propria
2340 1865 2452 1918 manu

594 1923 703 2006 γραψα
723 1921 913 2009 Qum
1545 1965 1756 2052 subscripsi.

641 2125 649 2138 ·
677 2123 685 2138 ·
711 2124 719 2140 ·
745 2123 753 2139 ·
776 2075 946 2159 νηκῦδημος
973 2122 980 2140 ·
1007 2124 1014 2140 ·
1040 2123 1080 2139 ··
1590 2047 1621 2162 †
1646 2072 1847 2142 Theodorus
1868 2071 2128 2140 Turmarcba...
2148 2065 2239 2134 civis
2253 2061 2354 2134 testis
2370 2077 2450 2148 pro·

891 2196 894 2200 ’
1551 2179 1632 2267 pria
1653 2197 1762 2246 mauu
1788 2175 1997 2262 subscripsi.

1597 2336 1661 2354 ...
1686 2285 1896 2354 Nicodemus
1916 2335 1924 2352 .
1946 2336 1953 2351 .
1975 2335 1983 2351 .

1335 2579 1785 2590 ————n—

1344 2906 1711 2989 DCLXXXV.

1389 3169 1444 3246 A.
1472 3167 1524 3245 D.
1553 3165 1675 3246 1015.

654 3406 692 3546 †
716 3459 756 3525 in
779 3461 923 3528 nomine
946 3460 1079 3529 domini
1104 3459 1270 3529 vicesimo
1293 3462 1441 3547 septimo
1455 3476 1552 3528 anno
1574 3456 1797 3545 principatus
1820 3455 1940 3523 domni
1966 3453 2079 3523 nostri
2103 3453 2284 3542 guaimari
2308 3453 2457 3542 gloriosi

607 3613 795 3701 principis,
819 3631 938 3683 mense
963 3614 1130 3701 martius,
1152 3613 1397 3684 tertiadecima
1421 3613 1628 3682 indictione.
1656 3609 1951 3680 memoratorium
1975 3609 2074 3677 factu
2102 3629 2124 3680 a
2149 3628 2205 3678 me
2233 3625 2315 3676 urso
2346 3609 2460 3678 atria·

608 3783 719 3835 nense
741 3765 837 3834 filius
860 3765 1038 3853 quondam
1062 3765 1197 3853 luponi,
1226 3783 1267 3834 oo
1290 3765 1382 3852 quod
1407 3769 1491 3834 ante
1507 3765 1700 3832 subscribti
1718 3766 1809 3831 teste
1826 3781 1889 3850 per
1906 3781 1977 3830 unc
1993 3760 2166 3829 scribtum
2183 3778 2246 3848 per
2262 3779 2352 3830 vona
2365 3777 2460 3828 com·

608 3920 793 3990 bonientia
817 3920 920 3989 trado
943 3921 988 3990 ad
1011 3919 1202 3990 tenendum
1226 3923 1262 3988 et
1286 3919 1521 3988 laborandum
1549 3924 1586 3987 ct
1617 3917 1850 4006 frugiaudum
1873 3915 2037 3985 mulieris
2062 3917 2206 3985 nomine
2236 3934 2363 4004 grusa‚
2392 3935 2463 4004 quc

608 4073 676 4142 suit
698 4091 790 4142 uxor
813 4073 964 4141 iohanni
987 4071 1119 4159 nubili,
1142 4088 1216 4140 una
1239 4069 1400 4138 clusuria
1424 4069 1466 4137 de
1491 4073 1590 4138 terra
1613 4088 1692 4138 mea
1716 4087 1797 4136 cum
1820 4070 1927 4138 biuea
1958 4071 1997 4136 in
2029 4070 2145 4136 locum
2175 4068 2287 4136 beteri
2327 4069 2460 4137 finibus

607 4212 847 4310 salernitane,
879 4222 973 4310 quod
998 4229 1082 4291 autc
1106 4241 1144 4290 os
1167 4239 1279 4291 annos
1302 4240 1366 4309 per
1393 4221 1498 4289 firma
1529 4219 1760 4290 scribtionem
1790 4221 1880 4288 mihi
1919 4219 2224 4288 venumdederunt
2255 4221 2457 4308 predictum

609 4377 785 4448 iohannes
808 4383 843 4446 et
866 4393 976 4464 grusa
999 4373 1134 4443 duobus
1156 4375 1254 4460 pecie
1277 4373 1320 4442 de
1344 4373 1453 4442 terris
1476 4393 1557 4442 cum
1574 4375 1688 4442 bineis
1705 4374 1743 4440 in
1760 4371 1880 4440 eodem
1897 4371 1972 4439 loco
1990 4372 2120 4461 veteri,
2136 4374 2236 4442 sicud
2254 4375 2332 4462 ipsa
2350 4376 2461 4444 scrib·

610 4531 661 4600 tio
684 4529 842 4599 continet
865 4529 927 4616 qui
950 4527 1085 4614 scripta
1107 4531 1161 4595 est
1184 4545 1247 4612 per
1271 4527 1421 4594 roderisi
1445 4525 1587 4594 notario
1610 4531 1645 4595 et
1668 4524 1751 4593 aliis
1775 4525 1995 4591 sufficienter
2022 4527 2207 4595 roborata.
2225 4528 2269 4594 Et
2291 4529 2380 4613 ydco
2395 4547 2459 4616 per

611 4685 705 4750 bona
728 4680 991 4748 comvenientia
1013 4678 1147 4747 tradidi
1172 4678 1218 4746 ad
1241 4680 1450 4765 potestatem
1474 4677 1587 4763 ipsius
1608 4696 1716 4765 gruse
1732 4677 1776 4748 ad
1793 4677 2029 4746 laborandum
2046 4697 2119 4748 una
2136 4678 2179 4746 de
2194 4678 2269 4765 ipse
2285 4681 2385 4767 pecie
2400 4702 2466 4771 per·

611 4854 653 4904 cc
676 4835 759 4901 finis
782 4837 819 4900 et
841 4849 1037 4900 mensuras:
1063 4834 1112 4899 ha
1135 4849 1220 4918 pars
1243 4829 1392 4900 orientis
1418 4833 1488 4899 fine
1512 4833 1572 4900 bia
1595 4815 1750 4920 pithoa,
1775 4834 1869 4902 unde
1892 4833 2119 4904 axscandunt
2150 4837 2186 4902 et
2217 4837 2461 4906 dcxscendunt

613 4992 788 5074 otmaro,
812 4992 897 5056 sunt
920 4986 1002 5055 inde
1025 5002 1146 5074 passos
1167 4986 1409 5073 quadraginta
1432 4985 1514 5054 duo:
1539 4985 1637 5055 halia
1661 4987 1805 5073 quidem
1835 4995 1939 5076 parte
1974 4992 2047 5058 fine
2085 5009 2185 5076 mea,
2216 4997 2300 5061 sunt
2332 4995 2461 5064 exinde

613 5157 734 5226 passos
758 5138 968 5226 sexsaginta
991 5135 1073 5224 duo;
1097 5141 1134 5205 ct
1156 5135 1360 5206 rebolbente
1384 5139 1422 5204 in
1446 5157 1530 5224 pars
1553 5142 1818 5225 septemtrionis
1841 5161 1905 5229 per
1928 5143 2000 5211 fine
2021 5133 2102 5214 mea
2126 5149 2211 5212 sunt
2234 5146 2367 5216 exinde
2390 5167 2469 5236 pos-

615 5309 672 5360 sos
693 5293 847 5379 triginta
869 5309 979 5377 usque
1002 5291 1083 5377 ripa
1105 5289 1328 5377 de'predicto
1352 5291 1470 5358 dubio:
1496 5293 1545 5360 ha
1569 5311 1651 5378 pars
1674 5292 1868 5362 occidentis
1885 5295 1955 5363 tine
1973 5314 2017 5382 pr
2029 5295 2148 5366 edicto
2170 5297 2291 5386 fluuio,
2315 5301 2465 5370 suntab

618 5449 696 5535 ipsa
711 5452 815 5536 parte
829 5454 966 5517 rectum
982 5450 1225 5516 mensuratum
1238 5465 1359 5534 passos
1370 5447 1650 5536 quinquaginta3
1664 5468 1709 5518 ex
1721 5449 1794 5518 alia
1806 5450 1950 5537 quidem
1966 5471 2050 5538 pars
2066 5459 2202 5522 rectum
2217 5463 2460 5528 mensuratum

617 5601 665 5668 da
689 5600 770 5687 ripa
792 5599 837 5671 de
861 5602 936 5688 ipso
959 5601 1066 5669 flubio
1090 5619 1201 5687 usque
1225 5601 1302 5688 ipsa
1318 5601 1436 5687 priore
1454 5580 1513 5668 bia
1528 5618 1648 5688 passos
1671 5601 1882 5688 sexsaginta
1904 5607 1994 5670 octo.
2019 5605 2091 5673 Ista
2106 5606 2208 5692 pecia
2223 5625 2286 5694 per
2302 5608 2467 5677 iamdicto

619 5751 702 5866 iinis
724 5757 759 5822 et
782 5771 966 5824 mensuras
990 5755 1116 5824 inclita
1132 5753 1164 5822 ei
1183 5753 1396 5822 tradidimus
1420 5751 1465 5822 ad
1482 5750 1727 5841 laborandum,
1743 5771 1784 5822 eo
1800 5756 1964 5845 hordine,
1988 5763 2028 5827 ut
2045 5759 2170 5828 amodo
2186 5765 2223 5829 et
2240 5762 2369 5830 diebus
2395 5763 2462 5832 bite
