5376 7104
988 513 1394 596 plplolln'lltt's
2003 527 2074 599 mo

262 747 479 835 dirigamus,
502 745 540 850 et
561 743 677 812 omnis
701 741 833 810 victum
856 746 892 811 et
915 725 1071 812 levorem
1095 745 1186 830 quod
1211 744 1260 814 ibi
1283 747 1440 836 abuerit,
1465 747 1585 836 ibique
1615 749 1660 820 ad
1689 749 1769 820 aira
1801 751 1896 821 inter
1927 771 1992 820 nos
2022 753 2118 822 dibi-

262 899 451 972 demusin
476 897 620 968 tertiam
644 899 796 984 partem:
819 912 885 962 nos
907 895 1072 966 tollamus
1095 895 1178 966 inde
1203 918 1275 970 una
1300 901 1459 988 tertiam,
1483 905 1520 970 et
1544 900 1616 971 illis
1639 901 1707 972 due
1730 902 1850 973 sortis:
1877 923 1941 973 nos
1956 906 2011 976 val
2029 909 2122 974 mis-

262 1071 340 1121 sum
364 1055 539 1138 nostrum,
564 1049 649 1119 dum
672 1067 736 1136 pro
758 1047 875 1116 omnis
898 1052 1021 1118 nostra
1035 1051 1189 1119 sortione
1212 1053 1344 1120 exinde
1367 1053 1410 1123 de
1434 1055 1559 1125 vinum
1583 1060 1618 1125 et
1641 1056 1684 1126 de
1708 1056 1842 1125 victum
1860 1057 1991 1128 ibidem
2009 1064 2116 1130 stelo-

263 1205 325 1292 rit,
351 1203 426 1274 illis
449 1221 531 1272 eum
554 1201 693 1270 notrire
716 1199 911 1269 secuudum
935 1219 1000 1270 sua
1024 1203 1316 1292 possibilitatem
1341 1212 1377 1276 et
1400 1211 1431 1278 si
1455 1209 1502 1279 da
1524 1209 1592 1297 ipsi
1616 1213 1743 1278 nobem
1768 1212 1858 1280 anui
1881 1213 2048 1299 completi
2070 1215 2115 1282 de

263 1378 305 1428 ac
328 1363 429 1427 terra
451 1354 674 1427 salernitana
698 1353 830 1425 exierit
853 1354 981 1425 aliiubi
1006 1355 1051 1424 ad
1074 1357 1309 1445 abitandum,
1340 1364 1404 1430 aut
1433 1362 1463 1430 si
1497 1363 1603 1432 talem
1628 1363 1757 1432 facerit
1778 1363 1884 1450 culpa
1910 1367 2002 1434 unde
2025 1367 2119 1437 ceci-

262 1513 386 1599 derit,
414 1511 540 1580 inclita
564 1510 810 1598 suprascripta
833 1510 939 1576 rebus
963 1511 1123 1580 rebertas
1147 1510 1193 1580 ad
1216 1515 1425 1599 potestatem
1450 1513 1562 1602 ipsius
1589 1515 1766 1604 ecclesie,
1790 1519 1994 1616 faciendum
2026 1521 2116 1592 inde

262 1665 355 1752 quod
380 1665 545 1751 boluerit3
572 1667 608 1732 et
631 1663 663 1730 si
689 1662 785 1732 infra
809 1663 924 1731 tribus
948 1662 1036 1730 anni
1060 1661 1191 1732 ibidem
1215 1669 1349 1736 rebersi
1373 1669 1495 1757 luerit,
1521 1669 1577 1738 vel
1601 1671 1662 1739 ubi
1687 1672 1726 1739 in
1750 1673 1872 1760 gratia
1903 1676 2114 1760 pervenerit

264 1821 307 1889 de
331 1822 408 1909 ipsa
431 1821 550 1909 culpa,
576 1823 683 1890 rebus
707 1821 786 1907 ipsa
808 1820 854 1889 ad
878 1819 1019 1887 illorum
1046 1823 1259 1907 perveniant
1282 1827 1515 1912 potestatem,
1538 1825 1732 1894 tenendum
1756 1831 1791 1896 et
1814 1829 2050 1899 lavorandum
2075 1831 2120 1900 il·

268 1977 322 2046 lut
345 1978 383 2044 in
404 1978 650 2065 suprascripta
672 1977 824 2047 ratione:
850 1981 992 2046 tantum
1015 1977 1130 2062 ipsum
1150 1995 1285 2046 annum
1303 1980 1333 2047 si
1351 1979 1461 2047 suerit
1478 1979 1691 2067 lavoratum,
1707 1981 1814 2052 liceat
1831 2000 1895 2050 nos
1912 1985 2028 2072 ipsum
2045 1987 2120 2056 sru-

264 2131 364 2200 dium
392 2132 475 2202 inde
497 2131 636 2200 tollere.
661 2129 705 2199 de
728 2149 800 2216 qua
823 2147 886 2216 per
912 2130 1005 2196 bona
1028 2131 1288 2200 combenicntia
1311 2132 1446 2219 guadia
1470 2132 1559 2200 mihi
1585 2135 1660 2221 ipse
1683 2153 1859 2222 sparanus
1874 2138 1968 2224 dedi,
1996 2145 2032 2210 et
2047 2161 2121 2210 me-

263 2288 418 2357 diatores
440 2287 529 2356 mihi
552 2286 669 2374 posuit
690 2285 848 2372 seipsum
873 2289 909 2352 et
932 2283 1080 2354 aloardu
1105 2284 1219 2353 lilium
1226 2337 1363 2353 ......
1380 2305 1390 2371 ;
1425 2291 1462 2354 et
1484 2305 1548 2374 per
1572 2286 1648 2374 ipsa
1670 2288 1804 2376 guadia
1828 2293 2004 2381 obligavit
2028 2314 2067 2366 se
2082 2301 2119 2366 et

263 2459 345 2510 suos
368 2441 506 2527 eredes,
530 2444 571 2510 ut
592 2439 624 2507 si
648 2439 768 2508 omnia
791 2436 1036 2525 suprascripta
1060 2438 1161 2506 nobis
1185 2457 1256 2505 non
1281 2439 1542 2528 adimplebcrit,
1559 2447 1595 2510 et
1611 2441 1694 2509 illut
1719 2443 1772 2510 vel
1789 2445 1920 2514 exinde
1937 2452 2119 2519 remobere

264 2599 327 2664 aut
353 2599 521 2664 contrane
545 2592 734 2681 quesierit,
759 2611 968 2680 componere
992 2591 1165 2680 obligarit
1190 2611 1227 2661 se
1251 2598 1286 2662 et
1308 2611 1390 2659 suos
1413 2595 1536 2661 eredes
1560 2593 1651 2664 mihi
1677 2598 1732 2666 vel
1755 2599 1794 2666 in
1820 2618 1903 2686 pars
1928 2603 2040 2688 ipsius
2063 2623 2120 2672 ee-

263 2748 369 2819 clesie
393 2750 525 2838 biginti
551 2749 633 2819 auri
658 2748 787 2816 solidos
811 2749 1068 2835 constantines,
1092 2755 1128 2816 et
1151 2751 1246 2816 lrunc
1273 2750 1414 2816 brebem
1438 2747 1566 2834 scripsi
1590 2766 1656 2836 ego
1680 2749 1852 2820 iohannes
1878 2757 2054 2826 notarius.

309 2877 339 2992 †
363 2923 430 2991 ego
455 2902 649 2973 roderisius
673 2922 728 2972 me
751 2900 961 2987 subscripsi.

311 3033 341 3148 †
365 3077 432 3146 ego
454 3065 579 3146 petrus
603 3079 659 3128 me
683 3058 891 3146 subscripsi.

1038 3577 1347 3658 DCLXVII.

1042 3836 1096 3914 A.
1125 3834 1176 3913 D.
1205 3833 1326 3915 1013.

308 4082 342 4224 †
367 4138 406 4201 ln
431 4134 574 4203 nomine
596 4132 732 4202 domini
755 4121 925 4200 vicesimo
948 4129 1074 4215 quinto
1098 4145 1194 4196 anno
1217 4127 1440 4216 principatus
1470 4128 1589 4196 domni
1614 4129 1728 4196 nostri
1752 4130 1933 4216 guaimari
1965 4135 2113 4220 gloriosi

264 4289 456 4377 principis,
479 4307 601 4359 mense
626 4287 768 4374 iuniuS,
792 4286 983 4355 undecima
1006 4281 1212 4351 indictione.
1240 4271 1388 4368 Ideoque
1412 4299 1475 4349 nos
1499 4280 1666 4350 mulieres
1690 4282 1833 4352 nomine
1857 4284 2044 4372 adelglrisa
2074 4289 2117 4356 fi·

263 4442 313 4512 lia
337 4445 444 4526 (deest
469 4444 609 4527 mewa)
632 4441 786 4539 quixfuit
808 4457 921 4509 uxore
944 4438 1122 4524 brocconi,
1147 4443 1183 4504 et
1206 4437 1306 4504 soska
1328 4439 1364 4502 et
1386 4434 1538 4522 delecta,
1563 4433 1624 4521 qui
1649 4453 1771 4502 sumus
1793 4455 1964 4522 germane
1989 4446 2026 4508 ct
2041 4441 2118 4512 filie

262 4596 413 4686 predicti
448 4596 613 4664 brocconi
641 4599 678 4664 et
708 4593 877 4663 iamdicta
909 4589 1106 4678 adelghise,
1132 4607 1205 4658 una
1230 4607 1368 4655 mecum
1394 4587 1565 4656 iamdicta
1589 4587 1690 4658 soska
1713 4593 1804 4657 esset
1827 4591 2010 4661 maraldus
2033 4594 2116 4662 viro

263 4766 375 4835 mene,
400 4753 436 4816 et
459 4766 597 4815 mecum
621 4744 790 4816 iamdicta
813 4742 949 4810 delecta
973 4741 1111 4810 adesset
1136 4742 1309 4809 iohannes
1334 4741 1410 4806 viro
1428 4759 1539 4828 meuS,
1563 4745 1597 4809 et
1613 4759 1678 4828 ego
1696 4743 1945 4830 berengarius,
1964 4745 2026 4832 qui
2045 4747 2117 4817 luit

262 4905 305 4972 de
330 4900 528 4972 alemanna
553 4905 589 4969 et
615 4898 716 4967 modo
739 4915 818 4966 sum
844 4897 1026 4966 abitantes
1044 4898 1082 4964 in
1099 4894 1283 4964 territorio
1300 4895 1533 4982 salernitane,
1551 4899 1587 4963 et
1604 4855 1716 4964 uxore
1730 4898 1833 4964 abuit
1848 4897 1929 4984 gisa
1945 4898 2020 4969 illia
2035 4919 2117 4987 pre-

263 5053 350 5122 dicti
375 5055 493 5124 brocci
520 5056 555 5122 et
580 5051 747 5122 iamdicta
770 5049 971 5138 adelghise,
995 5061 1032 5118 et
1058 5051 1135 5136 ipsa
1159 5049 1241 5136 gisa
1266 5049 1303 5116 in
1328 5067 1404 5116 meo
1427 5050 1574 5117 mundio
1597 5048 1665 5117 fuit
1687 5050 1844 5137 defunta,
1868 5052 2118 5124 claresacimue

271 5228 335 5278 nos
359 5227 495 5296 omnes,
519 5209 817 5295 quoniamnobis
841 5211 894 5274 est
917 5207 1137 5292 pertinentes
1163 5205 1270 5270 abere
1294 5221 1375 5268 cum
1399 5200 1533 5270 nostris
1557 5200 1780 5271 consortibus
1804 5205 1909 5271 rebus
1935 5203 1972 5270 in
1996 5205 2113 5274 locuni

264 5363 530 5452 trans-boneia,
546 5363 607 5430 ubi
624 5361 770 5430 maiano
793 5360 941 5444 dicitur,
965 5356 1183 5428 salernitane
1208 5356 1352 5441 linibus,
1377 5356 1438 5441 qui
1462 5361 1515 5424 est
1539 5359 1646 5424 rebus
1671 5360 1748 5444 ipsa
1764 5357 1968 5425 insirtetum
1993 5363 2029 5426 et
2054 5362 2117 5429 ba-

267 5518 388 5586 cibum
414 5534 486 5586 uno
509 5515 682 5600 leniente,
706 5517 741 5582 et
763 5517 816 5582 est
839 5512 936 5580 infra
960 5530 999 5580 ec
1024 5512 1107 5578 linis
1131 5517 1166 5578 et
1190 5528 1391 5579 mensuras:
1417 5529 1439 5577 a
1463 5509 1726 5594 septemtrionis
1742 5511 1812 5577 fine
1829 5509 1900 5596 bia,
1917 5510 1999 5579 inde
2017 5511 2116 5599 passi

266 5670 536 5758 quinquaginta
559 5669 730 5754 quinque:
756 5667 802 5734 ab
827 5663 1007 5731 occidente
1031 5668 1114 5730 sunt
1139 5662 1234 5750 passi
1259 5661 1502 5748 quadraginta
1526 5678 1606 5745 sex3
1631 5665 1667 5727 et
1690 5659 1736 5729 da
1760 5661 1842 5728 inde
1860 5663 2064 5732 rebolbente
2080 5666 2122 5733 in

268 5827 345 5910 ipsa
367 5841 451 5910 pars
474 5821 667 5890 occidentis
691 5819 773 5887 inde
798 5819 894 5905 passi
918 5815 1072 5904 triginta
1098 5823 1231 5902 septem
1255 5821 1291 5882 et
1315 5815 1419 5901 pedes
1438 5814 1521 5900 duo;
1540 5817 1575 5880 et
1591 5813 1637 5882 da
1655 5813 1736 5916 inde
1754 5812 1957 5917 rebolbente
1975 5816 2014 5885 in
2031 5838 2120 5905 pars
