5376 7104
1019 509 1427 585 DlPLOMdTlCUS
2030 508 2095 582 251

284 737 456 806 rebertas
479 734 525 805 ad
548 737 742 823 potestates
764 735 878 822 ipsius
901 736 1035 804 maioni
1061 737 1162 806 etde
1184 736 1261 804 eius
1284 737 1418 805 eredes.
1441 737 1588 824 lterum,
1613 738 1650 804 et
1673 736 1704 803 si
1729 752 1792 804 nos
1815 738 1879 804 aut
1907 733 2041 803 nostris
2064 753 2144 804 ere·

293 887 399 957 dibus
423 887 467 957 de
490 907 532 957 ac
555 893 656 958 terra
678 887 875 956 exierimus
904 905 968 974 pro
991 889 1150 975 qualibet
1179 889 1364 958 occasione
1394 893 1431 957 et
1462 890 1501 957 in
1533 886 1607 958 alia
1638 887 1684 956 ad
1713 886 1923 957 abitandum
1939 887 2144 974 perrexeri-

290 1057 390 1125 mus,
415 1043 456 1108 ut
480 1040 607 1108 inclita
631 1042 737 1109 rebus
760 1041 839 1127 ipsa
860 1040 1020 1107 robertos
1044 1039 1090 1108 ad
1113 1043 1306 1127 potestates
1330 1041 1444 1128 ipsius
1467 1041 1602 1110 maioni
1627 1039 1728 1108 etde
1758 1037 1837 1108 eius
1866 1039 2017 1123 eredes3
2048 1037 2140 1105 etsi

214 1169 215 1173 ¹
292 1195 390 1264 infra
413 1200 487 1264 tres
510 1195 597 1265 anni
622 1213 687 1262 nos
710 1199 774 1264 aut
797 1195 931 1262 nostris
953 1193 1120 1262 eredibus
1145 1195 1184 1260 in
1207 1197 1372 1262 aeterra
1404 1194 1538 1263 rebersi
1570 1191 1746 1262 fuerimus
1777 1194 1822 1263 ad
1853 1191 2078 1278 abitandum,
2105 1195 2147 1260 ut

294 1350 419 1418 inclita
442 1350 549 1416 rebus
574 1350 652 1436 ipsa
676 1367 740 1435 per
764 1347 930 1417 iamdicta
952 1347 1037 1414 finis
1059 1352 1095 1416 et
1118 1346 1300 1416 mensurie
1322 1349 1485 1416 rebertas
1509 1348 1555 1417 ad
1579 1349 1771 1434 potestates
1796 1350 1920 1417 nostra
1949 1349 1985 1414 et
2014 1345 2058 1412 de
2081 1363 2169 1412 n0-.

293 1503 381 1572 stris
405 1503 584 1588 eredibuS,
609 1501 691 1569 illut
713 1499 891 1569 abendum
915 1499 954 1566 in
978 1499 1180 1586 supradicto
1203 1500 1378 1589 ordinem,
1402 1506 1518 1588 saepto
1542 1501 1701 1570 frudium
1724 1502 1767 1570 de
1791 1502 1867 1588 ipso
1891 1518 2027 1568 annum
2051 1498 2148 1586 quod

297 1656 432 1724 rebersi
456 1655 659 1742 fuerimus,
691 1653 790 1722 siant
813 1651 859 1722 ad
882 1656 1074 1740 potestates
1097 1652 1141 1722 de
1164 1654 1317 1721 ominem
1340 1652 1442 1722 illum
1466 1655 1529 1741 qui
1554 1653 1635 1722 illut
1658 1651 1891 1740 laboraberit;
1915 1651 2008 1740 quod
2032 1653 2063 1720 si
2089 1655 2145 1720 ta-

296 1809 381 1877 liter
405 1807 527 1876 omnia
549 1809 796 1895 suprascripta
820 1807 895 1894 ipse
918 1807 1013 1875 maio
1035 1809 1072 1875 et
1094 1807 1172 1875 eius
1194 1807 1317 1875 eredes
1340 1808 1451 1876 michi
1475 1807 1615 1894 meique
1639 1806 1806 1875 eredibus
1836 1824 1907 1876 non
1938 1807 2147 1895 adinplebe-

296 1963 346 2030 rit
371 1966 406 2030 et
429 1963 558 2049 aliquit
582 1961 665 2030 inde
687 1962 964 2048 contradixerit,
997 1964 1084 2029 tunc
1108 1979 1171 2047 per
1196 1960 1275 2046 ipsa
1297 1959 1433 2046 guadia
1456 1959 1635 2048 obligabit
1656 1978 1694 2029 se
1718 1965 1754 2031 et
1783 1979 1866 2028 suos
1895 1961 2018 2030 eredes
2050 1934 2148 2028 comff

296 2136 428 2204 ponere
451 2117 563 2184 michi
587 2085 727 2203 meique
751 2117 915 2185 eredibus
938 2116 1070 2205 biginti
1094 2118 1176 2184 auri
1201 2114 1305 2183 solidi
1329 2117 1574 2205 constantini,
1598 2121 1634 2186 et
1658 2116 1780 2186 omnia
1803 2117 2052 2205 suprascripta
2077 2135 2141 2204 per

299 2269 424 2339 inbitis
447 2271 550 2338 nobis
573 2270 800 2357 adimpleret,
825 2275 1096 2356 verumtamen,
1121 2275 1157 2338 et
1180 2269 1212 2336 si
1236 2274 1388 2356 paratus
1410 2269 1521 2338 fuerit
1544 2271 1583 2338 in
1607 2269 1685 2356 ipsa
1715 2272 1842 2356 rebus,
1873 2273 1914 2337 ut
1945 2288 2008 2357 per
2037 2272 2148 2340 tertia

297 2423 396 2492 bices
420 2422 470 2490 ibi
494 2422 805 2510 pastenaberimus
828 2427 866 2492 et
887 2423 1088 2510 plantimeu
1112 2420 1191 2510 ipsa
1213 2422 1264 2490 ibi
1288 2441 1361 2492 non
1384 2423 1535 2510 proserit
1551 2423 1590 2510 ¹),
1615 2421 1740 2491 solutis
1758 2422 1840 2492 inde
1857 2441 2068 2493 maneamus
2086 2440 2152 2489 nos

298 2581 335 2647 et
359 2577 491 2644 nostris
512 2577 690 2664 eredibuS,
714 2579 847 2664 absque
870 2577 1049 2646 calumnie
1073 2594 1136 2663 per
1159 2576 1368 2663 supradicta
1391 2578 1526 2665 guadia
1549 2582 1585 2646 et
1599 2576 1735 2666 guadia
1758 2582 1794 2646 et
1816 2578 2147 2666 obligata-omnam,

299 2736 336 2800 et
360 2731 456 2798 omni
482 2737 638 2818 tempore
663 2732 833 2800 abeamus
857 2747 920 2798 nos
944 2733 980 2798 et
1002 2729 1137 2797 nostris
1160 2730 1327 2799 eredibus
1351 2733 1430 2819 ipsa
1453 2735 1560 2802 rebus
1584 2733 1685 2802 clusa
1708 2733 1752 2803 de
1775 2734 1892 2802 tribus
1907 2731 2085 2819 partibus,
2114 2734 2154 2799 ut

302 2885 426 2952 bobem
450 2889 486 2952 et
508 2883 688 2952 caballum
711 2884 794 2952 inde
817 2885 957 2954 intrare
981 2902 1053 2951 non
1076 2889 1208 2972 possat,
1232 2890 1269 2953 et
1293 2903 1363 2952 unc
1387 2885 1532 2952 brebem
1549 2883 1677 2972 scripsi
1693 2903 1760 2973 ego
1775 2885 1828 2952 iso
1847 2884 2025 2971 presbiter
2041 2885 2078 2952 et
2095 2899 2159 2950 no·

191 2996 194 3000 .
308 3039 425 3106 tarius
449 3039 512 3123 qui
537 3038 699 3106 interfui.

355 3163 385 3278 †
410 3193 485 3278 ligo
508 3191 568 3277 qui
593 3209 702 3276 supra
725 3190 905 3260 romoaldo

351 3319 382 3433 †
407 3347 481 3433 Ego
507 3345 680 3414 iohannes
703 3345 879 3432 presbiter

349 3469 379 3585 †
406 3499 481 3586 Ego
505 3498 685 3583 iaquintu.

979 3651 1063 3662 ——u—

1034 3783 1427 3866 DCLXXXJV.

1083 3984 1139 4062 A.
1166 3981 1219 4060 D.
1245 3979 1367 4061 1015.

346 4176 464 4258 cuipter
485 4195 588 4261 χειρος
609 4194 728 4249 odorae
750 4195 886 4265 μοναχου
900 4180 951 4244 καὶ
964 4178 1071 4263 rupini
1087 4177 1103 4244 ὁ
1120 4177 1213 4244 emie-
1294 4166 1319 4261 ¹)
1342 4123 1379 4265 †
1403 4177 1551 4264 Signum
1580 4193 1709 4244 manus
1737 4176 1883 4245 Niconis
1915 4177 2081 4248 monachi
2120 4185 2163 4249 et

305 4327 434 4392 γομενος
440 4359 502 4374 .....
1248 4321 1344 4390 coeci
1367 4324 1647 4408 cognomento...

345 4442 484 4523 †⁰l²²⁰v
505 4461 600 4529 trees
623 4447 788 4531 coquentes
809 4467 1000 4533 zooppnppcn
1022 4470 1074 4516 του
1097 4471 1215 4528 rueres
1291 4409 1328 4550 †
1352 4464 1500 4550 Signum
1523 4482 1651 4533 manus
1673 4463 1792 4533 Ursuli
1815 4467 2057 4537 turmarchae
2082 4463 2155 4536 dlii-

304 4612 451 4681 μοναχου.
1246 4604 1393 4673 Niconis
1416 4607 1599 4676 monachi.

346 4949 369 5037 ¹)
390 4964 421 5021 et
436 4961 624 5038 plantimen
646 4965 721 5042 ipso
742 4961 789 5023 ibi
811 4983 878 5026 101
895 4969 1049 5044 praeerit,
1074 4967 1255 5031 vernacula
1277 4969 1413 5042 locutio,
1437 4986 1521 5048 qnae
1545 4975 1659 5032 sonat:
1683 4975 1714 5030 et
1731 4971 1872 5051 plantae
1899 4971 1994 5052 ipone
2022 4971 2070 5034 tbi
2098 4971 2162 5032 mi·

306 5109 394 5170 nime
416 5109 666 5172 radiceecerent.

346 5254 370 5335 ²)
391 5257 537 5319 Tametsi
560 5256 608 5320 Cl.
632 5258 693 5320 Vir
708 5260 906 5323 Franciseus
923 5259 1108 5324 Trinchera
1121 5263 1351 5344 Neapolitanis
1367 5266 1537 5329 Archiviis
1553 5270 1749 5334 Praefectus
1766 5270 1931 5333 Carenses
1950 5269 2050 5332 etiam
2066 5285 2163 5346 grae·

306 5418 361 5464 cas
384 5401 613 5478 membranas,
639 5422 658 5464 a
680 5405 841 5469 Paschale
864 5407 970 5468 Baffio
993 5407 1116 5470 affabre
1141 5409 1395 5490 interpretatas,
1419 5415 1506 5494 typis
1529 5412 1696 5480 mandavit
1717 5414 1877 5496 (Syllabas
1902 5412 2016 5477 Graec.
2039 5413 2158 5476 Memb.
2271 5384 2273 5388 .

306 5545 446 5626 Neapoli
472 5548 572 5628 Typis
592 5548 721 5628 Iosepln'
745 5550 889 5614 Cotoneo
913 5551 1031 5632 1865),
1055 5557 1185 5626 tamen,
1216 5572 1257 5615 ne
1281 5552 1390 5616 Codex
1412 5554 1499 5635 Dipl.
1532 5555 1603 5617 suis
1633 5557 1824 5638 praecipuis
1848 5556 2066 5635 graecanicae
2097 5556 2163 5619 lin-

307 5707 392 5769 guae
415 5692 606 5755 medietatis
629 5693 837 5756 documentis
860 5695 993 5758 omnino
1016 5705 1159 5772 careret,
1185 5699 1318 5761 easdem
1342 5701 1432 5763 iuxta
1448 5706 1482 5764 et
1497 5700 1593 5763 latini
1610 5701 1776 5764 idiomatis
1791 5720 1872 5783 quas
1889 5700 2075 5782 vulgamus,
2093 5719 2168 5766 uno

310 5836 492 5917 eodemque
516 5837 749 5919 chronologico
772 5841 888 5904 ordine
913 5843 947 5902 in
970 5841 1080 5907 lucem
1103 5843 1262 5920 edendas,
1282 5845 1447 5926 ¹optimum
1470 5848 1560 5909 factu
1583 5845 1647 5908 rati
1671 5865 1798 5908 sumus.
