5334 7098
607 540 676 611 ll8
1244 535 1417 607 CODEX
1451 537 1720 612 ell'sltsls

563 768 661 836 inira
686 767 763 854 ipsa
786 766 1002 852 traditione,
1035 763 1096 831 ille
1121 768 1197 852 ipsa
1220 783 1379 853 organea
1403 766 1553 852 tollant,
1577 771 1614 834 et
1637 788 1699 855 per
1723 775 1878 857 tempore
1903 772 1996 841 bona
2018 768 2226 838 nonciarent
2250 773 2285 836 et
2309 785 2407 854 repo-

561 924 694 990 nerent
719 921 802 990 illas
827 919 865 986 in
890 919 968 1006 ipsa
991 937 1086 1006 casa,
1109 923 1145 986 et
1169 921 1245 1005 ipso
1268 921 1392 988 binum
1417 924 1608 992 sortionem
1632 925 1789 1011 predicte
1812 925 1959 994 ecclesie
1983 925 2023 992 in
2047 925 2125 1012 ipsa
2147 941 2306 1011 organea
2330 921 2409 990 mit-

559 1079 682 1144 terent
704 1080 740 1144 et
762 1076 900 1144 salbum
924 1075 1026 1142 illum
1050 1078 1223 1162 lacerent,
1246 1075 1356 1144 donec
1381 1075 1463 1144 illut
1477 1077 1560 1144 inde
1577 1078 1740 1164 tulerint,
1757 1080 1890 1164 absque
1913 1078 2189 1166 degeneratione
2212 1079 2248 1146 et
2273 1077 2406 1163 ingne3

483 1251 487 1258 ·
557 1232 594 1296 et
615 1229 699 1296 dum
724 1229 854 1298 ibidem
878 1235 1019 1300 steterit
1042 1233 1117 1320 ipso
1141 1231 1288 1299 missum
1312 1229 1470 1318 predicte
1493 1231 1641 1299 ecclesie
1670 1249 1734 1317 pro
1763 1231 2007 1318 recipiendum
2038 1231 2116 1316 ipsa
2143 1230 2336 1299 sortionem
2366 1229 2408 1297 de

559 1385 635 1469 ipso
661 1382 811 1471 binum,
843 1384 916 1452 illis
945 1391 1066 1452 autem
1099 1405 1179 1452 eum
1209 1385 1343 1453 notrire
1374 1388 1410 1451 et
1442 1383 1569 1451 darent
1592 1383 1625 1448 ei
1650 1381 1911 1467 palmentateca
1935 1382 2031 1450 iusta
2053 1381 2343 1449 consuetudinem
2368 1382 2409 1448 de

561 1535 638 1620 ipso
664 1535 801 1621 locum,
826 1537 927 1603 etde
951 1535 1044 1620 quod
1067 1537 1105 1602 in
1131 1536 1209 1621 ipsa
1234 1525 1569 1602 rebus'annualiter
1594 1533 1880 1618 seminaberint,
1911 1533 2021 1601 deant
2045 1533 2175 1600 exinde
2199 1530 2409 1600 terraticum

559 1706 697 1775 semper
720 1689 765 1757 ad
790 1707 874 1775 pars
898 1689 1010 1774 ipsius
1035 1689 1180 1756 ecclesie
1205 1688 1713 1756 secundumconsuetudinem
1737 1691 1779 1756 de
1806 1691 1880 1775 ipso
1904 1689 2030 1774 locum3
2056 1693 2091 1756 et
2114 1708 2136 1755 a
2158 1705 2227 1774 quo
2250 1692 2328 1773 ipsa
2354 1707 2406 1754 re-

560 1843 627 1908 bus
649 1847 771 1909 tenere
794 1846 830 1908 et
854 1843 1015 1912 laborare
1041 1843 1221 1910 noluerint
1244 1843 1283 1909 in
1307 1844 1464 1929 predicto
1488 1845 1625 1929 ordine,
1650 1843 1777 1912 inclita
1800 1845 1905 1910 rebus
1930 1843 2007 1929 ipsa
2031 1843 2196 1911 laborata
2219 1845 2256 1907 et
2273 1841 2407 1908 cultata

562 1999 598 2062 et
622 1997 720 2065 clusa
743 1997 927 2066 remittere
951 1997 997 2066 ad
1021 2001 1194 2083 potestate
1218 1996 1331 2084 ipsius
1355 1997 1502 2066 ecclesio
1533 2000 1648 2066 sancti
1683 1997 1858 2084 maximi,
1890 2001 1925 2064 et
1955 1995 2068 2064 licead
2100 1995 2172 2062 illis
2204 1994 2286 2062 inde
2310 1993 2409 2062 exire

562 2169 643 2217 cum
666 2152 781 2218 omnis
804 2170 870 2220 sua
893 2152 1061 2237 mobilia,
1085 2152 1177 2238 quod
1201 2151 1334 2219 ibidem
1359 2153 1551 2238 abuerint,
1576 2172 1658 2219 cum
1681 2156 1754 2219 tota
1779 2152 1857 2238 ipsa
1880 2150 2108 2237 lingnamina
2138 2149 2181 2218 de
2211 2150 2289 2235 ipsa
2313 2166 2408 2232 casa;

561 2303 651 2370 etsi
675 2303 870 2388 aliquando
892 2311 1049 2390 tempore
1074 2304 1133 2372 ille
1157 2311 1192 2372 et
1215 2324 1296 2372 suos
1320 2304 1467 2372 heredes
1491 2305 1533 2371 de
1558 2307 1625 2373 hac
1649 2309 1747 2374 terra
1771 2304 1994 2372 salernitana
2023 2304 2181 2371 exierint
2206 2319 2270 2386 pro
2295 2300 2406 2368 aliubi

561 2453 608 2522 ad
631 2455 856 2542 abitandum,
881 2463 945 2524 aut
969 2457 1000 2523 si
1025 2458 1132 2524 talem
1157 2459 1307 2524 fecerint
1331 2457 1494 2542 culpam,
1521 2457 1612 2525 unde
1636 2457 1681 2525 ad
1704 2457 1881 2542 palatium
1904 2454 2062 2523 cecidere
2086 2453 2289 2537 debuerint,
2314 2451 2412 2518 simi-

562 2609 645 2678 liter
669 2614 775 2678 rebus
800 2612 876 2697 ipsa
899 2632 979 2679 cum
1003 2614 1124 2682 onmia
1148 2613 1244 2680 intro
1268 2633 1305 2679 se
1328 2613 1517 2681 abentibus
1541 2614 1753 2698 perbeniant
1783 2611 1829 2680 ad
1860 2615 2032 2696 potestate
2056 2609 2213 2696 predicte
2238 2605 2406 2690 ecclesie,

562 2769 598 2831 et
622 2765 652 2831 si
676 2766 771 2834 infra
797 2767 912 2833 tribus
936 2769 1022 2834 anni
1049 2767 1082 2834 ic
1105 2769 1238 2835 rebersi
1263 2769 1398 2836 luerint
1421 2767 1723 2852 ad'abitandum,
1756 2771 1821 2833 aut
1852 2765 1882 2830 si
1908 2763 1950 2829 de
1976 2765 2052 2848 ipsa
2076 2765 2180 2848 culpa
2206 2762 2348 2831 liberati
2375 2767 2410 2828 et

564 2917 744 2984 boluerint
768 2921 876 2986 rebus
902 2922 980 3006 ipsa
1003 2921 1041 2986 in
1066 2919 1309 3006 suprascripto
1332 2919 1456 2986 ordine
1480 2925 1601 2986 tenere
1625 2924 1661 2985 et
1686 2919 1860 3001 laborare,
1887 2915 2049 2984 inclitum
2076 2915 2157 2981 illut
2181 2918 2343 2983 rebertar
2367 2917 2409 2984 ad

561 3074 638 3140 eius
661 3077 848 3159 potestate,
872 3074 917 3141 ad
941 3074 1135 3141 tenendum
1159 3074 1240 3141 illut
1265 3075 1302 3140 in
1326 3074 1571 3159 suprascripta
1595 3069 1753 3140 ratione:
1789 3075 1928 3138 tantum
1953 3069 2027 3155 ipso
2058 3085 2154 3134 anno
2178 3069 2269 3154 quod
2296 3068 2410 3135 redie-

562 3229 651 3310 rint,
671 3229 776 3294 rebus
792 3209 924 3313 ipsa'si
949 3229 1111 3295 laborata
1135 3229 1256 3313 suerit,
1283 3227 1394 3294 licead
1418 3227 1490 3294 illis
1514 3229 1575 3313 qui
1593 3246 1651 3294 eos
1668 3225 1924 3311 laboraborint,
1942 3225 2024 3292 inde
2049 3225 2171 3291 tollore
2197 3225 2313 3290 omnis
2335 3225 2409 3288 l'ru-

562 3399 664 3468 gens
683 3382 780 3448 Unde
806 3401 868 3466 per
892 3383 985 3450 bona
1008 3381 1271 3448 combenicntia
1285 3381 1420 3466 guadia
1436 3379 1522 3446 milri
1543 3382 1617 3466 ipsc
1633 3381 1880 3447 constantinus
1896 3379 2006 3464 dedit,
2024 3385 2059 3445 et
2077 3379 2305 3446 mediatorem
2321 3380 2409 3446 mihi

561 3534 680 3622 posuit
702 3555 738 3603 se
755 3538 890 3622 ipsum,
915 3542 950 3603 et
973 3556 1036 3622 per
1060 3537 1138 3622 ipsa
1161 3535 1294 3621 guadia
1317 3534 1490 3620 obligabit
1513 3553 1549 3600 sc
1573 3551 1723 3618 suosque
1749 3533 1839 3599 lilios
1862 3537 1899 3599 et
1923 3531 2057 3618 eredeS,
2086 3537 2125 3598 ut
2150 3531 2182 3596 si
2209 3531 2340 3616 aliquit
2365 3533 2407 3600 de

561 3689 682 3758 omnia
699 3689 944 3777 suprascripta
968 3692 1148 3756 remobere
1172 3693 1235 3755 aut
1258 3692 1423 3756 contrare
1447 3687 1643 3775 quesierit,
1676 3694 1712 3754 et
1746 3689 1837 3757 talia
1862 3689 1900 3755 in
1924 3706 2008 3773 pars
2034 3687 2146 3772 ipsius
2169 3685 2317 3753 ecclesie
2344 3705 2413 3752 non

561 3843 825 3931 adimpleberit,
851 3863 912 3930 per
937 3845 1015 3930 ipsa
1038 3843 1172 3929 guadia
1195 3842 1369 3930 obligabit
1392 3861 1429 3910 se
1453 3861 1602 3929 suosque
1626 3843 1718 3910 filios
1742 3848 1777 3909 ct
1801 3842 1922 3909 eredes
1946 3841 1991 3909 ad
2016 3841 2297 3926 componendum
2324 3840 2411 3907 mibi

560 3999 616 4068 vel
640 3999 679 4065 in
703 4018 788 4086 pars
815 3999 926 4084 ipsius
948 3998 1094 4065 ecclesie
1119 3998 1249 4085 biginti
1273 3996 1355 4066 auri
1380 3997 1509 4064 solidos
1532 3995 1777 4064 constantines
1791 4043 1800 4081 ,
1832 3999 1868 4062 et
1896 3994 2063 4080 apposuit
2089 3998 2125 4061 et
2149 3993 2350 4082 obbligabit
2376 4013 2413 4062 se

559 4157 599 4222 in
622 4171 707 4241 pars
732 4153 844 4239 ipsius
867 4153 1016 4222 ecclesie
1040 4151 1086 4221 ad
1111 4151 1400 4238 pingnerandum
1425 4150 1541 4217 omnis
1564 4168 1630 4218 sua
1653 4167 1761 4220 causa
1785 4150 1895 4216 etiam
1918 4153 1955 4216 et
1977 4165 2127 4234 persona
2151 4166 2230 4216 sua:
2258 4152 2294 4215 et
2319 4151 2412 4216 hunc

560 4309 707 4376 brebem
734 4307 860 4395 scripsi
885 4326 951 4393 ego
975 4305 1132 4375 ademari
1159 4307 1321 4374 notarius
1344 4306 1405 4392 qui
1432 4305 1591 4373 interlui.

604 4435 635 4550 †
662 4463 739 4548 Ego
763 4461 917 4531 arechisi
943 4459 1107 4529 notarius
1130 4477 1185 4525 me
1211 4458 1404 4545 subscripsi

604 4589 635 4704 †
662 4619 737 4704 Ego
761 4617 949 4702 laquintus
973 4637 1028 4684 mc
1053 4617 1262 4702 subscripsi.

1263 4872 1283 4878 μ.
1296 4871 1430 4878 .-..--....-.
1441 4871 1483 4876 --
1545 4871 1560 4876 -
1575 4871 1583 4875 -
1614 4871 1618 4875 .
1634 4871 1713 4876 -m-

1347 5159 1633 5246 DCXXIII.
1648 5157 1652 5166 '

1343 5419 1398 5496 A.
1428 5415 1478 5494 D.
1508 5413 1638 5495 1009.

605 5635 641 5774 †
666 5689 705 5753 ln
731 5688 876 5754 nomine
899 5685 1032 5753 domini
1058 5683 1224 5751 bicesimc
1248 5680 1364 5768 primo
1388 5697 1484 5748 anno
1508 5681 1730 5767 principatus
1760 5679 1880 5747 domni
1906 5679 2019 5746 nostri
2044 5679 2242 5765 guaimarii
2267 5678 2410 5767 gloriosi

560 5841 751 5928 principis,
776 5859 895 5908 mense
911 5841 1122 5926 september,
1139 5843 1264 5906 octava
1282 5835 1489 5904 indictione.
1508 5833 1797 5902 memoratorium
1822 5833 1917 5901 sactu
1933 5850 1954 5900 a
1971 5851 2027 5900 me
2045 5831 2219 5902 iohannes
2237 5833 2411 5920 presbiter
