5376 7104
629 549 698 620 988
1265 543 1439 615 CODEX
1478 543 1744 616 ClvnNSls

580 771 793 858 supradicta
816 753 882 841 sua
905 770 1101 842 traditione
1123 787 1187 858 per
1211 767 1379 838 iamdicto
1402 765 1565 856 hordine,
1589 767 1899 868 quemammodum
1923 783 2032 852 supra
2064 762 2224 851 legitur,
2248 761 2294 833 da
2316 781 2430 834 omnes

582 901 746 995 nomines
769 925 937 1012 omnique
960 924 1153 1012 partibus,
1177 925 1214 992 et
1236 939 1309 990 non
1333 937 1482 1007 querere
1505 923 1589 989 anto
1612 919 1689 1008 ipso
1712 918 1946 988 constitutum
1971 917 2052 986 illut
2079 916 2184 984 'nobis
2218 915 2343 984 tollere
2373 923 2432 988 aut

578 1085 764 1165 contrare;
789 1079 833 1147 de
857 1099 929 1166 qua
944 1096 1007 1166 per
1023 1080 1118 1146 bona
1133 1075 1421 1146 conbenientiam
1446 1074 1580 1162 guadia
1596 1074 1698 1143 nobis
1715 1076 1791 1163 ipse
1808 1075 1918 1143 abbas
1934 1071 2046 1160 dedit,
2062 1090 2137 1140 una
2153 1089 2234 1140 cum
2249 1087 2330 1138 eum
2346 1075 2433 1138 esset

583 1234 660 1320 ipse
685 1250 793 1300 suum
817 1229 1078 1317 adbocatorem,
1103 1234 1140 1297 et
1162 1229 1393 1298 mediatorem
1409 1228 1511 1295 nobis
1526 1227 1645 1314 posuit
1662 1224 1849 1312 iaquintus
1864 1224 2036 1294 diaconus
2050 1227 2086 1292 et
2101 1220 2331 1310 primicerius
2347 1237 2429 1290 eun·

581 1387 663 1454 dem
689 1383 853 1470 ecclesie,
877 1387 918 1451 ut
942 1382 971 1450 si
997 1381 1121 1450 taliter
1145 1381 1279 1468 omnia,
1303 1384 1344 1448 ut
1366 1380 1530 1466 superius
1553 1378 1701 1466 legitur,
1727 1379 1800 1466 ipse
1823 1379 1935 1446 abbas
1959 1375 2104 1462 suisque
2121 1372 2387 1442 successoribus
2402 1377 2434 1441 et

586 1557 674 1626 pars
700 1537 813 1626 ipsius
837 1537 986 1607 ecclesie
1009 1537 1113 1605 nobis
1136 1553 1208 1604 non
1232 1532 1506 1620 adimpleberint
1529 1539 1565 1603 et
1587 1532 1719 1620 aliquit
1741 1532 1825 1602 inde
1849 1532 2149 1617 contradixerint,
2173 1548 2237 1617 per
2254 1527 2334 1615 ipsa
2352 1545 2434 1613 gua-

583 1690 645 1760 dia
669 1709 878 1780 componere
901 1689 1076 1780 obligavit
1100 1708 1136 1758 se
1160 1688 1235 1777 ipse
1258 1689 1369 1756 abbas
1393 1689 1535 1774 suisque
1558 1686 1832 1773 successoribus,
1848 1689 1884 1754 et
1899 1703 1984 1771 pars
2008 1683 2120 1772 ipsius
2144 1681 2323 1753 aecclesie
2339 1682 2434 1748 nobis

588 1846 796 1932 nostrisque
821 1846 987 1914 eredibus
1011 1842 1143 1932 biginti
1167 1843 1249 1912 auri
1273 1841 1401 1910 solidos
1424 1839 1681 1910 constantines.
1699 1841 1743 1907 Et
1758 1842 1854 1906 hunc
1878 1839 2021 1907 brebem
2046 1837 2173 1930 scripsi
2198 1855 2266 1925 ego
2292 1851 2436 1922 myren-

583 1997 650 2066 dus
673 1999 837 2068 notarius
860 1998 922 2083 qui
947 1998 999 2068 ita
1020 1998 1116 2065 novi.

636 2129 666 2246 †
693 2153 768 2241 Ego
792 2149 853 2239 qui
879 2169 989 2238 supra
1012 2151 1107 2220 maio
1132 2149 1306 2237 presbiter
1330 2150 1365 2217 et
1389 2149 1499 2217 abbas

631 2284 662 2400 †
687 2311 763 2397 Ego
786 2309 848 2394 qui
872 2323 981 2393 supra
1005 2301 1197 2372 roderisius
1220 2321 1276 2370 me
1300 2301 1492 2390 subscripsi

631 2439 663 2555 †
688 2467 764 2552 Ego
786 2463 976 2548 laquintus
999 2455 1162 2528 notarius
1184 2475 1240 2525 me
1264 2456 1458 2544 subscripsi

632 2591 664 2708 †
690 2621 765 2706 Ego
789 2613 972 2684 dauferius
995 2612 1158 2681 notarius
1181 2629 1237 2679 me
1261 2608 1469 2695 subscripsi.

1386 3097 1638 3182 DCCVII.

1377 3330 1433 3408 A.
1461 3327 1513 3406 D.
1540 3325 1664 3410 1018.

629 3508 667 3650 †
691 3563 731 3628 ln
756 3560 899 3629 nomine
922 3559 1058 3630 domini
1082 3576 1177 3629 anno
1201 3557 1383 3626 tricesimo
1405 3557 1630 3646 principatus
1653 3553 1770 3623 domni
1794 3556 1910 3623 nostri
1933 3551 2112 3642 guaimari
2137 3559 2174 3620 et
2197 3555 2309 3622 tertio
2340 3570 2430 3620 auno

583 3716 809 3804 principatus
833 3714 954 3784 domni
977 3714 1125 3784 iohanni
1150 3711 1229 3781 eius
1251 3710 1343 3798 filii,
1366 3710 1511 3798 gloriosi
1535 3709 1740 3798 principes,
1763 3728 1883 3779 mense
1906 3708 2058 3797 aprilis,
2082 3707 2200 3795 prima
2225 3708 2428 3779 indictione.

585 3871 875 3941 Memoratorium
899 3871 1035 3939 lactum
1058 3889 1081 3940 a
1104 3887 1158 3938 me
1183 3865 1293 3935 leonti
1318 3867 1453 3953 abbas,
1476 3883 1518 3933 eo
1541 3865 1633 3953 quod
1657 3868 1742 3934 ante
1764 3865 1959 3952 subscripti
1984 3862 2122 3933 idoneis
2146 3863 2356 3934 hominibus
2376 3881 2436 3950 per

582 4029 678 4094 bona
701 4023 952 4092 convenientia
975 4021 1127 4092 tradidit
1150 4021 1261 4090 michi
1285 4018 1410 4088 manni
1434 4019 1616 4090 castaldus
1632 4021 1730 4090 filius
1753 4023 1868 4110 petri,
1892 4036 1956 4108 pro
1979 4036 2066 4106 pars
2090 4021 2128 4087 et
2149 4019 2227 4086 vice
2250 4016 2362 4114 alfani
2385 4033 2436 4083 co·

581 4180 681 4248 mitis
697 4177 765 4247 filii
782 4177 959 4266 quondam
983 4175 1143 4263 landoni,
1167 4179 1203 4245 et
1217 4194 1281 4262 pro
1298 4192 1382 4262 pars
1396 4177 1432 4242 et
1448 4173 1525 4242 rice
1541 4172 1687 4244 landoni
1702 4177 1865 4262 nepotem
1881 4172 1994 4260 ipsius
2009 4170 2124 4242 alfani
2140 4171 2297 4257 comitiS,
2317 4169 2436 4240 inclite

583 4332 660 4420 ipse
675 4332 784 4401 terris
806 4331 849 4400 de
872 4331 950 4418 ipse
972 4329 1115 4416 caselle,
1141 4327 1297 4416 qualiter
1323 4324 1403 4394 illos
1425 4323 1543 4394 tenuit
1565 4343 1684 4396 cosma
1707 4323 1930 4413 carcpusirfi.
1948 4325 1996 4393 As
2012 4325 2102 4394 fines
2117 4327 2199 4394 abet
2222 4324 2333 4394 terris
2350 4324 2434 4414 ipse.

583 4489 631 4555 De
647 4505 722 4556 una
744 4491 847 4572 parte
869 4487 940 4553 fine
963 4484 1071 4552 dubio
1094 4481 1212 4552 calore
1227 4479 1332 4568 nigro
1348 4483 1384 4548 et
1399 4479 1589 4566 coniungit
1612 4478 1651 4546 in
1674 4479 1783 4546 flubio
1798 4476 1899 4564 siler,
1917 4481 1953 4546 et
1969 4475 2053 4546 inde
2069 4477 2221 4548 saliente
2244 4477 2286 4546 in
2303 4447 2435 4548 ballone

584 4641 627 4709 de
651 4639 728 4728 ipso
751 4639 932 4709 columbro
956 4641 992 4707 et
1016 4635 1256 4724 coniungente
1278 4633 1318 4702 in
1342 4649 1456 4720 serra,
1480 4651 1549 4719 que
1572 4631 1621 4700 ibi
1647 4637 1714 4718 est,
1738 4636 1774 4702 et
1797 4633 1841 4700 da
1864 4633 1948 4700 inde
1972 4634 2177 4704 rebolbente
2202 4635 2240 4702 in
2267 4636 2345 4723 ipso
2365 4635 2435 4708 bal-

586 4795 668 4862 lone
693 4791 791 4865 iusta
813 4791 901 4862 iscla
923 4791 966 4861 de
989 4797 1115 4862 sancta
1137 4789 1253 4859 maria
1276 4794 1313 4859 et
1335 4788 1575 4875 coniungente
1599 4785 1637 4852 in
1662 4787 1738 4875 ipso
1760 4785 1869 4855 flubio
1891 4787 2038 4875 calore;
2061 4805 2124 4874 per
2153 4789 2220 4858 iste
2247 4789 2333 4858 finis
2364 4791 2436 4878 ipse

584 4950 708 5018 manni
733 4965 798 5035 pro
821 4963 906 5034 pars
929 4943 1087 5032 ipsorum
1110 4943 1223 5013 allani
1247 4942 1372 5010 comiti
1395 4945 1432 5011 et
1455 4939 1597 5011 landoni
1623 4943 1733 5012 michi
1756 4943 1891 5012 tradidi
1914 4943 1981 5014 tali
2006 4943 2130 5012 ordine
2144 4947 2220 5032 ,ut
2247 4945 2374 5014 amodo
2401 4951 2433 5012 et

586 5101 711 5171 diebus
734 5101 808 5170 vite
832 5119 909 5168 mee
932 5103 1006 5169 tote
1031 5099 1106 5188 ipse
1128 5097 1249 5185 terris,
1274 5097 1321 5166 ud
1338 5096 1479 5167 dictum
1502 5100 1569 5184 est,
1593 5096 1632 5164 in
1656 5113 1736 5165 mea
1753 5095 1826 5164 sint
1841 5097 2009 5183 potestati
2026 5095 2175 5166 tenendi
2191 5101 2227 5167 et
2249 5095 2432 5168 dominan-

583 5255 636 5344 di,
660 5261 697 5326 et
719 5255 818 5324 fovee
834 5258 871 5325 ct
884 5271 1006 5322 omnes
1029 5255 1151 5321 nostre
1165 5249 1317 5321 utilitati
1333 5249 1427 5318 iusta
1442 5249 1618 5318 rationem
1633 5247 1684 5315 ibi
1700 5248 1869 5337 faciendi,
1885 5254 1922 5319 et
1937 5249 2119 5320 ominibus
2135 5249 2431 5323 adlaborandum

583 5409 636 5476 in
663 5407 740 5496 ipse
762 5407 871 5478 terris
894 5405 1095 5490 mittamus,
1119 5420 1181 5470 seu
1205 5401 1251 5471 ad
1274 5399 1497 5486 avitandum,
1522 5399 1679 5488 qualiter
1701 5402 1803 5472 novis
1825 5403 2029 5491 placuerit3
2054 5407 2090 5472 et
2105 5404 2352 5492 quodcumque
2367 5403 2434 5473 edi·

583 5562 707 5632 ficium
729 5580 795 5631 nos
818 5563 858 5632 in
883 5561 960 5650 ipse
983 5559 1108 5646 terris,
1125 5575 1188 5626 seu
1203 5556 1340 5626 molina
1362 5556 1530 5626 edificare
1555 5557 1773 5627 noluerimus
1789 5578 1851 5647 per
1868 5559 1956 5648 ipsis
1973 5560 2085 5631 albeis
2101 5561 2144 5631 de
2161 5561 2248 5650 ipsis
2268 5560 2433 5647 fluminis,

587 5723 713 5786 nostre
737 5719 814 5787 sint
837 5715 1022 5805 potestati,
1046 5713 1204 5803 qualiter
1227 5711 1455 5799 voluerimus,
1478 5716 1514 5781 et
1536 5712 1641 5782 vinee
1663 5714 1793 5783 ibidem
1816 5719 2045 5804 pasionemus
2068 5720 2104 5784 et
2120 5715 2166 5786 ad
2182 5716 2432 5806 pastenandum

582 5871 720 5961 demus,
752 5872 814 5940 ubi
838 5871 1058 5941 noluerimus
1081 5871 1119 5938 in
1144 5869 1224 5957 ipsa
1246 5871 1367 5955 rebus3
1390 5873 1426 5938 et
1449 5867 1573 5937 amodo
1597 5873 1632 5937 et
1656 5886 1769 5955 usque
1791 5869 1950 5956 quinque
1973 5871 2062 5940 anni
2079 5870 2244 5958 completi
2262 5867 2428 5940 hecclesia
