5376 7104
1280 583 1454 657 CODEX
1487 581 1753 655 cavensis

1343 985 1679 1069 DCLXXIII.

1368 1243 1424 1320 A.
1453 1241 1504 1320 D.
1533 1239 1655 1322 1014.

630 1534 751 1602 Hnins
773 1534 1022 1618 instrumenti,
1041 1535 1188 1617 penitus
1209 1534 1384 1600 vetustata
1407 1533 1578 1616 temporis
1600 1535 1707 1620 eresi,
1731 1533 1975 1599 summarium
1993 1529 2221 1614 praebemus:

630 1635 667 1776 †
692 1688 1018 1776 vicesimoquinto
1041 1705 1136 1756 anno
1160 1685 1381 1775 principatus
1404 1685 1617 1772 Guaimarii,
1641 1700 1762 1754 mense
1785 1682 1967 1771 Ianuario,
1992 1682 2202 1752 duodecima
2224 1681 2438 1751 indictione.

626 1840 771 1908 Locatio
796 1840 906 1909 unius
929 1841 1010 1929 agri
1035 1859 1115 1909 cum
1133 1839 1291 1910 arbustis
1307 1839 1443 1928 vitatis,
1461 1857 1566 1925 quem
1582 1837 1733 1906 ecclesia
1756 1836 1876 1904 Sancti
1900 1832 2051 1932 Maximi
2077 1835 2224 1904 tenebat
2245 1832 2438 1917 Nuceriae,

582 1989 643 2058 ubi
668 1993 817 2060 Furiana
840 1992 985 2081 dicitur,
1009 2013 1033 2063 a
1055 1994 1221 2080 laquinto
1243 1993 1392 2061 diacono
1416 1991 1688 2079 periussionem
1710 1989 1861 2058 Maioris
1883 1988 2083 2076 presbytcri
2108 1991 2145 2056 et
2170 1988 2315 2056 abbatis
2340 1987 2433 2056 eius-

578 2145 659 2213 dem
682 2125 854 2217 eeclesiae
878 2147 973 2217 sacta
996 2147 1197 2218 Grimoaldo
1218 2147 1293 2214 filio
1308 2147 1486 2234 quondam
1502 2147 1617 2216 diceri
1633 2147 1679 2216 ad
1696 2146 1924 2215 medietatem
1948 2145 2024 2213 vini
2049 2145 2089 2212 in
2113 2144 2307 2232 palmento,
2332 2143 2437 2212 etde
2508 2227 2510 2230 Ι

580 2297 756 2369 seminato
779 2299 825 2370 ad
848 2301 1060 2369 terraticum
1085 2299 1189 2368 iuxta
1213 2299 1506 2369 consuetudinem
1529 2300 1641 2388 ipsius
1667 2299 1747 2398 loci.

626 2453 739 2518 Fines
761 2455 795 2518 et
817 2469 1009 2519 nmnsnrne
1030 2451 1115 2520 baec
1138 2455 1237 2519 suut:

624 2605 656 2672 A
680 2622 764 2690 pars
787 2605 938 2673 meridie
963 2605 1033 2674 fine
1058 2605 1117 2672 bia
1133 2603 1290 2691 publica,
1314 2607 1398 2671 sunt
1422 2603 1504 2672 inde
1527 2604 1622 2692 passi
1646 2609 1723 2671 octo
1747 2607 1783 2672 et
1806 2601 1973 2671 medium:
1998 2621 2121 2687 apars
2135 2601 2331 2671 occidentis
2348 2609 2432 2672 sunt

578 2755 675 2840 passi
698 2756 830 2843 biginti
861 2775 996 2844 unum3
1021 2756 1197 2826 modicum
1228 2756 1432 2826 rebolbente
1461 2756 1499 2822 in
1529 2757 1607 2844 ipsa
1635 2775 1719 2844 pars
1742 2753 1935 2824 occidentis
1958 2757 2053 2840 passi
2077 2773 2142 2822 sex
2173 2757 2292 2824 minus
2317 2757 2431 2842 palmi

580 2914 668 2996 tres3
693 2909 896 2979 rebolbente
920 2912 959 2978 iu
982 2929 1066 2998 pars
1089 2910 1354 2978 sebtcmtrionis
1377 2911 1473 2997 passi
1497 2911 1630 2998 biginti
1664 2909 1841 2998 quadtuor
1864 2915 1900 2978 et
1924 2909 2080 2978 medium
2110 2909 2228 2995 palmo
2252 2927 2385 2978 unum:
2411 2930 2434 2979 a

578 3077 666 3147 pars
688 3062 954 3130 sebtemirionis
978 3065 1074 3148 passi
1097 3063 1218 3129 decem
1241 3067 1277 3130 et
1293 3067 1382 3130 octo:
1401 3081 1424 3130 a
1440 3080 1523 3150 pars
1546 3064 1695 3131 orientis
1720 3065 1886 3149 usquein
1909 3063 1988 3149 ipsa
2012 3063 2072 3131 via
2095 3061 2215 3149 priore
2239 3063 2329 3130 lines
2346 3069 2431 3132 sunt

579 3217 674 3301 passi
699 3215 966 3303 quinquaginta
989 3220 1024 3283 et
1049 3215 1204 3284 medium
1228 3217 1274 3284 ad
1298 3218 1390 3284 iusto
1413 3235 1556 3303 passum
1580 3219 1715 3285 omnini
1742 3223 1998 3287 mensuratum.

625 3371 734 3438 Finis
758 3373 902 3437 temtus:

622 3525 669 3592 Et
694 3542 763 3592 unc
788 3526 932 3592 brebem
956 3526 1082 3612 scripsi
1105 3543 1171 3614 ogo
1196 3526 1395 3595 romoaldus
1417 3525 1579 3594 notarius
1603 3527 1665 3613 qui
1685 3527 1843 3596 interlui.
1872 3530 2116 3609 berumtamcn
2121 3577 2365 3596 .........
2389 3531 2434 3598 ad

578 3697 662 3766 pars
691 3679 803 3765 ipsius
834 3679 982 3749 ecclesie
1012 3680 1221 3750 annualiter
1253 3682 1526 3769 palmentatica,
1550 3683 1642 3752 sicut
1672 3683 1865 3770 meruerit,
1893 3688 1929 3752 et
1951 3701 2017 3771 ego
2039 3685 2203 3770 superins
2233 3682 2352 3752 dictus
2376 3701 2433 3752 ro

579 3831 740 3902 moaldus
763 3833 927 3902 notarius
950 3833 1141 3902 subiunsit.

622 3957 655 4073 †
680 4004 746 4074 ego
769 3985 951 4056 maraldus
975 3989 1138 4057 notarius
1163 4006 1218 4055 mc
1242 3989 1435 4073 subscripsi

622 4111 655 4228 †
680 4157 747 4228 ego
772 4140 922 4209 ioannes

622 4265 653 4378 †
679 4313 744 4378 eno
768 4301 920 4364 arrratus.

1333 4839 1669 4922 DCLXXIV.

1364 5101 1419 5177 A.
1445 5098 1497 5177 D.
1525 5097 1647 5179 1014.

617 5339 653 5478 †
679 5391 719 5458 ln
743 5389 887 5458 nominc
909 5389 1045 5458 domini
1068 5388 1236 5458 vicesimo
1259 5395 1358 5458 sexto
1381 5393 1501 5459 hanno
1517 5389 1739 5479 principatus
1761 5392 1882 5460 domni
1907 5392 2020 5462 nostri
2044 5393 2243 5480 guaimarii
2267 5396 2423 5484 glorioso

570 5541 745 5631 principe,
770 5561 890 5612 mense
914 5543 1087 5627 martius,
1111 5540 1320 5612 duodecima
1345 5543 1551 5613 indictione.
1576 5545 1864 5615 memoratorium
1892 5546 2025 5615 lactum
2055 5567 2078 5617 a
2107 5549 2210 5617 nobis
2235 5568 2318 5618 urso
2343 5552 2418 5619 sslio

571 5693 666 5764 leoni
691 5701 727 5765 et
751 5698 947 5784 stephanus
970 5695 1045 5764 illio
1068 5695 1178 5783 petri,
1201 5711 1243 5762 eo
1266 5694 1358 5781 quod
1381 5699 1465 5765 ante
1483 5696 1675 5784 subscripti
1696 5701 1804 5768 testes
1820 5717 1882 5784 per
1906 5701 1998 5770 bona
2021 5703 2283 5774 combeuientia
2309 5703 2419 5776 tradi-

573 5847 710 5917 derunt
732 5849 835 5918 nobis
858 5848 904 5918 ad
927 5847 1189 5936 pastenandum
1212 5847 1333 5919 alerisi
1358 5851 1394 5918 et
1412 5847 1535 5936 godini
1551 5851 1734 5937 germanis
1750 5851 1835 5920 filiis
1851 5852 2028 5939 quondam
2052 5853 2214 5943 edelgari
2231 5875 2305 5928 una
2321 5859 2418 5946 peria
