5376 7094
984 554 1394 628 nlpnotlllndns
2021 553 2065 625 nl

248 796 295 850 no
326 780 448 847 vestra
480 777 574 864 quod
604 778 763 848 retinent
793 779 915 848 eredes
946 780 1108 848 lamberti
1138 780 1316 869 castaldi,
1346 781 1440 849 sicut
1472 780 1555 848 inde
1585 779 1723 848 termiti
1755 777 1991 866 discernunt,
2020 781 2108 846 sunt

253 929 340 1000 inde
372 931 468 1018 passi
492 930 613 999 decem
636 934 673 1000 et
694 933 798 1000 octo:
823 934 869 1004 ab
891 931 971 1018 ipsa
992 951 1075 1019 pars
1097 934 1249 1025 orientis
1271 935 1343 1002 fine
1366 936 1428 1004 bia
1451 937 1571 1006 vestra
1595 953 1665 1020 que
1688 933 1830 1004 intrant
1846 934 1887 1001 in
1904 933 1981 1020 ipse
1998 934 2111 1020 curti,

257 1086 295 1150 et
317 1083 402 1151 inde
424 1087 511 1152 sunt
533 1083 630 1170 passi
654 1083 775 1154 decem
797 1089 835 1154 et
856 1087 1016 1171 septem3
1042 1105 1106 1172 per
1130 1086 1252 1156 eadem
1275 1085 1482 1154 rebolbcnte
1508 1087 1547 1156 in
1571 1087 1650 1173 ipsa
1672 1103 1757 1174 pars
1780 1085 1932 1155 orientis
1956 1084 2110 1171 indeque

255 1241 341 1306 sunt
364 1240 460 1324 passi
486 1239 677 1325 sexaginta
700 1241 856 1327 septem3
880 1243 925 1309 ab
948 1241 1026 1328 ipsa
1048 1257 1132 1326 pars
1155 1239 1307 1308 orientis
1330 1238 1402 1308 fine
1426 1239 1486 1308 bia
1509 1256 1573 1324 per
1597 1237 1681 1306 cilio
1703 1239 1748 1306 de
1770 1237 1850 1326 ipsa
1873 1240 2041 1326 ripaque
2058 1243 2112 1306 est

256 1411 279 1460 a
302 1408 410 1477 super
434 1390 513 1476 ipsa
535 1391 609 1478 bia,
632 1394 670 1458 et
691 1391 776 1459 inde
799 1394 884 1459 sunt
907 1390 1003 1478 passi
1026 1389 1280 1478 quadraginta:
1307 1412 1330 1462 a
1352 1410 1435 1477 pars
1457 1390 1607 1460 meridie
1630 1391 1702 1460 fine
1725 1391 1925 1477 supradicti
1948 1391 2106 1479 marini,

255 1544 292 1609 et
314 1541 398 1610 inde
421 1547 507 1611 sunt
530 1543 625 1630 passi
649 1541 781 1632 viginti
805 1543 983 1630 quadtuor
1004 1547 1041 1612 et
1064 1542 1169 1631 pedes
1184 1544 1377 1631 quadtuor3
1400 1543 1607 1612 rebolbente
1630 1543 1670 1609 in
1694 1542 1773 1629 ipsa
1788 1560 1872 1629 pars
1887 1546 2111 1630 septemtrio-

255 1695 350 1766 nalis
372 1714 437 1782 per
460 1697 532 1765 fine
555 1695 752 1784 supradicti
775 1696 985 1765 monasterii
1015 1694 1128 1763 nostri
1153 1699 1238 1792 sunt
1261 1695 1346 1763 inde
1369 1695 1467 1781 passi
1490 1693 1697 1781 quindecim
1727 1698 1763 1762 et
1786 1693 1912 1780 pedem
1936 1713 2049 1762 unum
2073 1702 2109 1764 et

260 1849 437 1917 simmisse
458 1867 581 1935 nnum3
606 1851 753 1936 abipsa
776 1866 859 1935 pars
883 1847 1032 1917 meridie
1056 1849 1128 1917 fine
1151 1849 1286 1917 exdicti
1310 1848 1519 1919 monasterii
1543 1848 1673 1934 nostri3
1698 1847 1782 1916 inde
1806 1865 1843 1916 se
1868 1846 2111 1934 coniungento

265 2001 305 2069 in
328 2001 406 2089 ipsa
427 2003 549 2088 priora
572 2003 643 2071 line
667 2005 703 2071 et
724 2002 808 2071 inde
830 2005 917 2070 sunt
945 2002 1040 2088 passi
1073 2001 1340 2090 quinquaginta
1365 2005 1500 2090 septem
1532 2007 1569 2071 et
1591 2002 1715 2091 pedem
1738 2021 1851 2069 unum
1874 2004 1910 2071 et
1933 1985 2109 2072 simmisse

263 2173 392 2242 unum3
415 2175 478 2242 per
501 2158 704 2224 trabersum
728 2158 783 2225 est
806 2155 957 2226 latitudo
979 2155 1057 2242 ipsa
1080 2159 1181 2223 curte
1204 2155 1300 2242 passi
1325 2155 1456 2241 viginti
1481 2152 1654 2240 quinque:
1680 2157 1757 2224 tota
1775 2155 1845 2224 ista
1861 2155 2046 2226 mensuris
2068 2157 2113 2226 ad

258 2311 354 2377 iusto
376 2327 523 2396 passum
545 2309 683 2376 homini
708 2313 761 2378 est
783 2312 1032 2379 mensuratum
1054 2328 1097 2378 ea
1119 2309 1309 2394 rationem,
1324 2307 1371 2375 ud
1389 2307 1514 2378 amodo
1536 2309 1573 2375 et
1596 2325 1734 2394 semper
1757 2325 1817 2375 vos
1842 2307 2003 2376 iamdicti
2026 2329 2108 2396 ger-

258 2461 357 2530 mani
381 2465 418 2530 et
439 2463 568 2530 vestris
591 2463 757 2532 eredibus
780 2461 986 2549 supradicta
1009 2465 1133 2530 nostra
1149 2461 1382 2531 traditionem
1406 2479 1470 2549 per
1486 2461 1691 2548 supradicte
1713 2460 1798 2527 finis
1815 2464 1850 2528 et
1866 2461 2048 2529 mensurio
2072 2463 2112 2528 in

259 2613 458 2703 integrum,
473 2615 573 2685 velut
596 2617 808 2704 prelegitur,
828 2617 952 2684 nostra
974 2615 1319 2685 concambiationem
1343 2618 1450 2684 abere
1473 2619 1509 2683 et
1531 2614 1710 2702 possidere
1735 2613 1911 2684 securiter
1935 2613 2111 2701 debeatis,

254 2769 461 2842 laciendum
485 2769 616 2838 exinde
640 2767 948 2855 quemammodum
964 2767 1163 2857 bolueritis,
1177 2769 1255 2838 sine
1270 2788 1353 2838 mea
1368 2769 1424 2837 vel
1441 2769 1485 2838 de
1502 2786 1722 2838 successores
1738 2786 1835 2836 meos
1850 2773 1885 2837 et
1900 2787 1984 2855 pars
1998 2767 2110 2854 ipsius

260 2922 373 2989 nostri
390 2921 598 2990 monasterii
622 2921 745 3006 aliqua
766 2919 1048 2989 contradictione
1071 2927 1135 2991 aut
1159 2923 1415 3009 cuiuscumque
1439 2921 1724 3009 requisitionem.
1751 2925 1837 3008 quot
1860 2923 1891 2989 si
1916 2921 2112 3008 aliquando

257 3077 418 3161 tempore
440 3093 507 3161 ego
529 3075 590 3160 qui
616 3093 726 3162 supra
750 3073 925 3142 iohannes
941 3075 1052 3142 abbas
1067 3074 1131 3142 aut
1147 3090 1367 3142 successores
1385 3091 1481 3142 meos
1498 3074 1680 3141 vobiscum
1702 3073 1885 3162 predictus
1900 3077 2024 3160 petrus
2040 3073 2114 3162 cle3

257 3226 368 3314 ricus,
392 3231 429 3294 et
451 3227 640 3314 iohannes,
664 3231 701 3296 et
724 3226 850 3311 sanda,
874 3230 910 3294 et
933 3225 1119 3312 deocdede,
1134 3226 1188 3293 vel
1206 3245 1288 3293 cum
1305 3227 1434 3296 vestris
1458 3227 1625 3295 eredibus
1649 3246 1696 3296 ex
1719 3227 1841 3296 eadem
1865 3231 1988 3298 nostra
2010 3245 2106 3298 cam-

255 3379 453 3448 biationem
474 3379 757 3465 causaberimus,
781 3379 971 3447 bolendum
993 3379 1077 3448 inde
1098 3379 1198 3447 vobis
1220 3381 1345 3448 tollere
1368 3381 1438 3450 aud
1461 3381 1706 3468 amminuare,
1731 3399 1793 3448 seu
1815 3381 1859 3449 de
1883 3385 2002 3451 vestra
2024 3401 2107 3470 sup-

256 3537 378 3602 traere
401 3533 670 3620 proprietatem,
695 3537 761 3601 aut
782 3531 813 3598 si
837 3549 877 3601 oc
900 3534 1081 3602 remobere
1104 3533 1357 3622 quesierimus,
1382 3539 1419 3604 et
1441 3536 1472 3601 si
1498 3535 1581 3602 illut
1604 3535 1702 3602 vobis
1724 3537 1769 3604 ab
1792 3535 1957 3602 omnibus
1980 3536 2114 3604 omini-

254 3689 318 3755 bus
342 3690 389 3758 ab
411 3688 580 3773 omnique
602 3688 766 3775 partibus
789 3705 861 3754 non
884 3687 1215 3773 defensaberimuS,
1238 3687 1392 3773 triginta
1423 3685 1524 3757 aurei
1556 3686 1684 3753 solidos
1708 3689 1951 3756 constantines
1975 3706 2104 3784 penam

253 3859 310 3909 me
334 3845 370 3909 et
393 3857 615 3910 successores
637 3859 733 3909 meos
756 3859 966 3929 componere
989 3840 1107 3927 obligo
1122 3840 1221 3910 vobis
1237 3839 1433 3927 supradicti
1451 3839 1616 3926 germani
1640 3840 1696 3907 vel
1721 3840 1763 3908 ed
1779 3841 1906 3908 vestris
1922 3842 2103 3932 eredibus,

253 3998 289 4063 et
310 4014 381 4063 unc
405 3995 580 4081 scriptum
602 3983 851 4062 vicariationi's
874 3992 969 4059 omni
993 3997 1149 4081 tempore
1173 3993 1275 4061 firme
1299 3997 1335 4062 et
1356 3991 1497 4062 stabilis
1519 3997 1767 4079 permaneant.
1793 3994 1837 4062 de
1860 4014 1932 4080 qua
1955 4013 2022 4082 ego
2039 4001 2105 4082 qui

253 4165 363 4234 supra
385 4148 561 4216 iohannes
591 4148 702 4216 abbas
733 4164 807 4214 una
838 4163 920 4212 cum
951 4144 1027 4230 ipso
1058 4147 1304 4215 adbocatorem
1333 4163 1455 4213 meum
1485 4165 1548 4232 per
1572 4149 1665 4216 bona
1689 4146 1950 4215 combenientia
1972 4149 2108 4233 guadia

254 4300 352 4374 vobis
375 4301 439 4385 qui
457 4318 565 4386 supra
586 4297 751 4386 germani
775 4296 955 4382 dedimus,
971 4301 1009 4364 et
1023 4297 1253 4365 mediatorem
1277 4299 1376 4366 uobis
1396 4299 1578 4385 posuimus
1602 4298 1696 4367 mari
1712 4297 1808 4365 filius
1824 4296 2005 4383 quondam
2028 4283 2115 4366 lan-⁸

252 4454 357 4540 doni;
382 4457 419 4523 et
441 4471 505 4542 per
528 4454 607 4542 ipsa
629 4450 764 4541 guadio
787 4448 905 4537 obligo
928 4466 985 4518 me
1007 4453 1043 4518 et
1064 4467 1283 4520 successores
1306 4470 1415 4540 meos,
1436 4457 1478 4520 ut
1501 4452 1532 4520 si
1557 4451 1692 4537 omnia,
1709 4455 1749 4519 ut
1765 4451 1933 4536 superius
1956 4449 2113 4538 legitur,

254 4605 478 4676 noluerimus
500 4604 584 4673 illut
605 4604 706 4673 vobis
733 4603 933 4690 vestrisque
963 4603 1128 4671 eredibus
1151 4603 1349 4690 adimplere
1370 4606 1419 4674 lin
1442 4605 1613 4675 iamdicta
1637 4604 1836 4688 rationem,
1858 4604 1895 4670 et
1917 4599 2104 4688 quomodo-

255 4779 406 4848 cumque
428 4779 492 4849 per
515 4759 776 4846 qualecumque
798 4757 974 4826 rationem
998 4758 1081 4825 inde
1103 4755 1235 4843 aliquit
1258 4762 1439 4827 remobere
1463 4761 1527 4828 aut
1550 4760 1737 4826 retornare
1760 4754 2013 4842 quesierimus,
2027 4753 2105 4822 ideo

255 4917 425 5001 perbona
441 4914 703 4982 combenientia
718 4911 836 5001 obligo
851 4930 907 4981 me
923 4915 959 4980 et
974 4929 1193 4982 successores
1216 4929 1312 4980 moos
1336 4911 1392 4978 vel
1416 4929 1501 4998 pars
1526 4910 1641 4997 ipsius
1668 4909 1782 4977 nostri
1809 4907 2018 4978 monasterii
2042 4926 2104 4994 per

254 5068 375 5138 eadem
398 5067 533 5155 guadia
555 5083 764 5156 componere
793 5065 893 5134 vobis
915 5066 1114 5152 vestrisque
1136 5065 1303 5135 eredibus
1326 5064 1470 5136 exdicta
1493 5065 1655 5154 obligata
1676 5081 1784 5150 pena.

296 5193 378 5310 †et
400 5220 523 5292 taliter
545 5223 582 5288 te
604 5223 728 5306 petrus
751 5217 903 5288 clericus
918 5221 954 5286 et
967 5217 1131 5288 notarius
1147 5221 1304 5290 scribere
1319 5222 1530 5309 rogabimus
1553 5221 1652 5290 intus
1677 5237 1746 5291 anc
1762 5219 1936 5303 firmitate
1957 5216 2104 5287 nucerio

299 5348 329 5464 †
352 5393 419 5462 ego
442 5374 505 5461 qui
529 5392 639 5460 supra
661 5375 731 5442 Leo

300 5502 331 5618 †
357 5547 423 5619 ego
445 5530 509 5618 qui
532 5547 641 5616 supra
663 5530 757 5600 Maio

301 5656 331 5772 †
357 5703 423 5773 ego
446 5684 501 5754 leo

302 5811 332 5927 †
357 5857 422 5929 ego
444 5837 629 5909 maraldus
652 5836 815 5905 notarius
839 5853 896 5903 me
920 5835 1128 5921 subscripsi.

970 5995 1418 6007 m*
