5376 7104
647 491 718 564 qn
1296 484 1470 560 ooorx
1503 486 1760 590 cnvrrsrs

598 731 689 801 meo,
714 716 778 783 aut
800 733 824 782 a
846 711 974 798 quabis
997 709 1176 780 hominem
1199 709 1323 798 aliqua
1346 716 1484 798 pateret
1507 712 1688 784 violentia.
1706 716 1780 802 Ego
1803 732 1990 784 verovona
2014 734 2093 784 mea
2116 713 2274 784 indicabi
2296 733 2372 784 esse
2388 734 2443 784 vo-

597 867 778 954 lumptate
802 869 935 952 absque
960 865 1034 934 ulla
1058 865 1240 935 biolentia.
1265 863 1451 934 Predictus
1475 867 1600 955 iudex,
1623 868 1709 935 dum
1734 870 1868 955 absque
1890 868 1964 936 ulla
1987 867 2157 937 violentia
2181 886 2245 936 nos
2267 887 2342 938 esse
2364 887 2441 939 con-

597 1018 786 1103 spexisset,
811 1023 847 1085 et
870 1035 963 1086 vona
987 1036 1066 1086 mea
1088 1016 1293 1104 agnobisset
1315 1018 1561 1106 volumptate,
1590 1021 1667 1088 ideo
1694 1020 1804 1088 michi
1828 1021 1967 1088 firmam
1991 1019 2160 1088 vindendi
2184 1019 2313 1088 tribuit
2336 1021 2441 1089 licen-

598 1171 665 1240 tia.
682 1171 750 1238 Per
773 1174 919 1256 accepta
942 1189 1098 1256 namque
1122 1171 1305 1240 licentiam
1322 1171 1504 1240 abeodem
1527 1169 1656 1258 iudice,
1681 1176 1716 1240 et
1732 1173 1827 1240 iusta
1842 1170 1956 1259 legem
1973 1170 2083 1240 michi
2106 1173 2352 1239 consentiente
2372 1171 2442 1258 ipse

598 1321 654 1387 vir
679 1340 777 1389 meus
802 1341 910 1408 quam
934 1327 970 1390 et
994 1322 1171 1391 iamdictis
1193 1325 1403 1410 parentibus
1426 1327 1534 1410 atque
1557 1325 1860 1393 consentientibus
1885 1324 1985 1412 meis,
2003 1326 2066 1410 qui
2081 1343 2154 1393 una
2170 1326 2356 1392 nobiscum
2372 1343 2443 1394 ma-

599 1491 685 1539 num
711 1473 968 1561 imposuerunt,
985 1475 1036 1542 sic
1060 1474 1161 1540 nobis
1184 1491 1381 1561 congruum
1397 1479 1434 1542 et
1449 1479 1572 1543 abtum
1588 1493 1664 1544 esse
1678 1477 1828 1564 videtur,
1845 1496 1935 1546 vona
1947 1477 2079 1546 etenim
2092 1480 2215 1544 nostra
2232 1477 2443 1563 volumptate

598 1643 662 1710 per
685 1628 779 1693 hanc
804 1643 942 1711 quoque
967 1625 1132 1694 videlicet
1155 1625 1334 1694 cartulam
1355 1627 1578 1696 vindedimus
1601 1629 1668 1696 tibi
1684 1628 1839 1698 amelsrit
1854 1630 1928 1698 filio
1951 1629 2198 1716 ragengnardi
2216 1627 2396 1714 integram
2411 1633 2444 1697 et

599 1776 762 1844 l'unditus
787 1779 865 1865 ipsa
889 1778 1061 1847 iamdicta
1084 1797 1168 1847 casa
1191 1797 1259 1865 que
1282 1781 1365 1848 abet
1387 1781 1487 1847 lines.
1512 1782 1559 1849 De
1582 1781 1700 1868 prima
1723 1801 1805 1868 pars
1828 1781 1922 1866 quod
1946 1785 1998 1848 est
2016 1800 2038 1849 a
2054 1779 2260 1848 sciricindio
2277 1779 2304 1862 ¹)
2319 1784 2355 1848 et
2379 1780 2444 1847 line

598 1930 676 2016 ipsa
701 1930 819 2015 platea
843 1935 928 1999 ante
951 1931 1071 1998 eodem
1094 1951 1202 2017 casa,
1227 1931 1309 1999 inde
1333 1939 1417 2000 sunt
1441 1933 1538 2000 infra
1568 1951 1679 2020 capsu
1703 1934 1747 2003 ad
1771 1931 1903 2000 iustum
1927 1937 2175 2002 mensuratum
2197 1933 2355 2000 hominis
2379 1952 2445 2000 me·

597 2081 727 2151 diocris
751 2101 918 2171 persona,
942 2083 1098 2171 qualiter
1122 2086 1161 2152 in
1184 2085 1255 2152 ista
1279 2084 1419 2154 cartula
1443 2089 1744 2173 consingnantum
1768 2090 1834 2173 est,
1850 2102 1998 2153 numero
2021 2086 2128 2172 pedes
2152 2086 2311 2174 triginta
2334 2089 2445 2154 tribus

595 2240 630 2302 et
654 2253 727 2304 una
750 2236 875 2322 planta
899 2256 1038 2306 manus:
1065 2239 1113 2305 De
1136 2239 1293 2306 secunda
1317 2258 1471 2325 namque
1495 2259 1600 2326 parS,
1625 2239 1718 2326 quod
1740 2245 1794 2307 est
1818 2243 1864 2308 ab
1888 2239 1966 2326 ipsa
1988 2239 2192 2327 palumbola
2216 2244 2252 2308 et
2276 2242 2351 2308 line
2375 2239 2447 2326 ipso

596 2391 705 2458 casile
729 2391 846 2459 ascari
870 2396 906 2458 et
929 2391 1069 2459 cotunei
1095 2391 1161 2459 lilii
1186 2393 1391 2481 adalgrimi,
1415 2395 1498 2462 inde
1522 2400 1607 2463 sunt
1630 2395 1726 2463 insra
1750 2399 1896 2463 cabsum
1918 2395 2023 2481 pedes
2046 2395 2198 2464 sedecim
2213 2401 2249 2463 et
2265 2394 2447 2463 semmissc

597 2547 634 2610 et
657 2542 782 2628 planta
806 2563 944 2613 manus:
970 2547 1017 2612 De
1041 2546 1151 2614 tertia
1174 2564 1256 2614 vero
1279 2565 1378 2633 pars,
1396 2549 1488 2633 quod
1512 2553 1565 2615 ost
1588 2568 1611 2617 a
1633 2548 1751 2616 media
1767 2547 1936 2616 trasenda
1959 2553 1994 2614 et
2016 2547 2087 2614 fine
2111 2549 2189 2634 ipsa
2212 2565 2300 2615 casa
2323 2546 2445 2632 iaspidi

597 2697 663 2766 tilii
687 2697 855 2786 dardani,
880 2700 963 2767 inde
986 2699 1083 2768 infra
1107 2702 1216 2768 cabsu
1241 2700 1347 2786 pedes
1371 2703 1525 2790 triginta
1549 2704 1684 2772 tribus:
1710 2707 1757 2773 De
1781 2712 1912 2794 quarta
1936 2711 2052 2774 autem
2075 2723 2183 2790 pars,
2207 2703 2302 2788 quod
2326 2705 2378 2769 est
2403 2704 2446 2775 ab

593 2851 673 2938 ipsa
709 2855 877 2923 trasenda
901 2856 1045 2942 puplica
1068 2861 1103 2924 et
1126 2857 1196 2924 fine
1221 2857 1298 2944 ipsa
1321 2877 1405 2927 casa
1438 2862 1646 2948 madelperti
1672 2863 1793 2931 clerici
1828 2861 1895 2927 filii
1927 2860 2109 2946 iaquinti,
2133 2861 2216 2928 inde
2241 2864 2329 2926 sunt
2354 2861 2446 2926 insra

593 3008 740 3076 cabsum
764 3031 875 3098 usque
899 3013 937 3078 in
961 3013 1103 3099 prioras
1128 3014 1216 3081 fines
1238 3015 1343 3101 podes
1366 3016 1487 3083 decem
1510 3021 1545 3083 et
1559 3015 1693 3102 'septem
1708 3023 1744 3084 et
1762 3016 1955 3084 semmisse.
1981 3017 2076 3082 lnter
2094 3015 2160 3082 isto
2184 3033 2342 3100 namque
2367 3013 2446 3080 finis

593 3167 632 3228 et
655 3183 835 3251 mensure,
859 3185 927 3250 que
951 3170 1122 3252 superius,
1137 3170 1297 3237 cernitur
1320 3173 1355 3236 et
1379 3169 1530 3256 legitur,
1555 3171 1597 3236 de
1621 3169 1692 3238 fine
1716 3170 1754 3237 in
1779 3171 1900 3256 linem,
1926 3176 2102 3256 quantum
2124 3171 2221 3238 infra
2253 3169 2446 3238 claustrum

593 3319 648 3382 est
669 3317 712 3383 de
736 3336 783 3384 ex
805 3319 926 3386 eodem
949 3339 1057 3406 casa,
1082 3321 1176 3388 unde
1200 3339 1264 3387 nec
1288 3323 1389 3388 nobis
1402 3369 1412 3406 ,
1435 3341 1500 3390 nec
1524 3322 1569 3389 ad
1593 3321 1758 3390 eredibus
1783 3321 1930 3408 nostris,
1955 3340 2069 3406 neque
2093 3322 2137 3388 ad
2161 3321 2300 3388 nullum
2327 3340 2443 3408 quem-

596 3471 695 3556 piam
719 3472 897 3540 hominem
922 3473 971 3538 ibi
996 3473 1119 3559 aliqua
1134 3476 1249 3559 portio
1265 3474 1527 3543 rescrbabimus
1544 3475 1763 3561 requirendi.
1783 3479 1856 3562 Set,
1873 3476 2029 3562 qualiter
2046 3475 2227 3544 edificiata
2242 3479 2311 3562 est,
2329 3475 2444 3542 eadem

594 3641 678 3693 casa
694 3643 862 3694 unacum
879 3627 1068 3714 sedimine,
1085 3628 1173 3714 s010,
1190 3633 1294 3716 tect0,
1311 3636 1345 3698 et
1360 3632 1573 3721 parietibus,
1589 3639 1625 3702 et
1639 3631 1861 3720 sciricindia,
1879 3636 1915 3700 et
1930 3631 2055 3700 andita
2072 3647 2152 3716 sua,
2178 3633 2215 3696 et
2231 3647 2315 3696 cum
2331 3627 2446 3716 legiti-

595 3795 655 3844 ma
680 3778 845 3864 ingressa
869 3787 904 3845 et
927 3799 1092 3867 regressa
1116 3800 1195 3868 sua,
1212 3787 1345 3850 etcum
1361 3781 1511 3850 inferius
1528 3789 1563 3851 et
1578 3785 1812 3871 superiusque
1828 3785 1916 3870 suis,
1933 3789 2063 3852 etcum
2088 3780 2162 3849 suis
2185 3781 2350 3849 omnibus
2373 3799 2446 3866 per·

594 3927 761 3996 tinentiis
786 3932 944 4017 integra,
970 3932 1067 4000 velut
1089 3933 1302 4020 prelegitur,
1326 3935 1615 4003 venumdedimus
1638 3937 1704 4004 tibi
1728 3935 1923 4004 cuiusdicto
1946 3936 2097 4022 emptori
2121 3937 2242 4000 nostro
2266 3932 2442 4020 possiden-

600 4081 697 4150 dum.
724 4085 771 4150 De
794 4103 864 4169 quo
886 4104 950 4171 pro
972 4086 1329 4155 constabiliscendam
1358 4089 1425 4155 tibi
1450 4093 1556 4174 atque
1579 4088 1859 4156 confirmandam
1883 4091 1977 4155 hanc
2001 4091 2125 4155 nostra
2149 4087 2350 4154 blnditione
2378 4104 2448 4154 ma-

600 4235 723 4303 nifesti
746 4255 882 4324 sumus,
907 4237 998 4324 quod
1014 4257 1036 4306 a
1052 4244 1252 4324 presentem
1268 4241 1465 4327 recepimus
1481 4245 1553 4310 ate
1569 4241 1769 4328 predictum
1785 4244 1980 4328 emptorem
1996 4245 2158 4308 nostrum
2182 4243 2317 4326 septem
2341 4237 2437 4308 aurei

597 4389 706 4457 solidi
731 4390 966 4462 constantini:
992 4393 1134 4460 linitum
1158 4397 1209 4461 est
1224 4393 1333 4478 enim,
1351 4395 1402 4462 Ea
1419 4394 1583 4463 videlicet
1605 4394 1760 4481 ratione,
1786 4400 1826 4462 ut
1842 4397 1965 4464 amodo
1980 4401 2015 4464 et
2032 4412 2169 4482 semper
2185 4393 2311 4462 eadem
2328 4397 2446 4461 nostra

593 4541 793 4611 vinditione
812 4544 971 4631 integra,
988 4544 1085 4613 velut
1099 4545 1312 4634 prelegitur,
1336 4548 1442 4615 abere
1465 4550 1501 4614 et
1523 4545 1700 4633 possidere
1724 4547 1889 4635 baleatiS,
1914 4550 1950 4615 et
1965 4546 2107 4616 faciatis
2123 4546 2253 4614 exinde
2269 4564 2446 4632 quemam-

593 4694 737 4762 modum
760 4694 828 4763 tibi
846 4697 902 4764 vel
918 4699 957 4765 at
981 4699 1053 4766 tuis
1069 4699 1234 4768 eredibus
1257 4698 1448 4786 placuerit,
1473 4700 1550 4767 sine
1574 4703 1699 4768 nostra
1722 4704 1758 4767 et
1772 4699 1815 4766 de
1832 4700 1964 4766 nostris
1978 4698 2143 4767 eredibus
2162 4696 2443 4786 requisitionem.

597 4845 696 4914 Unde
712 4848 847 4934 guadia
864 4849 931 4917 tibi
948 4851 1109 4919 dedimus
1124 4857 1160 4921 et
1182 4851 1413 4920 mediatorem
1429 4853 1494 4920 tibi
1512 4853 1694 4938 posuimus
1719 4851 1873 4921 iohanne
1898 4850 2012 4918 filium
2034 4851 2181 4939 andree,
2200 4856 2235 4920 et
2249 4852 2446 4940 obligamus

594 5013 660 5064 nos
682 5002 719 5065 et
742 5004 880 5066 nostros
902 5001 1024 5069 eredes
1046 5001 1143 5068 vobis
1168 5002 1366 5070 cuiusdicto
1388 5003 1541 5090 emptori
1558 5009 1677 5072 nostro
1693 5007 1729 5072 et
1744 5009 1782 5074 at
1797 5006 1869 5072 tuis
1885 5003 2084 5092 obligamus
2099 5003 2304 5091 heredibus
2325 5009 2364 5072 ut
2381 5021 2444 5072 anc

596 5155 723 5221 nostra
747 5153 946 5223 vinditione
972 5154 1127 5243 integra,
1148 5156 1244 5224 velut
1267 5156 1478 5244 prelegitur,
1494 5173 1558 5223 nos
1574 5158 1672 5224 vobis
1689 5158 1734 5226 ab
1750 5157 1913 5224 omnibus
1930 5155 2133 5225 hominibus
2148 5157 2322 5228 antistare
2339 5161 2376 5227 et
2390 5155 2444 5222 de·

592 5437 1033 5449 —u-————-—---——--—-—-

634 5648 657 5728 1)
678 5649 920 5724 sciricindinru,
945 5669 1005 5713 seu
1028 5651 1231 5715 stericidium
1252 5651 1341 5714 valet
1362 5653 1579 5726 stillicidium,
1604 5653 1691 5733 quod
1714 5659 1766 5714 est
1787 5658 1890 5732 gutta:
1915 5652 2089 5716 dicebatur
2118 5653 2157 5716 ad
2180 5653 2386 5718 deliniendos
2407 5651 2444 5714 li·

595 5795 694 5857 mites
717 5797 770 5859 vel
794 5813 901 5876 agros.
