5334 7098
1025 525 1420 602 lllPLOllATlCUS
1982 527 1986 544 '
2023 535 2090 608 163
2215 587 2217 593 ,

289 739 350 804 eut
374 737 538 823 superius
562 738 710 827 legitur,
735 747 797 809 aut
820 742 850 809 si
873 762 937 812 nos
961 745 1015 814 vel
1040 753 1178 817 nostros
1200 752 1323 821 eredes
1346 772 1408 840 per
1424 755 1583 840 qualibet
1597 755 1772 824 rationem
1789 758 2026 843 quesierimus
2042 757 2134 827 illud

286 889 342 958 vel
367 891 498 960 exinde
522 891 620 960 vobis
643 893 767 963 tollere
790 901 853 965 aut
876 903 1055 985 contrare,
1079 901 1135 969 vel
1160 891 1316 988 quolibet
1339 908 1564 977 causationes
1589 907 1672 978 inde
1695 909 1795 978 vobis
1818 912 2138 1000 preposuerimus,

287 1046 351 1112 aurt
375 1043 504 1130 aliquit
527 1045 569 1113 de
593 1050 838 1135 suprascripta
861 1055 1042 1122 remobere
1065 1055 1314 1144 quesierimus,
1339 1075 1547 1144 componere
1571 1060 1729 1147 obligabi
1745 1080 1800 1128 me
1816 1065 1853 1128 61
1870 1080 1965 1130 meos
1988 1063 2081 1130 illios
2099 1067 2136 1131 et

287 1195 411 1262 eredes
435 1196 502 1263 tibi
527 1199 652 1285 tuique
675 1199 838 1270 eredibus
860 1205 1014 1290 triginta
1038 1207 1120 1274 auri
1144 1205 1269 1274 solidos
1293 1207 1523 1293 costantinus,
1547 1213 1583 1276 61
1600 1211 1720 1278 omnia
1736 1213 1984 1300 suprascripta
1999 1233 2062 1301 per
2079 1233 2138 1283 su-

287 1347 448 1432 pradicto
472 1349 620 1417 hordine
646 1351 744 1418 vobis
768 1353 1040 1441 adimpleamus3
1064 1362 1100 1424 et
1123 1357 1264 1443 quando
1289 1363 1327 1426 tu
1352 1364 1388 1426 et
1411 1364 1489 1428 tuos
1513 1363 1635 1430 eredes
1665 1383 1729 1451 per
1752 1383 1813 1430 vos
1838 1365 1925 1452 ipsis
1948 1366 2135 1434 bolueritis

288 1501 452 1566 auctores
475 1500 553 1566 fieri
577 1501 621 1568 de
643 1505 886 1590 suprascripta
909 1510 1031 1574 nostra
1056 1507 1297 1596 donationem,
1320 1513 1406 1577 tunc
1430 1511 1508 1579 bice
1532 1515 1656 1580 nostra
1673 1512 1858 1582 licentiam
1874 1519 1910 1582 et
1925 1518 2136 1602 potestatem

289 1652 428 1721 abeatis
453 1653 492 1719 in
516 1655 679 1722 omnibus
702 1656 784 1724 inde
808 1677 958 1726 causare
981 1664 1017 1727 et
1038 1661 1145 1728 finem
1168 1663 1298 1750 lacere,
1323 1663 1477 1749 qualiter
1501 1665 1696 1752 bolueritis,
1720 1685 1801 1733 cum
1826 1667 1931 1754 quale
1954 1669 2137 1737 monimen

288 1811 328 1874 ot
351 1809 527 1876 rationem
550 1808 633 1876 inde
656 1811 788 1878 habere
811 1812 1011 1898 potueritis
1036 1818 1071 1881 et
1095 1818 1134 1880 ut
1158 1815 1299 1884 cartula
1322 1815 1391 1885 ista
1414 1815 1452 1882 in
1469 1817 1553 1884 aliis
1569 1816 1680 1885 modis
1696 1835 1767 1886 non
1784 1819 1863 1887 siad
1880 1823 2139 1908 transmutata,

287 1960 359 2028 due
383 1961 524 2030 cartule
549 1981 612 2048 per
635 1981 707 2029 uno
734 1966 850 2032 tinore
873 1965 956 2033 inde
980 1966 1136 2034 scribere
1160 1966 1388 2054 rogabimus:
1416 1969 1485 2036 ista
1516 1969 1607 2055 quod
1636 1971 1735 2038 vobis
1759 1969 1842 2038 inde
1866 1971 2075 2058 emisimus,
2102 1977 2139 2042 et

290 2111 366 2180 alia
390 2113 542 2182 similem
565 2115 744 2185 cartulam
770 2117 853 2184 inde
877 2103 997 2186 nostre
1020 2118 1187 2206 potestati
1212 2119 1418 2187 retinemus
1440 2121 1531 2207 quod
1547 2127 1581 2189 te
1598 2127 1718 2208 petrus
1734 2125 1896 2192 notarius
1913 2126 2070 2193 scribere
2086 2143 2143 2192 ro·

150 2336 155 2348 ,
288 2265 470 2353 gabinus,
494 2272 612 2337 actum
637 2269 788 2339 salerno.

334 2393 364 2508 †
388 2423 464 2507 Ego
488 2404 635 2490 ioannes
659 2441 715 2490 mc
739 2423 933 2508 subscripsi

333 2545 363 2660 †
389 2573 464 2660 Ego
487 2574 672 2642 dauferius
696 2575 858 2642 notarius
881 2593 937 2642 me
961 2576 1166 2663 subscripsi.

980 2830 1429 2847 ·-——-——-............

1056 3125 1350 3208 DGXXXI.

1058 3387 1113 3464 A.
1142 3385 1193 3463 D.
1222 3384 1344 3466 1010.

325 3621 425 3758 †ln
448 3673 593 3742 nomine
616 3673 751 3743 domini
775 3676 942 3745 vicesimo
966 3677 1081 3762 primo
1112 3695 1208 3745 anno
1232 3677 1454 3765 principatus
1489 3679 1609 3747 domni
1633 3683 1746 3748 nostri
1771 3682 1953 3767 guaimari
1978 3685 2125 3771 gloriosi

279 3826 470 3914 principis,
496 3847 616 3896 mense
640 3829 858 3918 februarius
883 3833 1009 3900 octaba
1032 3831 1239 3899 indictione.
1257 3834 1547 3901 memoratorium
1563 3831 1697 3901 sactum
1720 3854 1743 3902 a
1766 3853 1822 3902 me
1845 3837 2045 3906 romoaldus
2069 3859 2130 3910 ca·

280 3977 418 4045 staldus
442 3979 537 4047 filius
560 3983 738 4068 quondam
762 3984 868 4070 petri,
892 3983 1049 4072 eoquod
1073 3987 1157 4052 ante
1180 3982 1373 4070 subscripti
1395 3986 1502 4050 testes
1525 3982 1738 4052 tradidimus
1762 3985 1910 4071 alphani
1934 3989 1977 4056 (16
2003 3990 2133 4058 selecta

280 4130 352 4198 filio
375 4133 546 4200 musandi
571 4105 797 4203 medietatem
822 4136 865 4202 de
889 4152 964 4203 una
988 4135 1089 4221 pecia
1113 4135 1156 4202 de
1177 4137 1277 4203 terra
1298 4152 1378 4202 mea
1402 4135 1527 4204 baciba
1540 4184 1551 4222 ,
1582 4136 1673 4222 quod
1704 4139 1817 4206 habeo
1846 4139 1885 4205 in
1916 4138 1991 4225 ipso
2014 4140 2130 4208 locum

279 4284 416 4371 selecta,
441 4285 503 4352 ubi
525 4288 648 4373 propio
670 4287 716 4355 ad
740 4287 873 4374 longua
896 4287 1043 4374 dicitur,
1067 4286 1198 4355 finibus
1222 4288 1465 4375 salernitane,
1489 4288 1552 4374 qui
1576 4294 1629 4358 est
1652 4289 1751 4358 inira
1774 4293 1840 4358 hec
1864 4291 1948 4359 linis
1971 4295 2007 4360 et
2030 4311 2130 4360 men-

280 4437 406 4504 suriis:
433 4457 456 4506 a
479 4439 641 4525 partibus
665 4439 926 4527 septemtrionis
949 4441 1020 4508 fine
1045 4441 1118 4527 bia,
1143 4440 1226 4508 inde
1249 4445 1334 4509 sunt
1356 4442 1453 4528 passi
1477 4441 1720 4528 quadraginta
1735 4458 1818 4508 sex:
1837 4445 1884 4511 ab
1899 4444 2040 4512 oriente
2057 4445 2130 4514 fine

280 4589 371 4658 sicut
393 4590 528 4659 termiti
552 4595 588 4660 et
610 4609 691 4678 sepe
715 4591 902 4678 discernit,
919 4592 1002 4661 inde
1016 4593 1113 4680 passi
1128 4594 1395 4680 quinquaginta
1417 4593 1506 4678 duo;
1530 4597 1567 4661 et
1583 4592 1712 4661 abinde
1728 4593 1932 4665 rebolbente
1948 4613 2037 4682 erga
2053 4597 2130 4667 alia

279 4759 358 4827 sepe
381 4741 420 4808 in
444 4761 528 4830 pars
549 4742 696 4812 orientis
719 4745 803 4813 inde
824 4744 921 4832 passi
943 4761 1028 4830 sex3
1052 4747 1089 4812 et
1112 4743 1241 4813 abinde
1265 4742 1469 4812 rebolbente
1492 4759 1556 4828 per
1580 4740 1653 4810 line
1678 4743 1834 4811 alchoini
1858 4745 2011 4832 notarii,
2037 4747 2131 4816 sicut

278 4895 465 4964 trabersad
490 4895 668 4991 labinario
690 4917 754 4984 per
776 4898 911 4966 termiti
934 4917 1023 4983 erga
1045 4895 1116 4965 fine
1131 4895 1244 4984 ipsius
1267 4895 1423 4966 alchoini
1447 4895 1581 4966 notarii
1597 4901 1634 4965 61
1649 4897 1846 4967 deducente
1873 4900 1913 4966 in
1937 4906 2039 4987 parte
2056 4921 2130 4970 me-

278 5048 369 5118 ridie
392 5049 474 5119 inde
497 5051 595 5136 passi
618 5053 772 5139 triginta
794 5055 945 5138 septem:
971 5071 993 5120 a
1015 5050 1162 5120 meridie
1185 5051 1258 5118 fine
1281 5050 1394 5137 ipsius
1417 5048 1588 5136 alchoini,
1612 5049 1707 5118 sicut
1731 5050 1911 5120 labinario
1937 5054 2126 5142 discernit,

279 5201 360 5270 inde
382 5205 481 5289 passi
505 5203 676 5291 biginti...
701 5205 747 5273 ab
769 5205 950 5273 occidente
972 5204 1043 5272 tine
1066 5203 1139 5289 bia,
1163 5205 1199 5271 et
1221 5221 1284 5289 per
1307 5203 1385 5288 ipsa
1408 5201 1471 5271 bia
1485 5200 1683 5270 deducente
1699 5203 1736 5270 et
1751 5203 1995 5290 coniungente
2012 5205 2052 5272 in
2068 5224 2127 5274 su-

276 5355 442 5441 pradicta
466 5355 547 5444 bia,
572 5357 666 5443 quod
688 5361 741 5426 est
762 5358 883 5445 priore
905 5357 998 5442 fine,
1022 5355 1105 5424 inde
1135 5357 1220 5422 sunt
1242 5354 1339 5440 passi
1361 5357 1529 5440 centum,
1552 5357 1666 5422 totum
1689 5359 1938 5424 mensuratum
1961 5355 2008 5424 ad
2033 5356 2128 5426 iusto

276 5524 420 5593 passum
452 5508 610 5576 homini:
636 5508 732 5578 infra
757 5508 998 5596 suprascripte
1019 5507 1103 5578 nnis
1130 5512 1167 5576 et
1190 5508 1383 5592 mensurio,
1408 5509 1448 5574 ut
1470 5505 1650 5594 diximus,
1682 5507 1810 5576 inclita
1833 5507 1910 5593 ipsa
1933 5507 2127 5579 medietate

276 5661 406 5730 exinde
429 5661 539 5748 ipsius
562 5661 712 5749 alphani
734 5661 948 5731 tradidimus
972 5659 1012 5728 in
1035 5660 1101 5730 tali
1124 5659 1261 5747 ordine,
1286 5664 1327 5728 ut
1350 5658 1474 5729 amodo
1497 5663 1533 5728 et
1555 5661 1651 5728 omni
1675 5665 1833 5747 tempore
1863 5659 1909 5730 ad
1933 5664 2058 5729 suaet
2082 5659 2128 5731 de

277 5815 351 5885 suis
375 5815 540 5886 eredibus
564 5817 637 5888 sint
659 5822 870 5906 potestatem
893 5817 976 5886 illut
1000 5819 1207 5906 tenendum,
1231 5823 1268 5886 et
1289 5819 1388 5890 lobee
1410 5825 1447 5888 61
1469 5819 1584 5887 omnis
1608 5837 1670 5888 sue
1687 5816 1882 5887 utilitatem
1899 5817 1996 5888 iusta
2011 5817 2125 5886 ratio-
