5310 7080
958 513 1363 586 nlrtotlnrleos

1013 945 1307 1028 DLXXXI.

1017 1207 1070 1283 Α.
1099 1203 1149 1282 D.
1171 1201 1300 1283 1006.

278 1443 312 1582 †
337 1497 375 1558 ln
404 1493 545 1560 nomine
570 1493 704 1561 domini
729 1496 853 1561 octabo
876 1495 1010 1562 decimo
1040 1499 1159 1564 hanno
1189 1497 1412 1582 principatus
1443 1497 1562 1564 domni
1587 1501 1699 1567 nostri
1724 1502 1903 1587 guaimari
1927 1506 2083 1592 glorioso

239 1651 411 1736 principe,
436 1668 555 1718 mense
579 1651 743 1737 martiuS,
768 1655 896 1734 quarta
920 1649 1128 1718 indictione.
1155 1651 1441 1718 Memoratorium
1466 1653 1599 1719 lactum
1616 1673 1638 1720 a
1655 1673 1709 1721 me
1733 1654 1829 1741 gizan
1854 1658 1949 1724 filius
1973 1680 2085 1744 quon-

234 1803 313 1869 dam
338 1802 512 1888 iobanni,
536 1803 690 1885 eoquod
715 1802 753 1868 in
779 1800 891 1868 locum
916 1801 1062 1868 nucerio
1087 1806 1170 1869 ante
1195 1802 1357 1888 bestigiis
1380 1803 1576 1888 supradicti
1604 1805 1723 1870 domni
1748 1809 1869 1894 magni
1894 1813 2082 1899 principi,

233 1955 314 2021 dum
339 1957 501 2021 astarent
524 1952 654 2020 ibidem
680 1952 733 2020 leo
757 1953 867 2020 iudex
891 1955 926 2018 et
943 1949 1133 2036 subscripti
1158 1955 1280 2038 testes,
1297 1972 1358 2038 per
1377 1953 1603 2040 largiebatem
1627 1959 1662 2022 et
1686 1959 1944 2027 absolutionem
1969 1963 2083 2049 ipsius

232 2107 348 2192 domni
374 2103 663 2173 excellentissimi
688 2104 841 2189 principi
859 2101 904 2170 ad
920 2103 1178 2186 pastenandum
1204 2104 1431 2174 tradiderunt
1448 2107 1535 2176 mihi
1552 2111 1675 2194 petrus
1699 2111 1850 2178 clericus
1866 2117 1903 2180 et
1918 2117 2083 2183 notarius

235 2265 267 2326 et
288 2261 459 2326 iohannes
474 2257 701 2324 ministeriali
719 2257 852 2342 superii
869 2255 988 2322 domni
1005 2255 1149 2341 gloriosi
1167 2255 1336 2342 principi,
1351 2261 1448 2326 terra
1465 2260 1592 2345 bacua,
1610 2279 1714 2344 quem
1731 2283 1813 2348 pars
1831 2263 1942 2351 ipsius
1958 2269 2078 2336 domni

235 2412 373 2478 bidetur
398 2411 505 2478 abere
530 2408 569 2475 in
586 2409 699 2475 locum
717 2407 904 2474 balnearia
921 2407 1051 2473 finibus
1067 2407 1325 2498 mitilianense,
1342 2432 1408 2497 que
1425 2415 1507 2479 abet
1524 2414 1606 2480 finis
1622 2417 1657 2480 et
1675 2417 1867 2483 urensurie:
1892 2418 1934 2484 de
1959 2422 2081 2488 subter

232 2571 331 2652 parte
356 2566 426 2631 flne
451 2567 512 2632 bia
535 2565 689 2649 publica,
707 2563 788 2630 inde
805 2561 955 2630 latitudo
971 2562 1063 2645 passi
1083 2561 1211 2647 biginti
1230 2563 1299 2628 due
1315 2568 1350 2630 et
1367 2564 1540 2632 medium:
1559 2569 1604 2632 ab
1619 2567 1836 2635 occidentem
1862 2570 1933 2637 fine
1957 2572 2075 2657 ipsius

231 2725 364 2810 domni,
388 2729 424 2791 et
448 2721 644 2789 exsientem
668 2739 731 2805 per
755 2718 810 2784 vie
834 2720 879 2784 ab
904 2717 985 2784 inde
1010 2717 1242 2784 descendente
1267 2737 1328 2803 per
1354 2718 1467 2786 limite
1492 2725 1527 2787 et
1551 2721 1730 2790 clusamen
1754 2725 1792 2791 in
1818 2730 1920 2810 parte
1944 2725 2075 2794 orienti

233 2897 294 2965 per
321 2881 392 2944 tote
418 2877 483 2943 iste
507 2875 590 2942 finis
613 2875 694 2940 abet
719 2871 800 2937 inde
825 2869 918 2956 passi
948 2869 1112 2935 duocenti
1143 2867 1297 2956 triginta
1323 2875 1417 2956 tres,
1450 2873 1495 2937 ab
1528 2872 1609 2941 inde
1640 2894 1676 2942 se
1700 2876 1904 2944 rebolbente
1929 2878 1968 2945 in
1995 2899 2081 2964 pars

232 3031 379 3100 meridie
403 3035 439 3096 et
462 3029 544 3094 inde
568 3027 680 3093 limite
704 3029 739 3090 et
763 3022 944 3090 clusarnen
968 3021 1183 3109 dixscernit,
1216 3023 1298 3090 inde
1320 3024 1416 3110 passi
1439 3025 1681 3112 quadraginta
1704 3025 1797 3094 duo:
1831 3028 1998 3097 similiter
2035 3034 2081 3098 ab

234 3189 312 3255 inde
337 3186 541 3253 rebolbente
564 3187 601 3249 et
624 3181 857 3248 descendente
882 3179 920 3244 in
945 3193 1026 3261 pars
1057 3175 1206 3243 orientis
1234 3176 1316 3245 inde
1342 3178 1453 3247 limite
1477 3185 1512 3248 et
1535 3180 1717 3247 clusamen
1744 3181 1826 3248 inde
1851 3185 1945 3268 passi
1975 3203 2081 3254 sexa-

231 3345 333 3426 ginta
359 3341 557 3427 quadtuor:
583 3341 626 3406 de
648 3356 753 3423 super
778 3339 822 3404 ab
839 3336 916 3422 ipsa
932 3351 1015 3420 pars
1030 3334 1202 3400 orientem
1217 3334 1288 3400 fine
1305 3335 1520 3420 proprietate
1538 3333 1650 3418 ipsius
1672 3335 1790 3402 domni
1816 3355 1884 3421 que
1909 3345 1962 3405 est
1983 3345 2080 3412 terra

232 3517 309 3563 cum
335 3493 575 3568 castanietum
600 3495 636 3558 et
660 3487 889 3575 quertietum,
908 3488 988 3553 inde
1014 3486 1107 3572 passi
1124 3487 1367 3572 quadraginta
1383 3490 1468 3554 tres:
1495 3506 1616 3572 apars
1639 3488 1787 3554 meridie
1811 3463 1978 3558 similiter
2002 3513 2081 3578 pro-

231 3652 360 3737 pietate
386 3647 497 3735 ipsius
520 3647 653 3732 domni,
671 3644 752 3710 inde
768 3641 863 3729 passi
890 3639 1042 3728 triginta
1059 3640 1247 3725 quadtuor,
1270 3639 1419 3707 abinde
1443 3657 1480 3708 se
1504 3639 1662 3706 rebolbet
1687 3640 1724 3705 in
1747 3659 1831 3726 pars
1854 3645 2081 3728 septemtrio-

231 3807 287 3872 nis
309 3806 404 3892 passi
428 3808 506 3872 octo
530 3806 565 3870 et
590 3799 743 3866 medium
768 3802 803 3863 et
827 3795 1012 3862 summisse
1041 3813 1177 3878 unum,
1216 3795 1260 3860 ab
1284 3792 1366 3857 inde
1398 3790 1631 3858 descendente
1655 3796 1691 3858 et
1714 3793 1954 3882 coniungente
1977 3817 2014 3866 se
2039 3800 2078 3866 in

232 3965 306 4048 ipsa
330 3961 448 4046 priore
472 3956 534 4024 bia
558 3975 620 4042 per
644 3953 714 4020 fine
738 3951 852 4038 ipsius
875 3947 994 4014 domni
1018 3951 1052 4012 et
1076 3946 1118 4012 de
1143 3947 1322 4010 consertes
1338 3943 1416 4010 eius
1432 3947 1467 4010 et
1483 3942 1567 4012 inde
1587 3945 1768 4014 clusamen
1792 3948 1978 4036 disseruit,
1996 3950 2080 4020 inde

232 4115 323 4202 passi
347 4109 513 4180 duocenti
537 4109 735 4194 quadtuor:
763 4107 837 4171 tota
860 4103 930 4168 ista
954 4097 1137 4166 mensoria
1161 4097 1206 4164 ad
1230 4096 1322 4161 iusto
1346 4091 1488 4182 passum
1513 4098 1649 4164 bomini
1673 4103 1727 4165 est
1751 4105 2012 4189 mensuratum;
2038 4123 2078 4172 ec

234 4273 314 4336 bero
338 4270 444 4335 rebus
467 4284 529 4351 per
554 4262 719 4331 iamdicte
744 4259 826 4324 finis
849 4262 885 4324 et
909 4253 1093 4323 mensoria
1117 4271 1195 4318 cum
1221 4250 1343 4316 omnia
1365 4253 1401 4315 et
1424 4269 1504 4314 cum
1529 4249 1652 4334 propie
1676 4251 1758 4316 finis
1782 4256 1817 4318 et
1841 4254 1918 4321 bice
1942 4257 1985 4322 de
2001 4255 2077 4342 ipse

231 4424 302 4505 bie,
327 4425 363 4487 et
389 4439 468 4487 cum
492 4416 613 4482 omnia
637 4412 734 4479 intro
750 4429 786 4477 se
802 4408 992 4477 abentibus
1016 4406 1090 4472 suis
1106 4399 1336 4488 pertinentiis
1350 4400 1514 4466 inclitum
1530 4401 1610 4466 illut
1633 4400 1723 4467 mihi
1748 4403 1792 4470 ad
1817 4407 2077 4488 pastenandum

233 4573 459 4643 tradiderunt
485 4569 552 4655 ipsi
577 4560 805 4633 ministeriali
831 4561 992 4646 pertice
1025 4557 1189 4624 iamdicte
1221 4553 1373 4640 gloriose
1397 4555 1593 4640 potestatis,
1620 4553 1713 4618 unde
1736 4573 1799 4638 per
1825 4558 1917 4623 bona
1940 4563 2078 4628 combe-

230 4725 373 4794 nientia
398 4723 467 4810 ipsi
495 4717 726 4816 ministeriali
756 4735 818 4800 per
849 4711 1120 4780 demandatione
1145 4709 1255 4792 ipsius
1278 4706 1396 4773 domni
1419 4702 1540 4790 magni
1565 4704 1717 4790 principi
1742 4707 1875 4792 guadia
1901 4710 1987 4780 milri
2015 4717 2075 4800 qui

229 4899 338 4965 supra
365 4877 464 4963 gizzu
488 4875 675 4956 dederunt,
692 4873 727 4934 et
743 4867 971 4934 mediatorem
997 4862 1086 4928 milri
1111 4865 1306 4946 posuerunt
1329 4876 1486 4926 sesamus
1509 4857 1604 4924 filius
1627 4859 1805 4943 quondam
1831 4860 1929 4948 litti3
1955 4869 1991 4931 et
2015 4885 2078 4950 per

232 5032 310 5116 ipsa
335 5027 470 5116 guadio
493 5025 692 5111 hobligabit
716 5041 752 5088 se
776 5023 890 5106 ipsum
915 5017 1062 5084 domnus
1093 5009 1411 5080 excellentissimus
1440 5009 1606 5098 princeps
1636 5017 1671 5078 ct
1701 5011 1775 5078 suis
1806 5015 1997 5082 heredibus
2020 5019 2079 5086 de-

231 5185 391 5251 t'eusaret
417 5179 504 5246 mihi
531 5181 566 5244 et
590 5177 634 5244 ad
656 5176 809 5242 ominem
834 5171 954 5256 illum,
980 5189 1048 5254 que
1071 5186 1134 5232 nos
1158 5167 1288 5232 ibidem
1311 5167 1356 5232 ad
1379 5167 1636 5251 pastenandum
1661 5171 1696 5233 et
1720 5167 1952 5234 laborandum
1976 5171 2079 5238 mise-

232 5339 363 5422 rimus,
388 5334 441 5402 vel
468 5354 490 5402 a
514 5331 646 5397 nostris
669 5327 858 5396 heredibus
884 5323 1009 5391 inclita
1034 5323 1109 5408 ipsa
1126 5339 1190 5388 sua
1207 5319 1418 5388 tradictione
1434 5322 1478 5388 ab
1493 5323 1607 5388 omnis
1631 5323 1790 5388 homines
1813 5323 1979 5407 omnique
1996 5344 2078 5408 par-

231 5493 326 5559 tibus
353 5487 478 5558 amodo
500 5493 535 5553 et
560 5501 669 5570 usque
694 5485 812 5551 decern
837 5480 924 5546 anni
949 5475 1127 5562 completi,
1143 5477 1179 5540 et
1197 5491 1268 5540 non
1284 5472 1364 5539 illut
1379 5473 1480 5540 nobis
1505 5473 1627 5539 tollere
1651 5476 1714 5540 aut
1730 5475 1894 5542 contrare
1911 5484 2077 5564 querant;

226 5652 261 5713 et
287 5663 354 5711 nos
378 5647 500 5712 autem
522 5637 575 5707 vel
601 5637 732 5704 nostris
756 5631 923 5702 eredibus
946 5632 1134 5698 debeamus
1159 5628 1241 5695 illut
1266 5629 1388 5694 tenere
1412 5631 1446 5694 et
1470 5620 1634 5696 lavorare'
1655 5631 1690 5693 et
1712 5627 1871 5711 cultare,
1896 5631 1932 5694 et
1954 5628 2079 5696 circei-

227 5807 305 5862 tum
335 5793 420 5860 illut
444 5790 586 5857 cludere
610 5791 646 5853 et
669 5787 805 5854 clusum
831 5785 961 5865 abere;
986 5785 1022 5848 et
1045 5783 1075 5848 si
1099 5777 1315 5844 voluerimus
1337 5777 1466 5844 ibidem
1489 5743 1644 5844 residere
1667 5779 1703 5842 ct
1726 5775 1885 5888 abitare,
1916 5779 1951 5844 et
1982 5778 2078 5846 sebee
