5310 7080
630 507 698 580 130
1264 499 1433 570 count
1469 501 1733 574 CdVENSlS

580 731 688 818 culpa
712 728 853 798 liberati
880 731 916 796 et
940 723 1158 794 boluerimus
1181 723 1287 792 rebus
1310 727 1389 812 ipsa
1412 731 1534 794 tenere
1557 731 1593 794 et
1616 725 1799 816 laborare,
1822 733 1909 796 tunc
1936 727 2100 798 inclitum
2123 729 2204 798 illut
2236 729 2283 802 ad
2306 736 2424 804 nostra

583 881 798 972 perueniant
820 881 1043 968 potestatem,
1067 877 1113 946 ad
1136 876 1329 946 tenendum
1344 882 1382 946 et
1397 877 1633 948 laborandum
1648 878 1687 946 in
1704 880 1948 968 suprascripta
1971 880 2125 967 ratione3
2149 885 2186 950 et
2201 883 2277 967 ipso
2291 897 2423 954 annum

582 1033 673 1122 quod
695 1031 930 1118 redierimus,
954 1030 985 1097 si
1008 1031 1115 1098 rebus
1137 1029 1216 1116 ipsa
1240 1027 1401 1100 laborata
1424 1029 1555 1120 fuerit,
1579 1030 1696 1101 licead
1718 1031 1792 1101 illis
1821 1032 1953 1104 exinde
1978 1033 2101 1104 tollere
2124 1033 2241 1102 omnis
2263 1035 2421 1124 trugens3

581 1191 618 1258 et
641 1185 726 1254 dum
749 1185 856 1252 rebus
880 1184 958 1272 ipsa
982 1182 1021 1250 in
1045 1180 1285 1268 suprascripto
1308 1181 1430 1250 ordine
1454 1183 1689 1271 tenuerimus,
1705 1189 1791 1254 tunc
1807 1187 1955 1254 missum
1970 1186 2127 1274 predicte
2142 1186 2305 1272 ecclesie,
2321 1205 2421 1274 quem

453 1417 458 1430 ,
581 1336 790 1409 annualiter
815 1336 946 1406 ibidem
968 1333 1145 1404 direxerit
1174 1350 1238 1422 pro
1269 1333 1343 1420 ipse
1373 1333 1552 1404 bindemie
1575 1341 1611 1404 et
1633 1355 1697 1426 pro
1720 1339 1796 1426 ipso
1825 1340 2038 1414 terraticum
2069 1338 2338 1428 recipiendum,
2362 1357 2422 1408 nos

582 1496 704 1562 autam
735 1491 836 1558 illum
866 1490 1067 1559 nutriamus
1096 1493 1285 1576 sequenter
1316 1490 1530 1560 consuetudo
1558 1489 1601 1558 de
1625 1491 1700 1579 ipso
1724 1491 1853 1559 locum.
1877 1491 1969 1577 quod
1993 1491 2024 1559 si
2048 1495 2112 1560 etc.
2146 1493 2296 1560 Statota
2317 1496 2426 1564 medlo

582 1605 848 1732 quinquaqinta
871 1643 1066 1712 solidorum
1089 1645 1176 1712 aaa
1196 1644 1582 1713 constantinioaoram.
1614 1649 1735 1713 tamen
1760 1647 1796 1714 et
1825 1641 2032 1714 annualiter
2065 1644 2111 1714 ad
2142 1643 2293 1714 missum
2316 1646 2423 1732 ipsius

585 1799 734 1868 ecclesie
749 1799 858 1868 deant
874 1797 953 1883 ipsa
969 1797 1244 1884 palmentateca‚
1267 1796 1360 1864 sicut
1382 1794 1596 1866 consuetudo
1608 1799 1662 1864 est
1676 1795 1718 1863 de
1735 1796 1811 1882 ipso
1827 1795 1955 1865 locum.
1971 1802 2008 1866 et
2023 1799 2119 1866 huuc
2137 1799 2281 1867 brebem
2303 1799 2423 1885 scripsi

584 1967 652 2041 ego
667 1949 827 2020 ademari
843 1948 1004 2018 notarius
1030 1947 1093 2035 qui
1118 1946 1281 2016 interlui.

632 2076 663 2192 †
688 2103 763 2192 Ego
787 2101 850 2188 qui
874 2121 984 2188 supra
1008 2101 1102 2170 maio
1126 2100 1301 2188 presbiter
1325 2105 1361 2167 et
1383 2101 1495 2169 abbas

627 2226 658 2342 †
683 2257 757 2343 ligo
784 2255 968 2340 iaquintus
990 2253 1161 2324 diaconus
1184 2257 1221 2321 et
1242 2252 1471 2340 primicerius

628 2379 659 2496 †
683 2408 758 2494 Ego
782 2406 939 2476 friderisi
963 2406 1137 2494 presbiter

629 2530 660 2646 †
685 2562 760 2647 ligo
783 2559 938 2629 arechisi
961 2560 1124 2628 notarius
1149 2578 1203 2628 me
1226 2558 1418 2644 subscripsi

629 2683 660 2801 †
686 2715 760 2798 Ego
782 2714 951 2782 ademari.

1299 2965 1413 2974 ...η-...ψ
1427 2967 1432 2972 .
1449 2966 1620 2974 ..-------..-
1628 2965 1745 2973 -..·---—.

1414 3259 1624 3342 DCXII.

1359 3522 1414 3599 A.
1443 3520 1494 3597 D.
1523 3517 1652 3600 1009.

630 3815 903 3882 Sammonicus:

630 3913 667 4054 †
690 3966 868 4035 vicesimo
891 3985 987 4036 anno
1010 3967 1233 4054 principatus
1256 3969 1468 4054 Guaimarii‚
1493 3985 1614 4036 mense
1639 3965 1821 4053 Ianuario,
1843 3966 1993 4054 septima
2017 3967 2225 4036 indictione.

628 4119 730 4188 llaec
746 4121 872 4190 charta
895 4121 937 4191 de
959 4121 1084 4192 eadem
1107 4119 1281 4192 locatione
1305 4122 1395 4209 agit,
1420 4121 1464 4190 de
1487 4139 1558 4210 qua
1581 4121 1807 4192 antecedens.

1405 4376 1727 4384 υ--Ἣ

1393 4665 1626 4748 DCXIII.

1359 4925 1415 5001 A.
1444 4923 1496 5001 D.
1524 4921 1653 5006 1009.

624 5264 725 5405 †ln
749 5313 893 5384 nomine
916 5313 1049 5382 domini
1077 5313 1245 5380 vicesimo
1270 5313 1388 5380 hanno
1412 5308 1637 5398 principatus
1667 5311 1787 5380 domni
1812 5312 1924 5380 nostri
1952 5309 2136 5398 guaimari
2159 5311 2308 5398 gloriosi
2333 5311 2429 5398 priu-

578 5469 682 5558 cipis,
700 5488 820 5540 mense
837 5469 1038 5555 ianuarius,
1054 5467 1206 5555 septima
1222 5464 1429 5534 indictione.
1448 5465 1736 5532 memoratorium
1753 5465 1887 5532 facturn
1909 5483 1932 5532 a
1949 5462 2051 5530 nobis
2077 5463 2130 5530 leo
2146 5467 2182 5530 et
2198 5479 2326 5532 amoru
2344 5481 2423 5551 ger·

579 5626 679 5695 mani
702 5625 770 5693 filii
792 5624 971 5712 quondam
996 5621 1160 5706 iohanni,
1177 5637 1218 5689 eo
1234 5619 1326 5707 quod
1350 5623 1433 5688 ante
1457 5615 1649 5704 subscripti
1665 5621 1771 5684 testes
1786 5633 1848 5702 per
1872 5617 1963 5683 bona
1987 5613 2250 5684 combenientia
2274 5615 2423 5687 tradidit

581 5777 683 5846 nobis
707 5783 828 5865 petrus
851 5775 1005 5868 clericus
1020 5775 1114 5842 tilius
1130 5771 1309 5859 quondam
1333 5767 1457 5838 mundi
1472 5767 1541 5838 due
1557 5770 1655 5854 pecie
1670 5767 1713 5836 de
1729 5770 1829 5836 terra
1852 5767 1965 5835 bacua
1988 5769 2190 5852 pertinente
2206 5767 2320 5854 ipsius
2337 5766 2425 5856 petri
