5310 7080
980 574 1388 650 lllPLOltldTlCUS

1068 915 1283 996 DLXX.

1037 1177 1092 1252 A.
1121 1174 1173 1251 D.
1202 1172 1328 1252 1004.

295 1433 557 1498 Satur-marium.
586 1433 644 1500 Sic
670 1435 789 1498 tectus
811 1435 961 1517 incipit:

296 1529 331 1669 †
354 1585 394 1650 ln
419 1584 562 1652 nomine
586 1585 720 1653 domini
745 1585 983 1654 sextodecimo
999 1606 1094 1656 anno
1110 1586 1335 1674 principatus
1350 1583 1470 1650 domni
1486 1582 1600 1650 nostri
1617 1581 1812 1669 guaimarii
1832 1580 1986 1666 glorioso
2003 1579 2105 1667 prin-

250 1737 342 1820 cipe,
366 1753 486 1802 mense
510 1739 668 1823 octuber,
693 1741 803 1806 tertia
829 1738 1037 1807 indictione.
1062 1736 1353 1806 memoratorium
1384 1733 1480 1800 lactu
1504 1752 1527 1800 a
1550 1752 1605 1799 me
1629 1737 1751 1818 petrus
1774 1733 1950 1817 presbiter
1973 1737 2009 1799 et
2032 1731 2106 1818 pri-

252 1889 420 1954 micerius
445 1891 507 1974 qui
531 1895 587 1956 oto
611 1892 728 1976 bocer,
752 1908 794 1958 eo
816 1893 908 1976 quod
932 1897 1017 1960 ante
1041 1891 1222 1978 presentia
1246 1888 1380 1955 maioni
1405 1884 1593 1972 presbiteri
1611 1891 1646 1952 et
1669 1884 1789 1952 abbati
1816 1884 1964 1951 ecclesie
1988 1885 2105 1951 sancti

250 2039 417 2125 maximi,
440 2052 475 2106 et
500 2039 621 2127 ibique
645 2047 736 2110 esset
759 2043 951 2129 subscripti
975 2047 1095 2129 testes,
1119 2061 1182 2129 per
1206 2039 1515 2112 demandationem
1547 2036 1661 2123 ipsius
1690 2037 1813 2105 abbati
1838 2037 1883 2104 ad
1907 2035 2101 2104 tenendum

249 2199 285 2261 et
308 2192 543 2262 lavorandum
567 2195 717 2264 tradidit
739 2215 804 2283 ego
830 2214 902 2265 una
926 2215 1006 2263 cum
1031 2195 1232 2263 romoaldus
1255 2213 1389 2280 comes,
1413 2192 1474 2278 qui
1498 2197 1553 2260 est
1575 2210 1687 2259 unum
1711 2192 1752 2258 de
1778 2191 1914 2257 domini
1937 2197 1972 2259 et
1995 2192 2100 2259 adbo-

249 2351 408 2413 catorem
433 2350 545 2434 ipsius
569 2350 730 2436 ecclesie,
747 2369 821 2418 una
843 2351 1002 2418 clusoria
1024 2350 1066 2417 de
1089 2355 1187 2416 terra
1211 2367 1292 2415 cum
1316 2347 1472 2415 arbustis
1496 2352 1531 2413 et
1554 2345 1810 2414 abellanietnm
1833 2362 1904 2411 uno
1928 2347 2102 2432 teniente,

247 2499 341 2585 quod
372 2519 456 2586 pars
489 2501 602 2586 ipsius
632 2502 779 2570 ecclesie
810 2505 892 2571 abet
923 2503 960 2570 in
986 2501 1101 2568 locum
1132 2502 1304 2587 nuceria,
1335 2501 1396 2567 ubi
1421 2500 1465 2570 ad
1489 2500 1607 2586 agella
1636 2499 1793 2585 dicitur,
1824 2499 2001 2567 benedicti
2026 2501 2099 2568 lilio

249 2651 398 2719 iohanni
422 2659 458 2722 et
482 2655 618 2722 boniczi
642 2656 732 2722 livor
756 2673 846 2742 omo,
871 2662 907 2724 et
929 2673 995 2741 ego
1018 2655 1080 2742 qui
1105 2674 1215 2742 supra
1237 2660 1357 2742 petrus
1381 2655 1554 2741 presbiter
1580 2655 1657 2740 ipsa
1680 2653 1840 2722 clusuria
1865 2651 1952 2720 illud
1975 2655 2014 2721 in
2039 2658 2098 2723 be·

246 2805 414 2872 aeficium
437 2807 573 2874 retineo
597 2829 620 2876 a
641 2807 726 2895 pars
750 2809 862 2895 ipsius
885 2808 1032 2876 ecclesie
1055 2812 1119 2877 etc.

293 2961 444 3028 Finibus
467 2963 675 3047 desiccatis,
698 2964 753 3028 ita
773 2965 954 3046 sequitur:

291 3116 335 3181 Et
358 3134 420 3200 per
444 3115 621 3184 vindemie
644 3121 800 3202 tempore
824 3116 961 3184 faciant
985 3133 1040 3183 me
1064 3117 1117 3182 vel
1141 3134 1225 3203 pars
1248 3113 1361 3201 ipsius
1384 3114 1531 3181 ecclesie
1554 3115 1660 3200 scire,
1678 3118 1717 3181 ut
1740 3113 1939 3200 dirigamus
1964 3113 2095 3182 ibidem

247 3267 394 3333 missum
417 3272 601 3354 nostrum,
625 3274 660 3336 et
684 3267 758 3336 illis
781 3275 816 3335 et
838 3268 914 3334 suis
937 3269 1103 3335 eredibus
1126 3273 1238 3336 totum
1262 3269 1339 3353 ipso
1361 3269 1547 3336 arbustum
1569 3273 1605 3334 et
1628 3267 1704 3353 ipso
1732 3263 1988 3334 abellanietnm
2011 3270 2094 3336 abto

246 3426 403 3503 tempore
427 3417 704 3505 vindemiarent,
729 3423 764 3485 et
779 3417 854 3504 ipso
871 3417 1123 3486 abellanietum
1145 3420 1313 3507 colligere
1329 3425 1364 3488 et
1379 3439 1534 3506 semare,
1551 3424 1587 3487 et
1601 3422 1715 3487 totum
1732 3418 1807 3504 ipso
1830 3417 1955 3484 vinum
1970 3419 2091 3504 ibique

243 3573 290 3640 ad
311 3573 531 3658 palmentum
555 3574 689 3659 etipse
713 3573 878 3640 abellane
902 3591 964 3658 per
988 3572 1144 3641 medium
1167 3576 1261 3644 inter
1286 3595 1349 3644 nos
1372 3576 1592 3661 dividamus3
1617 3593 1683 3661 ego
1707 3575 1761 3642 vel
1785 3593 1869 3660 pars
1892 3574 2003 3660 ipsius
2035 3592 2092 3641 ec-

242 3728 351 3796 clesio
388 3729 554 3796 tollamus
586 3729 662 3814 ipso
694 3729 817 3794 vinum
846 3729 882 3792 et
912 3726 986 3811 ipse
1018 3726 1182 3798 abellane
1210 3731 1456 3818 medietatem,
1487 3737 1522 3798 et
1545 3732 1617 3798 illis
1641 3735 1677 3800 et
1699 3732 1774 3798 suis
1797 3730 1962 3798 eredibus
1985 3731 2094 3800 tollad

242 3882 382 3967 reliqua
405 3883 593 3950 medietate
615 3901 689 3950 ecc.
714 3899 786 3948 ecc.

288 4037 394 4103 Finis
418 4039 561 4102 tectos.-

285 4191 329 4257 Et
352 4209 420 4256 unc
444 4192 587 4257 brebem
611 4189 739 4276 scripsi
762 4208 828 4277 ego
851 4191 1052 4259 romoaldus
1075 4191 1237 4260 notarius
1261 4190 1323 4276 qui
1350 4189 1510 4257 interlui.

288 4315 317 4430 †
340 4361 406 4430 ego
429 4343 716 4430 ragemprandns
738 4362 794 4411 me
817 4345 1010 4430 subscripsi

285 4473 314 4587 †
337 4518 403 4586 ego
426 4501 580 4568 arechisi
607 4499 769 4568 notarius
793 4519 848 4566 me
873 4499 1065 4566 subscribsi

285 4625 314 4739 †
338 4672 404 4740 ego
428 4655 567 4720 cicerus
590 4655 753 4721 notarius
777 4673 833 4720 me
857 4653 1062 4736 subscripsi.

927 4873 1376 4884 —n-n-—ffl

1038 5169 1276 5248 DLXXI.

1013 5431 1066 5506 A.
1095 5429 1145 5506 D.
1175 5427 1303 5508 1005.

280 5634 314 5774 †
339 5689 376 5752 ln
401 5689 544 5755 nomine
570 5688 703 5754 domini
728 5689 965 5756 sextodecimo
988 5707 1084 5757 anno
1108 5690 1331 5777 principatus
1348 5691 1466 5757 domni
1486 5691 1597 5757 nostri
1616 5690 1796 5776 guaimari
1820 5688 1965 5776 gloriosi
1982 5691 2083 5776 priu-

230 5841 337 5926 cipiS,
349 5860 469 5908 mense
485 5842 688 5929 ianuarius,
702 5844 811 5911 tertia
827 5843 1034 5910 indictione.
1050 5844 1338 5911 memoratorium
1357 5843 1489 5912 sactum
1506 5861 1528 5909 a
1545 5861 1599 5909 me
1617 5842 1799 5910 maraldus
1814 5841 1966 5910 clericus
1984 5843 2079 5913 filius

422 5994 490 6055 lou.
512 6011 537 6052 ru
1909 5997 1923 6052 'l
