5334 7098
628 461 695 532 tol
1261 463 1434 534 deunx
1468 462 1733 535 Cdl'ENSlS

576 684 617 751 lii
642 685 770 756 falconi
795 686 930 774 clerici,
956 689 1039 756 inde
1062 693 1146 756 sunt
1169 707 1231 775 per
1256 687 1409 758 latitudo
1433 688 1528 774 passi
1552 688 1621 755 duo
1644 691 1679 754 et
1695 688 1782 754 duos
1805 687 1910 773 pedes
1934 687 2108 757 manuali.
2135 693 2182 759 lle
2206 699 2333 777 quarta
2354 715 2412 764 au-

574 841 646 906 tem
670 857 769 924 pars,
793 840 886 923 quod
910 845 963 908 est
987 859 1009 909 a
1033 841 1103 908 line
1128 841 1170 908 de
1196 841 1269 926 ipso
1293 839 1431 906 hortale
1455 838 1628 922 aymerici
1644 835 1710 903 fllii
1730 837 1835 922 teuzi,
1861 837 1943 904 inde
1968 843 2051 906 sunt
2075 859 2137 924 per
2162 841 2344 927 longitudo
2367 865 2419 913 us-

576 1011 645 1078 que
670 991 708 1058 in
733 991 873 1079 priores
897 995 985 1062 fines
1008 995 1101 1081 passi
1129 992 1564 1080 quadragintaquinque.
1590 993 1686 1059 Inter
1711 991 1776 1059 iste
1800 1010 1954 1078 namque
1979 993 2061 1060 finis
2084 997 2120 1060 et
2146 1012 2322 1082 mensure,
2347 1017 2411 1083 que

577 1143 744 1228 superius
769 1144 929 1212 cernitur
952 1151 988 1213 et
1012 1145 1159 1232 legitur,
1187 1147 1229 1214 dc
1253 1145 1329 1232 ipso
1352 1145 1509 1231 predicto
1531 1144 1644 1213 ortale
1670 1145 1769 1212 etde
1796 1146 1874 1233 ipsa
1897 1145 2047 1214 ccclesia
2073 1147 2115 1213 dc
2140 1150 2248 1215 finem
2272 1149 2309 1216 in
2333 1149 2412 1235 fine,

573 1301 749 1380 quantum
774 1299 870 1366 infra
893 1299 1090 1367 claustrum
1113 1307 1177 1386 est,
1205 1301 1296 1368 unde
1320 1318 1385 1366 nec
1409 1299 1523 1384 nobis,
1548 1317 1661 1384 neque
1686 1300 1732 1365 ab
1756 1298 1966 1366 ehercdibus
1992 1299 2135 1386 nostris,
2162 1319 2284 1368 verum
2307 1303 2429 1370 ctiam·

572 1469 689 1536 neque
712 1453 758 1520 ad
781 1455 920 1522 nullum
944 1457 1148 1542 quempiam
1164 1456 1341 1523 hominem
1359 1454 1408 1520 ibi
1426 1454 1549 1540 aliqua
1572 1453 1685 1539 portio
1709 1453 1970 1520 reservabimus
1996 1454 2215 1538 requirenli.
2241 1456 2311 1542 Set,
2329 1475 2414 1542 qua·

574 1607 659 1675 liter
683 1609 863 1680 edificiata
887 1615 941 1680 est
966 1612 1089 1681 eadem
1113 1616 1235 1679 nostra
1259 1615 1351 1678 sorte
1374 1611 1416 1677 de
1443 1611 1520 1695 ipsa
1543 1609 1693 1676 ecclesia
1717 1613 1752 1675 et
1776 1609 1852 1696 ipso
1875 1608 2002 1695 ortale,
2028 1630 2107 1677 cum
2134 1609 2202 1676 riis
2227 1615 2263 1678 et
2287 1613 2418 1680 auditis

571 1761 642 1848 sui,
667 1768 806 1830 etcum
830 1765 978 1833 lnlerius
1002 1769 1038 1834 ot
1062 1767 1295 1851 superiusque
1318 1765 1406 1851 suis,
1430 1767 1560 1831 etcum
1576 1763 1738 1850 legitima
1764 1763 1927 1849 ingressa
1952 1769 1987 1831 ct
2004 1782 2167 1850 regressa
2185 1783 2264 1849 sua,
2282 1771 2317 1831 et
2343 1787 2419 1832 cum

574 1919 768 1986 arboribus
791 1919 973 2004 pomiferis
996 1919 1054 2005 qui
1083 1921 1120 1987 in
1145 1921 1266 1987 eodem
1290 1919 1403 1987 ortale
1426 1918 1532 2005 positi
1557 1923 1651 2004 sunt,
1677 1923 1818 1987 etcum
1842 1923 2018 2004 quantum
2041 1920 2127 1987 deus
2151 1919 2340 1986 donaverit
2358 1939 2416 2006 per

571 2085 654 2138 suos
678 2070 799 2139 fideles
822 2071 860 2138 in
886 2075 964 2158 ipsa
986 2072 1174 2158 aecclesia,
1200 2075 1409 2156 potestatem
1433 2071 1571 2140 abeatis
1588 2073 1712 2139 amodo
1734 2077 1769 2140 et
1793 2072 1830 2138 in
1855 2076 1963 2141 antea
1987 2089 2047 2138 vos
2071 2076 2106 2138 et
2129 2071 2260 2138 restris
2286 2072 2418 2138 lreredi-

574 2225 641 2290 bns
664 2225 810 2292 tollendi
836 2225 966 2294 exinde
991 2226 1096 2293 talem
1121 2229 1265 2311 sortem,
1290 2224 1388 2310 quali
1412 2245 1435 2292 a
1459 2243 1522 2291 nos
1544 2225 1722 2310 recepturi
1746 2244 1888 2294 eramus
1911 2226 2056 2311 exinde,
2075 2225 2151 2292 sine
2168 2225 2418 2292 contradictio-

569 2395 614 2444 ne
638 2381 763 2447 nostra
786 2382 821 2445 et
845 2379 887 2445 dc
911 2379 1042 2446 nostris
1066 2380 1255 2448 heredibus
1279 2378 1524 2464 requisitione,
1547 2382 1609 2447 aut
1625 2380 1879 2465 cuiuscumque
1903 2378 2010 2446 alteri
2034 2377 2251 2463 hominibns3
2271 2383 2326 2445 set
2342 2398 2419 2446 curn

570 2529 691 2598 omnia
707 2529 804 2600 infra
820 2550 856 2599 se
875 2534 1056 2618 habentes,
1076 2537 1114 2598 ut
1131 2533 1301 2616 diximus,
1320 2530 1463 2634 integra
1479 2530 1557 2617 ipsa
1571 2537 1665 2599 sorte
1683 2535 1805 2600 nostra
1829 2531 1871 2597 dc
1897 2529 1975 2617 ipsa
1990 2529 2138 2598 ecclesia
2156 2534 2191 2598 et
2206 2530 2249 2599 de
2269 2533 2344 2617 ipse
2360 2549 2412 2596 or-

570 2685 643 2752 tale
668 2686 949 2753 benundedimus
973 2685 1036 2754 tibi
1063 2685 1257 2754 cuiusdiete
1281 2685 1426 2772 poterisi
1451 2686 1577 2754 emtori
1603 2691 1722 2753 nestro
1737 2687 1997 2772 possidendum.
2017 2687 2115 2754 Unde
2132 2705 2194 2772 pro
2211 2686 2415 2754 constabili·

571 2840 735 2908 scendam
751 2840 818 2907 tibi
837 2842 930 2908 hanc
949 2849 1106 2910 nostram
1123 2841 1364 2908 benditionem
1380 2840 1576 2924 recepimus
1592 2860 1613 2906 a
1630 2843 1665 2906 te
1679 2845 1846 2907 emtorem
1863 2844 2024 2906 nostrum
2042 2839 2157 2925 ipsum
2172 2840 2416 2926 supradictum

565 2994 733 3077 pretium:
759 2995 900 3062 finitum
924 3001 977 3063 est
1000 2995 1110 3081 enim,
1135 2997 1185 3062 Ea
1210 2993 1346 3062 scilicet
1370 2995 1521 3080 ratione,
1540 2998 1578 3061 ut
1594 2994 1717 3062 amodo
1741 2999 1776 3060 et
1799 3012 1936 3079 semper
1961 2993 2085 3061 eadem
2102 3001 2224 3062 nostra
2243 2995 2417 3061 benditio-
2467 3079 2471 3092 Ι

569 3166 651 3214 nem
677 3149 884 3235 integram,
908 3151 1001 3216 sicut
1024 3167 1133 3234 supra
1158 3148 1315 3234 legitur,
1341 3150 1472 3215 habere
1495 3155 1531 3216 ot
1554 3147 1731 3234 possidere
1755 3150 1914 3234 valeatis,
1938 3154 1974 3216 et
1998 3149 2137 3217 t'aciatis
2162 3148 2309 3234 exinde,
2334 3167 2417 3233 que-

566 3302 804 3368 mammodum
828 3302 893 3369 tibi
919 3303 1042 3387 tuique
1066 3302 1256 3368 heredibus
1280 3302 1469 3388 placuerit.
1487 3301 1584 3369 Unde
1608 3302 1743 3388 guadia
1766 3303 1831 3369 tibi
1857 3321 2032 3370 unacum
2060 3301 2125 3388 ipsi
2153 3301 2287 3368 nostris
2312 3301 2412 3369 adro·

561 3456 743 3522 ratoribus
760 3455 932 3540 dedimus,
951 3463 986 3522 et
1002 3456 1231 3523 mediatorem
1245 3455 1269 3522 ti
1277 3455 1311 3520 bi
1325 3455 1506 3542 posuimus
1525 3453 1707 3520 benedicto
1724 3454 1894 3521 clericum
1910 3453 2026 3520 filium
2044 3453 2207 3537 martini3
2225 3457 2261 3520 et
2283 3453 2417 3539 obliga·

562 3626 642 3674 mus
659 3627 724 3676 nos
742 3615 778 3676 et
793 3611 925 3676 nostris
941 3609 1130 3676 heredibus
1145 3611 1209 3676 tibi
1229 3609 1410 3676 nominato
1427 3606 1570 3694 poterisi
1587 3608 1729 3691 tuisque
1753 3605 1956 3693 lieredibuS,
1974 3609 2013 3672 ut
2029 3609 2121 3673 hanc
2148 3610 2310 3674 nostram
2338 3606 2417 3672 ben-

560 3759 747 3848 ditionem,
774 3762 826 3830 uti
854 3763 1069 3849 proleg-itur,
1094 3781 1158 3827 nos
1183 3763 1282 3830 vobis
1306 3765 1351 3830 ab
1375 3761 1537 3829 omnibus
1553 3759 1756 3828 hominibus
1773 3757 1949 3826 antistare
1966 3763 2001 3824 ct
2016 3757 2203 3826 defendere
2222 3759 2414 3828 debeamus

564 3933 628 4000 per
653 3915 792 4001 invitis;
817 3917 960 4003 quodsi
987 3919 1216 4003 noluerimus,
1242 3923 1305 3985 aut
1328 3917 1356 3983 si
1382 3935 1445 3981 nos
1471 3913 1557 3999 ipsis
1581 3933 1644 4000 per
1667 3913 1794 3999 qualris
1820 3913 2005 3999 ingenium
2031 3911 2108 3979 illut
2129 3919 2273 3981 tornare
2301 3920 2335 3981 et
2361 3931 2413 3981 rc·

561 4070 701 4136 mobere
726 4070 977 4158 quesierimus,
1002 4072 1127 4156 primis
1150 4072 1332 4137 homnium
1356 4067 1494 4156 questio
1517 4071 1553 4135 et
1575 4067 1735 4135 causatio
1766 4069 1889 4134 nostra
1914 4065 2033 4134 inanis
2057 4069 2091 4132 ct
2115 4066 2227 4133 tacita
2252 4067 2343 4152 sint,
2369 4072 2403 4134 et

556 4223 678 4291 decem
702 4225 802 4292 aurei
830 4223 934 4290 solidi
957 4225 1174 4293 constantini
1200 4244 1328 4312 penam
1352 4224 1449 4290 robis
1473 4222 1671 4307 vestrisque
1696 4221 1886 4288 heredibus
1910 4236 1973 4284 nos
1997 4223 2032 4286 et
2056 4220 2187 4285 nostris
2211 4219 2402 4286 heredibus

554 4394 764 4465 componere
788 4378 989 4465 obligamus
1013 4379 1052 4446 in
1076 4380 1200 4447 eadem
1224 4379 1357 4465 guadia
1381 4382 1417 4444 et
1440 4395 1503 4463 per
1525 4374 1687 4444 districto
1712 4375 1787 4461 ipse
1813 4373 2019 4458 mediatore,
2044 4374 2166 4460 quise
2195 4373 2330 4441 tribuit
2347 4391 2402 4440 vo-

554 4530 610 4599 bis
633 4531 679 4600 ad
703 4533 964 4621 pignerandum
987 4533 1133 4602 lromnia
1157 4551 1222 4601 sua
1245 4533 1396 4618 pignera
1420 4529 1616 4616 legitimam
1647 4535 1681 4599 et
1700 4530 1937 4616 inlegitimam
1961 4529 2113 4614 tamdiu,
2137 4529 2248 4596 donec
2269 4549 2332 4616 per
2350 4531 2409 4597 in·

555 4683 641 4752 vitis
664 4683 924 4772 adimpleamus
947 4685 1045 4752 vobis
1072 4685 1177 4752 iuxta
1200 4684 1282 4751 nius
1304 4689 1442 4752 textum
1467 4683 1615 4751 cartule.
1641 4683 1749 4758 Quem
1765 4689 1798 4751 te
1814 4682 2027 4751 adelmanno
2051 4681 2221 4750 clericum
2246 4689 2283 4752 et
2308 4691 2409 4752 nota-

555 4835 651 4904 rium
675 4839 769 4906 hanc
793 4838 971 4906 cartulam
994 4845 1114 4908 nostre
1137 4837 1353 4908 benditionis
1375 4837 1599 4908 hesseribere
1623 4837 1839 4926 rogavimus
1870 4838 1932 4922 qui
1955 4841 1991 4905 et
2014 4836 2190 4906 interfuit.
2213 4839 2343 4906 Actum
2370 4837 2407 4904 iu

557 4993 708 5062 ciuitate
730 4995 878 5061 Luceria
902 4993 1095 5062 lndictiene
1121 4992 1285 5062 feliciter.

599 5118 630 5236 †
655 5149 731 5236 Ego
754 5148 817 5235 qui
841 5166 949 5234 supra
973 5117 1098 5216 sillitto
1123 5146 1240 5214 iudice

598 5275 630 5391 †
654 5305 730 5391 Ego
753 5309 834 5390 poto
856 5308 945 5374 teste

595 5429 626 5545 †
651 5459 725 5545 Ego
750 5457 915 5544 agelfrid.
