5334 7098
1230 491 1401 564 (tonan
1436 493 1696 564 ‹lllllssls

1303 925 1636 1009 DCXLVIII.

1324 1223 1379 1298 A.
1408 1220 1458 1298 D.
1488 1219 1609 1299 1012.

589 1491 626 1630 γ
652 1545 691 1607 ln
716 1543 859 1610 nomine
883 1543 1030 1630 domini,
1054 1543 1181 1610 domno
1205 1543 1309 1611 basili
1334 1543 1458 1610 dibina
1481 1545 1602 1630 gratia
1627 1543 1820 1629 imperator
1844 1547 1996 1630 augusto
2018 1542 2082 1610 deo
2107 1540 2263 1627 propitio
2288 1511 2395 1609 sexa-

522 1757 524 1762 .
545 1695 682 1782 gesimo
706 1697 732 1777 ¹)
754 1714 850 1764 anno
876 1695 1017 1782 imperii
1042 1695 1131 1781 eiuS,
1155 1701 1293 1762 etcum
1319 1713 1359 1764 eo
1383 1703 1557 1781 regnante
1582 1696 1708 1762 domno
1732 1698 1931 1764 costantino
1954 1696 2065 1764 frater
2089 1695 2186 1780 eius,
2210 1693 2397 1762 sanctissi-

546 1851 615 1916 mis
640 1849 914 1934 imperatoribus
938 1849 1093 1935 nostris‚
1120 1867 1238 1916 mense
1264 1848 1455 1934 ianuari0‚
1492 1849 1628 1917 decima
1657 1849 1863 1917 indictione.
1898 1850 1976 1916 Ideo
2004 1850 2066 1934 qui
2090 1866 2153 1916 nos
2177 1866 2299 1916 sumus
2322 1847 2392 1912 viri

544 2003 757 2073 hoctabiano
782 2005 898 2072 iudice
921 2005 994 2072 lilio
1018 2007 1197 2092 quondam
1221 2005 1368 2073 iohanni
1396 2005 1536 2092 iudicis,
1563 2025 1669 2092 quam
1694 2008 1730 2072 et
1754 2011 1833 2090 poto
1858 2005 1953 2072 filius
1977 2004 2070 2072 leoni
2096 2003 2241 2090 iudicis,
2257 2003 2320 2089 qui
2338 2021 2399 2068 su·

548 2174 632 2222 mus
658 2161 916 2224 commorantes
939 2156 1037 2224 intus
1061 2157 1209 2225 cibitate
1232 2158 1389 2244 luceria,
1414 2157 1583 2225 declarati
1616 2157 1712 2224 enirn
1739 2175 1861 2224 sumus
1885 2158 1982 2225 intus
2006 2159 2044 2223 in
2068 2176 2136 2225 anc
2159 2156 2325 2242 predicta
2349 2155 2399 2222 ci·

549 2311 662 2378 bitate
689 2311 826 2379 luceria
850 2317 934 2379 ante
958 2313 1174 2397 presentiam
1190 2312 1336 2398 agellrit
1358 2312 1536 2380 iudiciset
1552 2311 1633 2378 aliis
1650 2311 1841 2378 nobiliores
1864 2309 2081 2396 hominibus
2107 2309 2168 2394 qui
2193 2309 2254 2375 hic
2271 2309 2398 2375 subtus

552 2463 752 2549 conscripti
777 2467 874 2550 sunt,
899 2463 984 2548 quia
1008 2465 1245 2548 pertinentem
1268 2465 1369 2530 nobis
1394 2466 1539 2533 abemus
1564 2467 1663 2533 intus
1688 2467 1725 2532 in
1749 2484 1817 2533 ane
1833 2437 1990 2552 predicta
2007 2465 2151 2532 cibitate
2168 2464 2305 2530 luceria
2331 2481 2402 2529 uuo

549 2617 659 2685 casile
685 2620 857 2700 haecum,
882 2614 943 2700 qui
977 2615 1034 2680 his
1058 2615 1172 2683 dictus
1196 2616 1305 2683 casile
1333 2616 1435 2682 nobis
1462 2618 1607 2684 vindere
1630 2635 1826 2703 congruum
1851 2623 1925 2705 est,
1949 2637 2057 2704 quam
2080 2621 2116 2683 et
2139 2635 2202 2682 nos
2227 2615 2399 2683 mulieres

552 2771 683 2836 lerrisa
706 2774 742 2835 et
765 2769 893 2854 grimo,
920 2767 981 2853 qui
1007 2787 1128 2834 sumus
1151 2786 1279 2834 uxores
1302 2769 1460 2834 eiusdem
1485 2770 1661 2836 ottobiani
1678 2775 1713 2837 et
1729 2771 1816 2857 poti,
1836 2770 2016 2839 declarate
2040 2768 2135 2836 enirn
2159 2787 2295 2853 sumuS,
2315 2771 2404 2856 quia

553 2925 590 2989 in
615 2924 673 2990 dio
697 2921 932 3008 copulationis
956 2927 1076 2987 nostre
1101 2919 1143 2986 de
1167 2923 1329 2987 omnibus
1354 2924 1459 2989 robus
1483 2929 1518 2989 ot
1542 2923 1775 2991 facultatibus
1798 2943 1920 2991 eoram
1944 2929 2108 3010 quartam
2132 2929 2269 3011 partem
2294 2922 2400 2988 nobis

554 3077 752 3140 erruseruut
777 3091 839 3159 per
864 3092 984 3139 eorum
1009 3074 1181 3159 scriptum
1205 3075 1417 3158 murgiucab
1442 3078 1487 3142 ab
1512 3077 1583 3144 illis
1607 3079 1709 3144 nobis
1741 3082 1933 3146 firmatum.
1972 3079 2030 3144 Set
2061 3075 2245 3143 audientes
2272 3092 2403 3142 nosen

553 3249 622 3313 que
646 3229 683 3293 in
707 3227 812 3294 edicti
838 3227 992 3312 capitulo
1015 3227 1194 3312 continet,
1220 3227 1311 3313 quod
1336 3228 1501 3296 mulieres
1525 3231 1602 3297 sine
1626 3231 1756 3300 notitia
1781 3232 1928 3317 iudicis,
1954 3235 2017 3298 aut
2041 3231 2118 3298 sine
2140 3248 2314 3296 consensu
2341 3250 2400 3315 pa-

556 3387 698 3448 rentum
722 3401 880 3469 suorum,
906 3384 958 3448 vel
985 3383 1038 3448 illi
1064 3383 1102 3447 in
1127 3381 1226 3448 cuius
1250 3381 1396 3448 mundio
1419 3383 1542 3468 fuerit,
1566 3383 1608 3448 do
1634 3385 1739 3448 rebus
1755 3385 1830 3450 suis
1847 3382 1960 3462 niclril
1976 3382 2102 3449 stabile
2127 3383 2244 3451 lacere
2259 3385 2401 3468 poterit;

555 3533 654 3602 Unde
679 3553 742 3620 pro
766 3538 830 3601 boc
854 3538 1039 3602 obsecrare
1063 3535 1220 3620 cepimus
1244 3519 1393 3600 eundem
1419 3534 1555 3600 viribus
1578 3537 1723 3620 nostriS,
1747 3553 1855 3620 quarn
1878 3540 1913 3602 et
1935 3535 2066 3600 mundo
2090 3533 2163 3600 filio
2191 3533 2396 3620 rodelgrimi

559 3693 594 3755 et
617 3689 771 3756 iohanne
795 3687 868 3754 filio
891 3687 1080 3774 benedicti,
1105 3687 1166 3774 qui
1190 3692 1274 3753 sunt
1297 3685 1507 3771 parentibus
1530 3691 1637 3770 atque
1653 3687 1958 3753 consentientibus
1974 3686 2120 3772 nostris,
2139 3692 2178 3754 ut
2195 3690 2297 3754 nobis
2323 3707 2402 3774 pre·

560 3817 668 3908 dictis
681 3844 889 3910 mulieribus
906 3843 943 3908 in
960 3861 1027 3911 anc
1044 3841 1195 3908 vinditio
1212 3843 1313 3909 lieret
1328 3844 1430 3910 nobis
1444 3813 1717 3927 consentientes3
1730 3842 1832 3911 atilli
1845 3843 1946 3909 nobis
1962 3842 2222 3910 consentientes
2239 3842 2402 3909 fuerunt.

559 3999 700 4064 Interea
725 4013 901 4063 unacum
926 3995 1011 4080 ipsis
1036 3999 1072 4060 et
1095 4013 1175 4060 cum
1198 3993 1318 4059 eodem
1341 3992 1478 4060 viribus
1501 3993 1632 4060 nostris
1663 3994 1844 4081 presentia
1876 3993 2072 4080 supradicti
2098 3991 2226 4061 iudicis
2258 3994 2401 4082 ibimus

559 4158 595 4220 et
613 4154 706 4220 lianc
738 4169 882 4218 causam
900 4151 932 4214 ei
949 4167 1010 4234 per
1034 4147 1219 4238 bordinem
1249 4125 1497 4216 intimabimus
1520 4153 1627 4233 atque
1651 4167 1732 4215 curn
1755 4149 2037 4236 obsecrabimus,
2063 4153 2103 4216 ut
2119 4149 2219 4214 nobis
2244 4147 2400 4236 predicte

560 4305 723 4374 mulieris
749 4307 844 4374 iusta
867 4305 982 4390 legem
1007 4303 1169 4388 preberet
1193 4299 1374 4368 licentiam
1399 4300 1577 4368 vindendi.
1602 4301 1786 4369 Prodictus
1810 4301 1930 4387 iudex,
1947 4301 2031 4367 dum
2048 4319 2111 4367 nos
2128 4303 2230 4387 vidit,
2248 4303 2399 4390 diligen-

509 4477 514 4486 ·
562 4470 616 4526 ter
641 4427 704 4527 nos
729 4460 928 4546 inquisibit,
954 4477 999 4525 ne
1023 4460 1112 4525 sorte
1135 4458 1180 4526 ab
1204 4457 1292 4541 ipsis
1316 4455 1453 4522 viribus
1477 4456 1622 4542 nostris
1650 4459 1758 4523 anta
1782 4454 1908 4540 quabis
1932 4455 2136 4524 hominibus
2158 4457 2282 4544 aliqua
2305 4464 2401 4544 pato·

563 4619 618 4682 ret
642 4613 825 4684 violentia.
851 4618 919 4680 Nos
943 4629 1026 4678 vero
1049 4628 1140 4677 vona
1165 4609 1403 4676 indicabimus
1426 4629 1500 4678 esse
1525 4610 1739 4695 volumptate
1763 4613 1894 4695 absque
1918 4611 1992 4677 ulla
2014 4611 2196 4682 violentia.
2215 4613 2398 4681 Predictus

564 4770 688 4855 iudex,
718 4755 802 4835 dum
828 4769 960 4852 absquo
989 4765 1062 4832 ulla
1086 4763 1256 4830 violentia
1279 4782 1342 4828 nos
1365 4782 1440 4832 esse
1455 4767 1697 4851 conspexisset
1720 4771 1755 4834 et
1778 4783 1870 4834 vona
1894 4773 2016 4835 nostra
2040 4771 2245 4854 agnobisset
2268 4770 2400 4837 volum·

566 4929 676 5010 plote,
703 4921 784 4988 inde
808 4922 910 4987 nobis
933 4920 1073 4986 firmam
1097 4919 1263 4985 vindendi
1288 4917 1416 4984 tribuit
1441 4918 1635 4986 licentiam.
1660 4922 1727 4988 Per
1752 4924 1898 5007 accepta
1915 4939 2070 5006 namque
2087 4921 2271 4990 licentiam
2287 4924 2333 4989 ab
2350 4941 2403 4990 co·

564 5080 645 5144 dem
672 5075 813 5160 iudice,
837 5082 872 5141 ot
896 5075 989 5143 iusta
1012 5073 1124 5158 legem
1149 5073 1250 5139 nobis
1280 5073 1556 5140 consentientem
1581 5072 1667 5157 ipsis
1692 5072 1869 5142 iamdictis
1892 5077 2101 5160 parentibus
2124 5080 2232 5162 atque
2258 5097 2402 5147 con—sen-

607 5645 628 5723 ¹)
651 5643 743 5703 quta
765 5639 961 5702 Indictionis
985 5639 1262 5717 computationem
1280 5636 1397 5709 X‚'lrie
1415 5644 1485 5697 erat
1508 5637 1942 5715 quirupragesiruusqulntus
1958 5639 2010 5699 vel
2029 5640 2147 5724 tertius
2172 5657 2278 5701 annus
2297 5638 2407 5704 Basilii

565 5809 585 5849 a
608 5810 722 5851 menso
748 5793 907 5867 Augusto,
935 5807 997 5848 nou
1021 5806 1099 5847 vero
1123 5785 1362 5862 sexagesimus,
