5334 7098
990 507 1395 579 11111611111666
1869 599 1875 612 ἡ
2004 507 2071 579 los

261 730 390 816 61616,
426 732 666 800 consideravit
698 732 766 798 1616
790 732 1187 821 16111166116616166616
1218 753 1260 801 ac
1284 755 1346 821 per
1370 736 1699 820 semetipsumcum
1723 732 1806 802 aliis
1831 733 1918 800 viris
1941 733 2045 800 deum
2072 731 2118 798 ti-

213 855 217 860 *
262 881 445 950 ruentibus
470 901 575 970 super
600 885 714 972 ipsam
737 887 923 956 ecclesiam
948 892 983 956 et
1006 905 1111 972 super
1134 883 2117 972 1666611616661161161661,611666116166161616661-

263 1042 388 1106 661661
414 1045 521 1123 61666
545 1040 714 1108 subtilius
737 1041 1004 1129 appretiarent,
1031 1048 1068 1108 61
1092 1058 1157 1126 ego
1181 1040 1377 1125 prephatus
1402 1037 1600 1104 infantulus
1624 1041 1766 1122 6166161
1790 1039 1960 1103 honorem
1985 1033 2116 1102 solido-

265 1208 345 1256 rum
370 1191 624 1260 damnietatem
648 1211 719 1258 non
744 1195 899 1279 aberem,
924 1197 960 1260 et
983 1192 1088 1260 simul
1106 1195 1151 1261 ab
1168 1210 1236 1260 anc
1253 1193 1435 1278 inlropiam
1452 1195 1487 1258 61
1504 1191 1719 1276 nuditatem,
1743 1192 1781 1258 in
1798 1191 1928 1276 quibus
1944 1207 2115 1277 oppressu

257 1361 357 1430 6661,
374 1343 523 1413 evadere
540 1347 689 1432 valeam,
714 1351 909 1432 antequam
933 1347 1028 1415 mala
1051 1348 1163 1414 morte
1188 1345 1366 1430 deficiam,
1384 1362 1429 1411 ne
1446 1347 1523 1429 post
1547 1361 1663 1410 meam
1686 1343 1865 1410 crudelem
1889 1345 2114 1444 necationem

263 1496 403 1581 aliquid
429 1501 531 1564 homo
557 1491 1180 1584 1616116661111116166616666116616
1207 1505 1243 1566 61
1266 1517 1332 1584 ego
1356 1498 1536 1584 predictus
1562 1497 1762 1566 infantulus
1778 1497 1907 1565 exinde
1924 1516 2044 1566 coram
2060 1499 2114 1563 eis

262 1649 440 1718 cartulam
465 1653 644 1720 emitteret
669 1659 704 1720 et
727 1655 884 1740 pretium
910 1654 1097 1740 reciperet,
1123 1657 1228 1740 atque
1252 1656 1339 1740 ipsis
1363 1674 1425 1740 pro
1448 1653 1744 1722 corroborandam
1771 1651 1808 1717 in
1833 1671 1876 1720 ea
1894 1649 2022 1718 666616
2040 1671 2115 1718 ma-

265 1803 372 1869 nibus
395 1805 647 1890 asscriberent,
674 1813 714 1874 ut
739 1807 777 1874 16
802 1807 920 1874 161616
944 1808 1087 1874 firmum
1110 1809 1346 1894 stabilemque
1371 1813 1544 1894 maneret,
1569 1813 1604 1874 et
1628 1807 1738 1874 isdem
1764 1807 1939 1890 (16161166,
1964 1808 2025 1891 661
2050 1826 2115 1892 pro

265 1955 293 2021 is
317 1956 519 2025 rationibus
535 1959 597 2026 tali
617 1958 727 2026 modis
751 1960 927 2027 cartulam
945 1961 1143 2047 scripserit,
1161 1962 1239 2028 sine
1255 1963 1587 2030 condemnationem
1603 1961 1693 2049 legis
1709 1981 1754 2030 ex
1771 1979 1810 2027 oc
1828 1978 1974 2028 securus
1992 1979 2116 2030 mane-

267 2114 334 2176 ret.
361 2111 516 2197 Cumque
541 2110 651 2180 isdem
675 2112 828 2179 iudicem
852 2131 933 2179 cum
957 2113 1043 2199 ipsis
1067 2114 1269 2181 horninibus
1298 2116 1400 2182 deum
1425 2115 1635 2184 timentibus
1667 2114 1746 2199 ipsa
1776 2112 1948 2181 sortiones
1971 2112 2014 2178 de
2039 2113 2122 2198 1666

267 2263 416 2331 66616616
441 2265 541 2332 etde
566 2267 641 2351 1666
664 2267 777 2333 611616
802 2267 1028 2351 16661161661
1052 2272 1087 2334 61
1112 2265 1385 2353 6666161161661
1406 2317 1414 2353 ,
1439 2273 1549 2353 61666
1576 2265 1769 2352 diligenter
1793 2270 1829 2332 et
1852 2264 2033 2332 subtiliter
2059 2281 2122 2348 616

263 2415 320 2484 161
344 2417 472 2485 1116616
496 2425 776 2504 6166616161661,
801 2418 997 2505 Statimque
1022 2440 1092 2487 uno
1116 2423 1201 2488 11616
1225 2422 1410 2508 dixerunt,
1427 2427 1467 2489 ut
1483 2423 1561 2510 ipsa
1578 2420 1738 2507 predicta
1761 2425 1854 2488 66116
1878 2437 1958 2486 1666
1973 2420 2016 2487 16
2043 2419 2121 2504 1666

264 2571 422 2655 61611616
444 2572 593 2641 66616616
616 2577 652 2639 61
675 2573 718 2640 16
742 2572 817 2660 1666
841 2574 953 2641 611616
978 2573 1139 2641 valerent
1164 2591 1234 2640 666
1250 2593 1359 2643 66166
1376 2575 1487 2642 661116
1502 2576 1744 2659 constantine,
1766 2577 1801 2640 et
1823 2591 1886 2660 per
1903 2575 2032 2641 bonam
2048 2593 2122 2640 mo-

264 2723 486 2791 derationem
518 2725 764 2794 adiunxerunt
795 2725 846 2792 ibi
876 2747 940 2795 sex
972 2726 1139 2795 miliarisi
1169 2747 1215 2796 ex
1246 2747 1345 2796 rame
1370 2731 1473 2796 bona.
1504 2731 1562 2796 Set
1587 2727 1691 2796 iuxta
1714 2728 1883 2813 temporis
1908 2725 2120 2812 qualitatem

266 2876 481 2945 arbitratum
506 2885 571 2964 est,
597 2885 729 2947 utnon
754 2876 902 2948 tanturn‘
919 2881 1064 2967 valeret,
1082 2885 1136 2948 set
1153 2881 1281 2948 161666.
1300 2883 1445 2967 Tamen,
1472 2887 1511 2948 ut
1536 2882 1732 2949 mercedem
1757 2881 1807 2948 ibi
1832 2881 1879 2947 sit
1903 2886 1938 2946 et
1954 2897 2025 2946 non
2043 2897 2122 2964 pec-

209 3125 217 3144 ·
264 3033 396 3117 catum,
421 3031 612 3119 diligenter
637 3033 718 3101 illut
741 3035 884 3120 explere
908 3036 1135 3120 studuerunt,
1162 3043 1200 3102 ut
1222 3035 1265 3102 de
1289 3053 1335 3100 ex
1358 3033 1478 3100 eodem
1497 3032 1651 3118 61611616
1666 3030 1945 3118 aliquantulum,
1965 3037 2003 3098 61
2020 3031 2118 3116 dixi,

265 3186 310 3250 ab
334 3188 400 3251 hoc
424 3189 578 3271 16166616
602 3187 709 3254 161616
724 3188 874 3254 evadere
890 3206 1042 3273 possam:
1060 3190 1188 3274 quibus
1204 3189 1401 3272 prephatus
1420 3184 1573 3251 iudicem
1589 3204 1670 3250 cum
1688 3185 1774 3270 ipsis
1786 3183 1992 3251 hominibus
2007 3183 2117 3251 deurn

264 3335 489 3424 1166611166,
514 3339 576 3422 6111
602 3337 659 3405 hic
683 3341 803 3406 subter
827 3339 1017 3424 conscripti
1034 3343 1131 3424 sunt,
1147 3339 1271 3407 divina
1289 3337 1524 3423 inspiratione
1540 3335 1729 3422 conpulsus
1746 3343 1781 3404 et
1799 3338 1926 3404 timore
1949 3337 2006 3404 dei
2034 3357 2118 3424 per-

265 3491 431 3557 territum
455 3492 498 3558 de
522 3512 602 3560 mea
626 3493 718 3578 quod
743 3494 794 3561 sic
818 3495 967 3579 agnovit
990 3494 1207 3579 6666661166,
1241 3490 1410 3576 66611666
1442 3488 1550 3556 michi
1576 3488 1746 3558 infantuli
1779 3491 1920 3558 firmam
1944 3492 2112 3559 vindendi

265 3641 469 3713 tribuerunt
494 3646 690 3715 licentiam.
715 3649 815 3716 Unde
838 3667 904 3735 ego
927 3649 1132 3734 supradicta
1157 3649 1274 3716 maria
1297 3646 1511 3733 genitricem
1535 3646 1691 3712 eiusdem
1710 3644 1879 3712 infantuli
1895 3645 2036 3713 declaro
2054 3665 2111 3712 me

264 3804 430 3882 quartam
453 3807 592 3886 partem
615 3805 747 3872 habere
770 3803 809 3868 in
833 3805 912 3888 ipsa
936 3803 1096 3890 predicta
1120 3807 1213 3869 sorte
1236 3801 1278 3869 de
1303 3802 1379 3887 ipso
1403 3801 1477 3866 filio
1500 3817 1577 3867 meo
1602 3801 1644 3866 de
1662 3800 1741 3886 1666
1755 3799 1908 3868 66616616
1925 3805 1961 3868 61
1979 3802 2021 3869 16
2037 3802 2115 3889 1666

264 3950 376 4019 611616
399 3954 638 4038 pertinentem
664 3957 785 4043 michi,
811 3961 846 4025 61
868 3955 961 4042 6661
976 3956 1149 4024 traditum
1165 3953 1266 4024 abuit
1281 3952 1389 4021 michi
1408 3954 1613 4040 supradicto
1632 3952 1785 4021 iohanne
1804 3954 1880 4020 viro
1897 3972 1988 4040 me03
2009 3956 2111 4022 modo

264 4121 418 4191 6616666
441 4113 637 4192 666616666
660 4128 738 4178 mea
763 4110 993 4178 bolumtatem
1016 4128 1212 4196 congruum
1238 4109 1348 4177 michi
1368 4112 1420 4176 est
1438 4109 1584 4176 bindere
1610 4110 1687 4195 ipsa
1710 4113 1879 4194 quartam
1904 4113 2043 4195 partem
2066 4113 2111 4177 ad

264 4274 449 4326 commune
472 4280 554 4327 cum
579 4261 654 4348 ipso
671 4262 745 4330 filio
761 4281 850 4350 mec,
868 4263 1049 4331 nobiscum
1066 4263 1229 4331 adessent
1245 4263 1494 4331 advocatorem
1517 4263 1571 4331 vel
1587 4229 1849 4333 consentientes
1873 4264 2051 4349 ragenfrit
2075 4274 2115 4332 61

263 4411 453 4480 damianus
476 4419 649 4502 cognatus
673 4435 772 4485 meus
796 4421 984 4503 61661166
1008 4417 1118 4485 michi
1143 4419 1324 4486 nominato
1348 4417 1565 4486 iohannelli.
1590 4420 1660 4486 Hec
1684 4418 1768 4486 data
1785 4418 2118 4503 666616616166116-

262 4583 356 4652 nem,
382 4571 418 4635 et
442 4569 517 4652 ipse
541 4567 651 4637 iudex
673 4570 758 4638 data
782 4569 888 4636 simul
913 4573 1016 4638 nobis
1040 4572 1250 4640 solutionem
1274 4573 1464 4660 bindendi,
1498 4591 1674 4640 unacum
1698 4571 1766 4657 ipsi
1791 4571 1961 4658 predictis
1986 4574 2118 4640 nostris

262 4713 537 4790 advocatoribus
561 4726 651 4792 bone
675 4727 797 4792 nostre
821 4724 1047 4810 1616616166,
1065 4745 1126 4812 per
1143 4731 1237 4798 hanc
1253 4731 1348 4797 enim
1365 4729 1529 4798 videlicet
1545 4730 1722 4798 cartulam
1739 4705 2033 4798 benumdedimus
2050 4730 2117 4800 tibi

262 4876 412 4964 poterisi
437 4878 512 4946 fllio
535 4882 734 4965 garempoti
760 4879 838 4964 ipsa
862 4880 1021 4965 predicta
1046 4887 1139 4950 sorte
1163 4891 1285 4953 nostra
1307 4887 1350 4952 de
1376 4886 1453 4972 ipsa
1476 4885 1628 4954 ecclesia
1645 4886 1737 4954 etde
1756 4886 1829 4972 1666
1846 4884 1961 4953 611616
1981 4887 2019 4953 16
2037 4887 2117 4954 vico

263 5031 325 5118 661
349 5031 483 5100 1161161
506 5034 709 5121 lamacupa,
734 5055 802 5121 que
827 5037 933 5104 habet
955 5036 1044 5104 fines
1068 5037 1143 5125 ipso
1167 5041 1323 5126 predicto
1339 5043 1463 5110 ortale.
1490 5043 1537 5110 De
1560 5042 1677 5128 prima
1701 5060 1799 5128 pars,
1829 5041 2117 5126 66616616166

262 5189 304 5256 de
329 5190 406 5278 ipso
429 5189 568 5260 vallone
592 5197 627 5260 et
651 5193 729 5278 ipsa
752 5196 849 5262 terra
874 5211 985 5262 vacua
1008 5197 1171 5282 gauperti
1198 5203 1232 5266 et
1254 5197 1394 5266 dauferi
1418 5203 1454 5265 et
1477 5199 1623 5282 falconi,
1647 5198 1710 5284 qui
1734 5203 1818 5266 sunt
1841 5198 1917 5278 veri
1941 5198 2107 5284 germani

264 5345 402 5432 filiique
425 5347 553 5416 falconi
579 5349 726 5434 clerici,
751 5347 834 5416 inde
857 5350 1007 5416 suntad
1031 5368 1175 5436 passum
1200 5354 1333 5420 iustum
1359 5359 1604 5422 mensuratum
1632 5350 1788 5419 hominis
1813 5349 2003 5418 mediocris
2028 5369 2110 5436 per-

265 5517 350 5570 sona
373 5521 443 5587 per
461 5502 612 5570 latitudo
635 5503 730 5592 passi
754 5504 823 5571 duo
845 5509 880 5573 et
903 5506 989 5572 duos
1012 5507 1116 5592 pedes
1140 5506 1313 5573 61666611.
1340 5507 1386 5572 lle
1409 5508 1565 5575 secunda
1590 5527 1697 5593 6616,
1726 5505 1817 5590 6661
1841 5509 1894 5572 661
1917 5525 1939 5571 6
1965 5504 2038 5570 flue
2065 5504 2108 5571 de

268 5656 928 5746 16666116166116661116116161661
953 5664 1072 5746 patrui
1100 5661 1196 5746 mei,
1228 5660 1310 5728 inde
1340 5665 1426 5728 sunt
1450 5679 1512 5746 per
1537 5659 1720 5747 longitudo
1745 5657 1839 5742 passi
1869 5656 2115 5745 quadraginta

264 5809 433 5894 quinque.
460 5811 507 5878 De
530 5816 638 5880 tertia
661 5833 757 5900 pars,
782 5814 874 5898 quod
899 5811 1157 5883 6616116616
1182 5816 1259 5899 1666
1276 5811 1446 5880 iamdicta
1471 5822 1568 5878 terra
1592 5810 1773 5877 1666616
1798 5809 1867 5893 1661
1892 5808 2044 5894 predicti
2072 5811 2112 5876 fi-

416 5967 483 6024 1611.
509 5986 543 6024 vv.
1927 5964 1962 6020 23
