5376 7094
621 513 645 583 8
1275 511 1450 588 GODEX
1484 509 1750 583 CAVENSIS

576 738 780 824 pertinente
804 739 960 824 predicte
984 743 1103 808 nostre
1127 741 1319 829 hecclesie,
1343 740 1436 827 quod
1451 739 1511 808 ille
1527 735 1695 805 similiter
1719 750 1988 819 compreensum
2006 693 2102 802 abet.
2119 733 2198 819 ipsa
2215 733 2316 801 halia
2332 731 2435 817 pecia

576 907 640 976 per
663 890 729 956 hec
752 888 858 956 finis:
882 889 924 956 de
948 907 1022 958 una
1045 893 1148 975 parte
1171 891 1242 958 fine
1266 891 1345 977 ipsa
1368 889 1599 959 harcaturia:
1625 885 1668 955 de
1691 885 1762 955 alie
1778 885 1846 953 due
1862 886 1976 972 partis
1992 885 2086 953 sicut
2101 885 2337 954 terminatum
2355 887 2431 952 est:

576 1035 652 1106 alia
674 1043 776 1124 parte
810 1039 902 1106 sicut
925 1039 1152 1124 aliquantum
1176 1043 1351 1126 pertange
1374 1043 1413 1108 in
1438 1041 1514 1125 ipso
1538 1039 1669 1125 flabio,
1702 1045 1823 1107 tamen
1853 1037 1897 1106 de
1921 1055 2026 1123 super
2053 1039 2155 1122 parte
2179 1035 2250 1103 fine
2273 1037 2432 1123 predicte

576 1191 735 1260 ecclesie.
763 1193 834 1261 ista
856 1194 958 1279 pecia
983 1213 1046 1280 per
1070 1195 1137 1263 iste
1161 1193 1244 1262 linis
1267 1194 1492 1263 medietatem
1509 1193 1608 1262 illam
1625 1193 1660 1261 61
1677 1192 1892 1260 tradidimus
1909 1210 1990 1257 cum
2006 1190 2134 1258 inclita
2150 1189 2228 1276 ipsa
2244 1189 2319 1258 alia
2334 1192 2436 1277 pecia

576 1364 639 1432 per
655 1345 895 1430 suprascripte
919 1344 1015 1428 tinia,
1040 1348 1075 1412 et
1099 1345 1178 1431 ipsa
1201 1346 1275 1414 alia
1299 1345 1471 1414 medietas
1487 1347 1529 1415 de
1546 1345 1706 1432 predicta
1721 1345 1860 1432 peciola
1879 1347 1963 1412 ante
1980 1361 2017 1410 cs
2033 1344 2109 1412 dies
2126 1343 2160 1411 ei
2176 1342 2350 1412 traditam
2371 1346 2437 1412 lra-

577 1497 713 1582 bemus,
731 1499 771 1563 ut
787 1495 912 1564 amodo
928 1500 964 1564 et
980 1497 1246 1582 omnitempore
1262 1496 1323 1564 ille
1346 1501 1382 1564 et
1396 1499 1573 1584 homines,
1590 1498 1682 1586 quod
1699 1497 1759 1566 ille
1775 1499 1907 1566 ibidem
1923 1499 2077 1583 miserit,
2094 1500 2130 1565 et
2142 1495 2286 1562 illorum
2298 1495 2435 1582 eredes,

575 1649 693 1717 media
717 1649 796 1735 ipsa
819 1649 954 1736 pecicla
978 1667 1059 1716 cum
1083 1647 1210 1717 inclita
1234 1651 1313 1735 ipsa
1336 1649 1436 1720 halia
1459 1652 1561 1738 pecie
1585 1670 1648 1739 per
1672 1653 1914 1740 suprascripte
1929 1651 2012 1719 finis
2029 1669 2092 1718 sue
2108 1651 2294 1736 potestatis
2310 1655 2433 1716 tenere

526 1819 532 1828 ·
574 1805 611 1870 et
633 1801 840 1886 dominare,
864 1804 900 1868 et
921 1799 1019 1868 sebee
1042 1805 1078 1869 et
1101 1802 1217 1868 omnis
1241 1822 1303 1870 sue
1327 1803 1497 1870 utilitatis
1521 1803 1653 1872 ibidem
1679 1804 1795 1872 facere
1821 1806 1916 1878 iusta
1940 1805 2103 1889 ratione,
2127 1802 2229 1869 etde
2254 1805 2429 1888 quantum

574 1951 729 2018 boluerit
751 1953 794 2020 de
817 1953 897 2037 ipsa
919 1957 1018 2023 terra
1042 1956 1081 2022 in
1105 1955 1347 2042 suprascripte
1363 1953 1446 2022 finis
1462 1958 1652 2039 pastenare
1669 1958 1856 2024 arbustum
1872 1959 1908 2022 et
1931 1956 2037 2021 vinea
2061 1954 2104 2020 de
2129 1972 2219 2020 veno
2236 1935 2383 2026 vbitineo
2398 1959 2435 2022 et

575 2104 703 2191 pomis,
726 2109 762 2172 et
785 2109 900 2174 omnis
924 2109 1048 2175 vinum
1073 2113 1108 2176 et
1131 2109 1279 2196 frugens
1302 2128 1410 2194 quam
1435 2106 1518 2175 inde
1541 2107 1665 2177 tollere
1689 2108 1745 2175 vel
1768 2109 1900 2175 habere
1924 2107 2080 2192 potuerit
2104 2106 2230 2173 amodo
2255 2111 2292 2175 et
2316 2125 2434 2195 usque

576 2255 693 2324 decem
723 2259 811 2324 anni
835 2260 1012 2346 completi,
1038 2265 1148 2328 totum
1165 2279 1227 2327 sue
1243 2260 1552 2345 sintpctestatem.
1569 2262 1701 2345 preter,
1718 2259 1845 2345 deque
1868 2278 1931 2346 per
1955 2278 2091 2327 annum
2116 2260 2249 2330 ibidem
2273 2262 2429 2330 semina·

575 2409 682 2494 berit,
706 2408 815 2476 deant
830 2411 912 2478 inde
929 2413 1032 2478 nobis
1056 2411 1183 2478 inclita
1207 2411 1316 2478 tertia
1339 2428 1447 2496 pars:
1473 2416 1606 2498 preter,
1622 2413 1665 2480 de
1680 2413 1812 2501 capelle
1828 2414 1919 2499 quod
1936 2432 1999 2499 per
2016 2431 2152 2480 annum
2171 2414 2303 2482 ibidem
2321 2417 2430 2484 abue-

574 2560 637 2646 rit,
662 2559 771 2636 deant
795 2561 877 2628 inde
893 2563 995 2629 nobis
1019 2562 1062 2629 de
1085 2563 1205 2629 decem
1220 2563 1403 2630 combinas
1419 2581 1492 2631 una
1508 2582 1572 2649 pro
1588 2565 1812 2652 terraticum,
1828 2569 1864 2633 et
1879 2571 2053 2651 quantum
2073 2565 2197 2633 vinum
2213 2586 2276 2654 per
2292 2586 2429 2635 annum

576 2711 660 2778 inde
683 2714 816 2780 exierit
831 2715 876 2782 da
892 2677 961 2801 ipsi
977 2717 1098 2783 decem
1122 2717 1211 2784 anni
1236 2715 1398 2802 completi
1418 2717 1456 2783 in
1472 2722 1580 2786 antea
1596 2737 1707 2804 usquc
1724 2721 1875 2788 sedecim
1893 2722 1981 2786 anni
1997 2720 2176 2806 completi,
2195 2726 2234 2789 ut
2250 2721 2375 2789 amodo
2391 2740 2430 2790 se

576 2863 788 2951 compleant,
805 2865 934 2933 darent
949 2867 1031 2935 inde
1055 2869 1093 2935 in
1110 2887 1198 2955 pars
1214 2869 1372 2954 predicte
1387 2873 1507 2936 nostre
1530 2869 1678 2938 ecclesie
1695 2871 1822 2939 inclita
1838 2874 1981 2940 tertiam
1998 2877 2137 2958 partem
2153 2874 2275 2958 ibique
2292 2875 2337 2941 ad
2355 2873 2431 2961 pal·

575 3023 748 3106 mentum,
765 3023 800 3087 et
815 3020 952 3088 saciant
966 3022 1057 3089 scire
1072 3041 1157 3107 pars
1172 3023 1286 3108 ipsius
1295 3021 1454 3108 ecclesie,
1473 3026 1512 3089 ut
1528 3021 1659 3089 ibidem
1675 3023 1811 3108 dirigat
1823 3023 1971 3088 missum
1987 3042 2091 3090 suum
2104 3043 2168 3110 pre
2181 3026 2426 3111 recipiendum

576 3171 655 3255 ipsa
671 3189 737 3238 sua
753 3171 922 3258 sortione,
940 3171 1009 3238 due
1025 3173 1130 3240 sortis
1145 3173 1276 3240 exinde
1293 3174 1362 3240 sibi
1377 3177 1496 3241 abere.
1515 3174 1568 3241 Ad
1585 3177 1654 3260 ipsi
1678 3175 1831 3243 sedecim
1855 3176 1943 3244 anni
1960 3175 2125 3262 completi
2143 3179 2277 3246 abeant
2293 3179 2332 3244 in
2350 3179 2429 3264 ipsa

577 3325 683 3389 rebus
706 3323 803 3390 infra
827 3327 1070 3410 suprascripte
1094 3324 1177 3394 finis
1200 3326 1242 3393 de
1267 3332 1441 3412 quantum
1459 3326 1589 3394 ibidem
1605 3329 1866 3413 pastenaberit,
1891 3329 1967 3394 sibe
1982 3329 2182 3416 arbustum,
2208 3332 2282 3398 sibe
2306 3335 2430 3420 vinea,

577 3475 799 3562 cannietum,
816 3477 871 3543 vel
888 3477 1074 3546 salicetum
1091 3484 1126 3546 et
1141 3481 1268 3566 pomis,
1286 3481 1418 3547 abeant
1433 3477 1514 3546 illut
1529 3483 1668 3546 surtum
1685 3485 1721 3546 et
1735 3479 1924 3566 cultatum,
1949 3481 2042 3547 sicut
2065 3481 2107 3547 de
2131 3485 2251 3550 tantos
2266 3503 2379 3554 annos
2394 3491 2431 3555 et

576 3625 673 3694 locus
688 3629 762 3714 ipse
778 3631 963 3717 meruerit,
980 3635 1016 3699 et
1032 3633 1106 3699 iam
1123 3633 1161 3699 in
1177 3637 1285 3700 antea
1300 3633 1397 3698 omni
1414 3636 1570 3718 tempore
1593 3633 1654 3700 ille
1678 3637 1713 3700 et
1736 3632 1897 3698 homines
1919 3633 2011 3717 qued
2035 3633 2096 3700 ille
2120 3633 2252 3702 ibidem
2274 3639 2432 3726 miserit,

575 3781 611 3844 et
627 3777 770 3846 illorum
787 3781 909 3848 eredes
925 3800 986 3849 sue
1003 3783 1188 3867 potestatis
1205 3783 1331 3850 inclita
1347 3784 1592 3869 suprascripta
1615 3785 1720 3851 rebus
1743 3802 1806 3869 per
1829 3783 2033 3870 supradicte
2057 3783 2141 3852 linis
2156 3788 2293 3874 tenere,
2316 3789 2427 3858 domi-

575 3947 665 3996 nare
681 3934 716 3997 61
732 3932 849 3997 omnis
871 3950 934 3998 sue
949 3933 1119 4001 utilitatis
1139 3933 1271 4000 ibidem
1296 3934 1413 4001 lacere
1437 3935 1533 4002 iusta
1556 3935 1709 4021 ratione,
1734 3939 1770 4004 et
1791 3955 1854 4021 per
1878 3954 2014 4004 annum
2037 3941 2117 4006 acto
2139 3941 2297 4024 tempore
2320 3944 2427 4011 rebus

577 4080 658 4165 ipsa
673 4079 716 4148 de
732 4099 838 4167 super
854 4083 946 4150 etde
962 4086 1083 4168 supter
1099 4081 1278 4169 laborare,
1295 4084 1388 4150 sicut
1402 4083 1499 4152 locus
1515 4087 1590 4172 ipse
1609 4089 1793 4174 meruerit,
1810 4093 1850 4156 ut
1865 4089 2055 4175 proficiant
2070 4093 2105 4156 et
2120 4107 2191 4156 non
2206 4090 2430 4184 dispereant,

576 4237 612 4300 et
627 4253 690 4320 per
707 4251 843 4302 annum
859 4233 941 4301 illut
959 4235 1151 4320 seminare,
1168 4234 1324 4319 qualiter
1340 4237 1513 4325 boluerit3
1542 4244 1576 4307 et
1599 4259 1662 4327 per
1686 4241 1862 4311 vindemie
1885 4245 2023 4313 faciant
2046 4263 2102 4312 me
2126 4243 2181 4312 vel
2204 4264 2290 4332 pars
2314 4249 2428 4335 ipsius

575 4385 723 4453 ecclesie
739 4386 845 4472 scire,
863 4390 903 4453 ut
917 4386 1050 4453 ibidem
1065 4385 1202 4472 dirigat
1216 4387 1364 4454 missum
1379 4408 1497 4479 suum,
1521 4398 1557 4462 et
1579 4393 1653 4462 illis
1676 4398 1862 4464 arbustum
1886 4396 1941 4464 vel
1965 4398 2074 4466 binea
2097 4399 2176 4484 ipsa
2191 4399 2429 4488 vindemiare,

575 4545 611 4607 et
627 4542 743 4608 omnis
759 4541 882 4607 vinum
900 4540 992 4626 quod
1007 4541 1090 4611 inde
1106 4543 1253 4629 exierit,
1269 4545 1391 4630 ibique
1408 4547 1453 4613 ad
1469 4547 1690 4634 palmentum
1714 4553 1808 4620 inter
1833 4570 1896 4620 nos
1920 4553 2123 4621 dibidamus
2139 4555 2179 4622 in
2193 4555 2302 4624 tertia
2318 4575 2402 4642 pars
2420 4580 2427 4623 :

577 4690 652 4758 illis
667 4691 798 4760 tollant
813 4694 894 4761 inde
909 4694 977 4762 due
994 4695 1114 4782 sort'm,
1131 4700 1167 4762 et
1190 4713 1253 4764 nos
1277 4699 1331 4766 vel
1355 4699 1503 4766 missum
1527 4707 1687 4770 nostrum
1711 4707 1819 4774 tertia
1841 4725 1939 4792 pars,
1964 4709 2000 4773 et
2026 4705 2099 4774 illis
2123 4709 2273 4775 missum
2297 4710 2429 4797 ipsum,

577 4841 661 4908 dum
678 4861 742 4928 pro
759 4845 834 4930 ipse
851 4848 1028 4915 vindemie
1046 4849 1177 4916 ibidem
1193 4851 1347 4936 steterit,
1365 4851 1437 4918 illis
1453 4871 1533 4920 eum
1550 4853 1706 4942 nutrire3
1723 4856 1765 4923 de
1781 4876 1849 4941 que
1865 4877 1928 4944 per
1944 4875 2082 4926 annum
2097 4860 2222 4928 amodo
2238 4861 2336 4932 infra
2352 4865 2432 4950 ipsa

579 4997 687 5063 rebus
703 4998 950 5084 seminaberit,
967 5000 1077 5068 deant
1092 5001 1174 5069 inde
1191 5003 1293 5068 nobis
1309 5003 1364 5069 vel
1380 5005 1418 5070 in
1434 5023 1519 5091 pars
1535 5007 1649 5092 ipsius
1664 5009 1836 5080 hecclesie
1851 5013 1960 5080 tertia
1975 5031 2073 5100 pars,
2090 5014 2159 5082 due
2175 5016 2283 5082 sortis
2298 5016 2430 5086 exinde

579 5149 648 5217 sibi
666 5151 785 5216 abere:
803 5157 936 5238 preter,
952 5152 994 5219 de
1010 5153 1086 5239 ipse
1101 5153 1233 5239 cepclle
1245 5157 1337 5241 quod
1350 5176 1560 5244 perannum
1576 5162 1706 5230 ibidem
1721 5167 1878 5252 abuerit,
1895 5167 2004 5235 deant
2018 5169 2150 5236 exinde
2167 5172 2269 5238 nobis
2285 5173 2433 5240 terrati-

579 5323 659 5370 cum
675 5304 717 5372 de
732 5305 852 5373 decem
868 5267 1050 5375 combinas
1065 5327 1151 5393 una,
1168 5315 1204 5376 et
1219 5309 1366 5380 licentia
1381 5314 1539 5383 habeant
1562 5314 1604 5384 de
1629 5317 1705 5403 ipso
1727 5319 1834 5385 flubic
1858 5321 1913 5388 vel
1937 5320 1979 5387 de
2003 5323 2082 5409 ipsa
2106 5326 2317 5394 harcaturia
2334 5345 2430 5412 aqua

579 5457 716 5545 tollere,
733 5464 870 5545 quanta
885 5463 918 5529 ei
942 5478 1087 5529 necessa
1110 5462 1231 5547 suerit3
1256 5469 1292 5532 et
1315 5465 1421 5550 quale
1443 5471 1600 5554 ternpore
1624 5469 1697 5537 illis
1720 5472 1773 5540 vel
1799 5472 1943 5542 illorum
1966 5477 2088 5544 eredes
2111 5479 2157 5546 da
2181 5479 2250 5564 ipsi
2274 5478 2428 5548 sedecim

580 5613 669 5680 anni
685 5615 849 5700 completi
865 5617 903 5682 in
919 5620 1027 5684 antea
1043 5615 1199 5733 noluerit
1215 5615 1296 5684 illut
1309 5621 1444 5704 tenere,
1463 5619 1569 5690 liceat
1585 5624 1657 5693 illis
1681 5625 1763 5696 inde
1786 5630 1887 5696 exire
1910 5649 1991 5700 cum
2014 5633 2136 5701 omnia
2160 5652 2226 5701 sua
2250 5651 2375 5720 causa,
2393 5639 2429 5704 et

579 5764 706 5832 inclita
721 5769 829 5834 rebus
842 5768 919 5853 ipsa
936 5771 1097 5837 rebertar
1111 5769 1155 5836 ad
1168 5775 1340 5855 potestate
1356 5771 1512 5857 predicte
1528 5781 1646 5846 nostre
1660 5780 1822 5850 ecclesie.
1841 5783 1933 5851 unde
1949 5803 2013 5871 pre
2031 5785 2153 5854 taliter
2178 5787 2314 5872 guadia
2337 5787 2428 5855 mihi
