5310 7080
977 539 1379 612 urruourrreus
1821 638 1823 644 y
2014 547 2059 615 os

252 779 332 830 mus
355 780 419 848 per
443 761 622 830 medium:
649 783 715 852 ego
738 765 791 832 vel
817 783 900 851 pars
925 767 1036 852 ipsius
1059 765 1205 834 ecclesie
1220 766 1385 834 tollamus
1401 764 1477 852 ipse
1492 764 1615 830 vinum
1639 764 1880 852 medietatem,
1904 772 1940 835 et
1964 770 2024 836 ille
2049 770 2104 838 vel

252 915 328 982 suis
352 914 516 982 eredibus
539 915 648 982 tellad
672 917 812 1003 reliqua
836 917 1039 1003 medietate,
1065 921 1102 1000 et
1127 917 1203 1002 ipsa
1224 921 1349 984 nostra
1372 915 1562 982 medietate
1586 915 1628 981 de
1651 915 1727 1000 ipse
1751 915 1876 983 vinum
1900 919 1992 1004 quod
2018 920 2103 988 inde
2164 991 2170 999 ,

253 1067 353 1160 uobis
376 1070 554 1156 ebenerit,
579 1069 639 1136 ille
655 1075 691 1137 ct
707 1069 781 1138 suis
805 1069 970 1137 eredibus
985 1069 1073 1137 illud
1088 1069 1262 1137 adducere
1285 1089 1347 1156 per
1365 1069 1439 1155 ipso
1455 1069 1570 1135 locum
1593 1069 1739 1136 nucerie
1756 1071 1803 1138 ad
1817 1069 1964 1140 cellario
1989 1074 2103 1158 ipsius

252 1221 397 1288 ecclesie
422 1223 513 1306 quod
538 1221 639 1318 abuit
663 1241 685 1290 a
708 1222 735 1287 li
759 1222 882 1308 pariti,
900 1225 936 1288 et
952 1222 1206 1307 adsingnemus
1221 1223 1254 1288 ei
1270 1239 1467 1308 organeum
1483 1221 1675 1288 venumda
1691 1224 1831 1310 binum,
1847 1229 1883 1292 et
1899 1225 1960 1293 ille
1977 1231 2012 1294 et
2028 1229 2102 1294 suis

252 1375 417 1442 eredibus
442 1393 639 1460 organeum
657 1374 773 1461 ipsum
791 1377 920 1440 bonum
938 1373 1159 1461 conciarent,
1176 1374 1276 1442 sicud
1293 1374 1480 1462 meruerit,
1497 1379 1532 1442 et
1548 1379 1722 1462 reponant
1741 1377 1872 1444 ibidem
1887 1379 1965 1464 ipsa
1980 1384 2102 1449 nostra

254 1525 410 1594 sortione
434 1528 477 1594 de
502 1529 577 1613 1000
601 1527 737 1594 binum.
765 1529 809 1593 Et
826 1527 907 1594 dum
933 1526 1062 1593 ibidem
1087 1527 1227 1595 steterit
1252 1527 1327 1614 ipso
1350 1529 1499 1596 missum
1521 1533 1697 1617 nostrum,
1714 1531 1774 1598 1110
1792 1536 1827 1600 01
1843 1532 1917 1598 0010
1935 1533 2101 1602 eredibus

254 1680 343 1747 illud
366 1681 506 1747 nutrire
529 1680 720 1746 secundum
745 1699 846 1747 suam
863 1679 1139 1766 possibilitatem
1155 1686 1191 1748 et
1206 1682 1334 1750 darent
1350 1683 1627 1769 palmentatcca,
1653 1684 1753 1751 sicud
1777 1685 1962 1772 meruerit,
1979 1690 2100 1772 etque

252 1835 376 1901 amodo
400 1839 436 1902 et
462 1853 570 1919 usque
594 1833 670 1920 ipso
694 1833 926 1929 constitutum
951 1833 1080 1902 ibidem
1104 1837 1373 1924 seminaverint,
1397 1839 1505 1906 deant
1529 1837 1611 1904 inde
1635 1838 1736 1904 nobis
1753 1839 1808 1904 vel
1825 1839 1870 1908 ad
1886 1859 1970 1925 pars
1987 1840 2100 1926 ipsius

252 1989 399 2056 ecclesie
425 1989 635 2055 terraticum
659 1989 864 2056 annualiter
890 1989 1397 2059 secundumconsuetudinem
1428 1993 1470 2058 de
1494 1992 1569 2078 ipso
1594 1991 1726 2059 locum:
1759 1993 1804 2059 ad
1828 1995 2000 2078 completo
2025 1996 2099 2082 ipso

250 2143 485 2210 constitutum
501 2141 624 2210 inclito
641 2144 716 2228 ipso
732 2145 916 2211 arbustum
941 2143 1141 2211 laboratum
1157 2151 1192 2211 et
1208 2146 1382 2213 cultatum
1406 2150 1442 2213 et
1465 2145 1601 2212 clusum
1618 2146 1807 2214 remittant
1824 2147 1869 2214 ad
1887 2166 1969 2234 pars
1987 2148 2099 2234 ipsius

252 2296 415 2398 ecclesie,¹
437 2300 473 2363 et
496 2294 610 2362 licead
634 2296 694 2362 illc
717 2299 752 2362 et
775 2294 850 2361 suis
873 2294 1036 2361 eredibus
1062 2296 1143 2362 inde
1167 2296 1369 2364 disturbare
1394 2299 1470 2383 ipso
1489 2297 1643 2364 reditum
1658 2301 1693 2364 et
1710 2302 1874 2374 excotere
1891 2301 2014 2369 omnis
2031 2322 2096 2371 sua

254 2467 364 2517 causa
387 2449 557 2536 mobilia,
589 2453 625 2515 et
649 2451 702 2515 ire
726 2469 806 2516 cum
832 2449 919 2516 illud
943 2449 1004 2516 ubi
1029 2449 1225 2534 boluerint,
1250 2450 1327 2516 sine
1352 2450 1605 2518 contrarietate
1629 2470 1707 2518 mea
1732 2452 1853 2519 uelde
1877 2473 1960 2540 pars
1985 2455 2098 2540 ipsius

249 2602 412 2688 ecclesie3
437 2604 582 2687 quodsi
607 2602 726 2670 taliter
750 2602 889 2687 omnia,
923 2604 969 2670 ud
992 2603 1156 2688 superius
1180 2603 1325 2689 legitur,
1349 2602 1437 2668 milri
1461 2602 1516 2669 vel
1540 2605 1585 2669 ad
1609 2621 1692 2690 pars
1717 2603 1829 2690 ipsius
1852 2606 1999 2675 ecclesie
2025 2626 2097 2674 non

251 2756 500 2843 adimpleverit
525 2763 561 2824 et
585 2759 716 2842 aliquit
742 2757 822 2824 inde
845 2756 1125 2841 contradixerit,
1152 2761 1235 2822 tunc
1260 2776 1322 2841 per
1347 2757 1423 2842 ipsa
1447 2755 1582 2841 guadia
1605 2757 1777 2844 obligavit
1801 2777 1837 2825 se
1861 2763 1897 2826 et
1921 2762 1995 2827 suis
2020 2781 2098 2830 ere-

251 2915 357 2980 dibus
381 2915 424 2983 ad
449 2913 727 3000 componendum
752 2913 840 2980 mihi
866 2911 920 2977 rel
945 2911 990 2978 ad
1013 2929 1097 2996 pars
1122 2909 1233 2996 ipsius
1256 2908 1400 2976 ecclesie
1417 2909 1546 2994 biginti
1571 2909 1651 2976 auri
1677 2909 1778 2977 solidi
1803 2914 2037 2980 constantini.
2063 2920 2099 2983 et

252 3087 322 3135 unc
346 3070 489 3136 brebem
515 3069 640 3152 scripsi
665 3085 730 3152 ego
754 3065 954 3134 romoaldus
978 3067 1141 3132 notarius
1163 3064 1224 3148 qui
1249 3063 1422 3131 interfuit.

296 3195 326 3310 †
351 3243 416 3310 ego
440 3223 600 3292 alderissi
625 3221 787 3290 notarius
810 3241 865 3288 me
889 3220 1095 3306 subscripsi.

957 3476 1202 3483 m—----
1210 3477 1241 3483 -ι
1251 3477 1319 3484 --ὴ-
1330 3478 1405 3484 -,-.-

1029 3765 1305 3844 DLXXIV
1313 3822 1319 3836 .

1026 4029 1080 4102 A.
1109 4026 1159 4101 D.
1188 4023 1316 4104 1005.

293 4233 390 4372 †ln
414 4287 556 4352 nomine
587 4283 720 4351 demini
749 4283 1032 4369 septimodecimo
1065 4300 1159 4349 anno
1190 4282 1413 4368 principatus
1445 4283 1563 4348 domni
1595 4285 1708 4351 nostri
1743 4285 1923 4371 guaimari
1948 4289 2093 4372 gloriosi

248 4437 429 4526 00001010,
453 4457 572 4505 mense
594 4437 758 4522 martius,
784 4437 893 4503 tertia
915 4437 1121 4504 indictione.
1147 4435 1437 4504 memoratorium
1461 4436 1557 4503 factu
1581 4455 1674 4504 ame
1691 4441 1813 4522 petrus
1836 4439 2030 4524 presbiter,
2053 4459 2094 4506 eo

248 4591 337 4678 quod
355 4595 448 4660 'ante
472 4591 661 4674 subscripti
687 4593 795 4656 testes
819 4609 881 4675 per
906 4591 998 4656 bona
1022 4587 1281 4656 eombcnientia
1304 4608 1367 4674 per
1391 4589 1662 4656 demandatione
1686 4594 1722 4657 et
1745 4589 1937 4676 largietate
1961 4592 2093 4660 maioni

245 4743 433 4832 presbiteri
458 4747 494 4811 el
517 4743 639 4810 abbati
663 4741 809 4808 ecclesie
834 4742 949 4816 sancti
974 4741 1122 4808 maximi
1146 4741 1277 4808 tradidi
1303 4740 1451 4810 iohanni
1475 4743 1549 4809 filio
1572 4743 1715 4810 amandi
1740 4743 1783 4808 de
1808 4744 1921 4811 locum
1946 4749 2093 4813 nucerio

242 4899 372 4965 inclita
395 4901 497 4964 curte
521 4895 584 4963 illa
608 4915 687 4960 cum
711 4896 869 4978 arbust0,
893 4894 953 4978 qui
978 4893 1216 4980 pertinentem
1232 4899 1286 4961 est
1303 4894 1414 4980 ipsius
1437 4895 1584 4962 ecclesie
1608 4897 1726 4963 sancti
1751 4896 1903 4992 maximi
1921 4899 1963 4966 de
1982 4899 2095 4966 locum

242 5050 358 5136 agelle
382 5050 498 5117 eidem
522 5049 653 5116 finibus
677 5046 834 5130 nucerie,
859 5046 951 5132 quod
975 5063 1040 5130 ego
1064 5045 1102 5110 10
1128 5047 1340 5112 beneficium
1361 5050 1463 5113 teneo
1485 5046 1531 5112 da
1554 5065 1637 5132 pars
1661 5046 1774 5133 100100
1797 5049 1945 5117 ecclesie
1969 5069 2032 5136 per
2056 5072 2095 5120 ec

241 5206 326 5272 linis
350 5208 386 5272 et
412 5203 614 5290 mensariis:
629 5223 652 5270 a
668 5222 751 5289 pars
774 5201 1038 5288 septemtrionis
1062 5199 1133 5266 fine
1157 5201 1217 5267 bia
1233 5198 1376 5285 puplica
1400 5197 1463 5283 qui
1488 5200 1607 5286 pergit
1630 5201 1676 5266 ad
1701 5200 1775 5286 ipse
1793 5203 1887 5269 turri
1911 5207 1947 5270 et
1964 5205 2009 5272 ad
2026 5205 2093 5290 ipsi

242 5360 354 5444 pariti
375 5409 386 5445 ,
409 5363 494 5426 sunt
517 5359 600 5424 inde
624 5375 686 5443 per
711 5357 894 5422 mensoria
918 5353 1013 5439 passi
1047 5351 1253 5436 octoaginta
1283 5351 1375 5417 duo:
1409 5368 1430 5416 a
1454 5368 1538 5434 pars
1567 5349 1761 5418 occidentis
1785 5356 1956 5437 quomodo
1981 5359 2094 5452 limite

243 5517 278 5578 et
304 5531 386 5598 sepe
410 5511 595 5596 disceruit,
619 5511 689 5576 1100
712 5509 755 5575 de
778 5507 900 5574 eredes
923 5505 1153 5592 maghenolll,
1170 5505 1254 5572 inde
1277 5506 1374 5592 passi
1397 5504 1655 5591 quadraginta:
1674 5524 1696 5572 a
1712 5524 1795 5592 pars
1822 5507 1987 5596 meridie,
2011 5529 2096 5596 quo-

242 5666 342 5732 mode
366 5665 450 5752 poiu
475 5665 661 5748 discernit,
688 5662 770 5729 inde
794 5679 913 5748 passos
936 5658 1180 5747 quadraginta
1202 5657 1403 5744 quadtuor,
1435 5657 1640 5724 rebolbente
1671 5658 1832 5726 saliendo
1866 5661 1905 5727 10
1930 5664 2095 5748 partibus

242 5818 393 5886 meridie
417 5837 528 5904 usque
552 5819 596 5888 ad
622 5819 700 5904 ipso
725 5816 839 5883 limite
863 5819 946 5881 sunt
972 5813 1054 5880 inde
1086 5811 1181 5898 passi
1210 5809 1375 5878 similiter
1407 5810 1652 5910 quadraginta
1678 5811 1879 5900 quadtuor,
1912 5816 2043 5884 iterum
2073 5841 2095 5888 a
