<?xml version="1.0" encoding="UTF-8"?>
<!DOCTYPE html PUBLIC "-//W3C//DTD XHTML 1.0 Transitional//EN"
    "http://www.w3.org/TR/xhtml1/DTD/xhtml1-transitional.dtd">
<html xmlns="http://www.w3.org/1999/xhtml" xml:lang="en" lang="en">
 <head>
  <title>
</title>
<meta http-equiv="Content-Type" content="text/html;charset=utf-8" />
  <meta name='ocr-system' content='tesseract 3.04.00' />
  <meta name='ocr-capabilities' content='ocr_page ocr_carea ocr_par ocr_line ocrx_word'/>
</head>
<body>
  <div class='ocr_page' id='page_1' title='image "./codexdiplomatic05aragoog_0281.png"; bbox 0 0 5376 7104; ppageno 0'>
   <div class='ocr_carea' id='block_1_1' title="bbox 1301 512 1771 621">
    <p class='ocr_par' dir='ltr' id='par_1_1' title="bbox 1301 512 1771 621">
     <span class='ocr_line' id='line_1_1' title="bbox 1301 512 1771 621; baseline -0.002 -1"><span class='ocrx_word' id='word_1_1' title='bbox 1301 549 1473 621; x_wconf 79' lang='lat' dir='ltr'>corinx</span> <span class='ocrx_word' id='word_1_2' title='bbox 1507 512 1771 620; x_wconf 62' lang='lat' dir='ltr'>intrassis</span> 
     </span>
    </p>
   </div>
   <div class='ocr_carea' id='block_1_2' title="bbox 1345 987 1709 1071">
    <p class='ocr_par' dir='ltr' id='par_1_2' title="bbox 1345 987 1709 1071">
     <span class='ocr_line' id='line_1_2' title="bbox 1345 987 1709 1071; baseline -0.019 -1"><span class='ocrx_word' id='word_1_3' title='bbox 1345 987 1709 1071; x_wconf 84' lang='lat' dir='ltr'>DCLXXVII.</span> 
     </span>
    </p>
   </div>
   <div class='ocr_carea' id='block_1_3' title="bbox 1383 1245 1667 1326">
    <p class='ocr_par' dir='ltr' id='par_1_3' title="bbox 1383 1245 1667 1326">
     <span class='ocr_line' id='line_1_3' title="bbox 1383 1245 1667 1326; baseline -0.032 0"><span class='ocrx_word' id='word_1_4' title='bbox 1383 1253 1437 1326; x_wconf 92' lang='lat' dir='ltr'>A.</span> <span class='ocrx_word' id='word_1_5' title='bbox 1464 1248 1514 1324; x_wconf 89' lang='lat' dir='ltr'>D.</span> <span class='ocrx_word' id='word_1_6' title='bbox 1543 1245 1667 1326; x_wconf 84' lang='lat'>1014.</span> 
     </span>
    </p>
   </div>
   <div class='ocr_carea' id='block_1_4' title="bbox 594 1495 2451 5626">
    <p class='ocr_par' dir='ltr' id='par_1_4' title="bbox 594 1495 2451 5626">
     <span class='ocr_line' id='line_1_4' title="bbox 644 1495 2450 1634; baseline -0.009 -21"><span class='ocrx_word' id='word_1_7' title='bbox 644 1495 744 1634; x_wconf 61' lang='lat' dir='ltr'>†ln</span> <span class='ocrx_word' id='word_1_8' title='bbox 768 1547 911 1614; x_wconf 89' lang='lat' dir='ltr'>nomine</span> <span class='ocrx_word' id='word_1_9' title='bbox 935 1545 1071 1612; x_wconf 92' lang='lat' dir='ltr'>domini</span> <span class='ocrx_word' id='word_1_10' title='bbox 1099 1545 1270 1611; x_wconf 89' lang='lat' dir='ltr'>bicesimo</span> <span class='ocrx_word' id='word_1_11' title='bbox 1294 1547 1394 1610; x_wconf 83' lang='lat' dir='ltr'>sexto</span> <span class='ocrx_word' id='word_1_12' title='bbox 1419 1559 1514 1610; x_wconf 92' lang='lat' dir='ltr'>anno</span> <span class='ocrx_word' id='word_1_13' title='bbox 1538 1539 1765 1626; x_wconf 71' lang='lat' dir='ltr'>principatus</span> <span class='ocrx_word' id='word_1_14' title='bbox 1795 1535 1913 1605; x_wconf 88' lang='lat' dir='ltr'>domni</span> <span class='ocrx_word' id='word_1_15' title='bbox 1947 1537 2060 1603; x_wconf 79' lang='lat' dir='ltr'>nostri</span> <span class='ocrx_word' id='word_1_16' title='bbox 2089 1531 2271 1620; x_wconf 83' lang='lat' dir='ltr'>guaimari</span> <span class='ocrx_word' id='word_1_17' title='bbox 2297 1530 2450 1618; x_wconf 84' lang='lat' dir='ltr'>glorioso</span> 
     </span>
     <span class='ocr_line' id='line_1_5' title="bbox 600 1685 2446 1786; baseline -0.007 -22"><span class='ocrx_word' id='word_1_18' title='bbox 600 1699 777 1786; x_wconf 85' lang='lat' dir='ltr'>principe,</span> <span class='ocrx_word' id='word_1_19' title='bbox 802 1717 922 1766; x_wconf 89' lang='lat' dir='ltr'>mense</span> <span class='ocrx_word' id='word_1_20' title='bbox 946 1697 1068 1782; x_wconf 86' lang='lat' dir='ltr'>iulius,</span> <span class='ocrx_word' id='word_1_21' title='bbox 1094 1696 1299 1763; x_wconf 89' lang='lat' dir='ltr'>duodecima</span> <span class='ocrx_word' id='word_1_22' title='bbox 1324 1693 1530 1761; x_wconf 78' lang='lat' dir='ltr'>indictione.</span> <span class='ocrx_word' id='word_1_23' title='bbox 1563 1691 1854 1760; x_wconf 73' lang='lat' dir='ltr'>memoratorium</span> <span class='ocrx_word' id='word_1_24' title='bbox 1886 1691 1983 1758; x_wconf 82' lang='lat' dir='ltr'>lactu</span> <span class='ocrx_word' id='word_1_25' title='bbox 2013 1709 2036 1756; x_wconf 91' lang='lat' dir='ltr'>a</span> <span class='ocrx_word' id='word_1_26' title='bbox 2068 1689 2169 1755; x_wconf 90' lang='lat' dir='ltr'>nobis</span> <span class='ocrx_word' id='word_1_27' title='bbox 2200 1685 2446 1774; x_wconf 85' lang='lat' dir='ltr'>maghenoll&#39;us</span> 
     </span>
     <span class='ocr_line' id='line_1_6' title="bbox 601 1839 2447 1939; baseline -0.009 -18"><span class='ocrx_word' id='word_1_28' title='bbox 601 1855 776 1938; x_wconf 80' lang='lat' dir='ltr'>presbiter</span> <span class='ocrx_word' id='word_1_29' title='bbox 808 1857 845 1920; x_wconf 89' lang='lat' dir='ltr'>et</span> <span class='ocrx_word' id='word_1_30' title='bbox 877 1856 998 1939; x_wconf 89' lang='lat' dir='ltr'>petrus</span> <span class='ocrx_word' id='word_1_31' title='bbox 1028 1853 1191 1937; x_wconf 79' lang='lat' dir='ltr'>clericuS,</span> <span class='ocrx_word' id='word_1_32' title='bbox 1223 1869 1264 1917; x_wconf 93' lang='lat' dir='ltr'>eo</span> <span class='ocrx_word' id='word_1_33' title='bbox 1296 1850 1388 1936; x_wconf 88' lang='lat' dir='ltr'>quod</span> <span class='ocrx_word' id='word_1_34' title='bbox 1418 1852 1502 1916; x_wconf 90' lang='lat' dir='ltr'>anto</span> <span class='ocrx_word' id='word_1_35' title='bbox 1526 1847 1706 1933; x_wconf 80' lang='lat' dir='ltr'>presentia</span> <span class='ocrx_word' id='word_1_36' title='bbox 1730 1844 1863 1912; x_wconf 90' lang='lat' dir='ltr'>maioni</span> <span class='ocrx_word' id='word_1_37' title='bbox 1889 1843 2077 1930; x_wconf 83' lang='lat' dir='ltr'>presbiteri</span> <span class='ocrx_word' id='word_1_38' title='bbox 2102 1847 2137 1909; x_wconf 90' lang='lat' dir='ltr'>et</span> <span class='ocrx_word' id='word_1_39' title='bbox 2160 1840 2284 1909; x_wconf 90' lang='lat' dir='ltr'>abbati</span> <span class='ocrx_word' id='word_1_40' title='bbox 2302 1839 2447 1907; x_wconf 89' lang='lat' dir='ltr'>ecclesie</span> 
     </span>
     <span class='ocr_line' id='line_1_7' title="bbox 599 1993 2451 2091; baseline -0.006 -21"><span class='ocrx_word' id='word_1_41' title='bbox 599 2008 716 2074; x_wconf 88' lang='lat' dir='ltr'>sancti</span> <span class='ocrx_word' id='word_1_42' title='bbox 741 2007 904 2091; x_wconf 78' lang='lat' dir='ltr'>maximi,</span> <span class='ocrx_word' id='word_1_43' title='bbox 929 2011 964 2074; x_wconf 91' lang='lat' dir='ltr'>et</span> <span class='ocrx_word' id='word_1_44' title='bbox 987 2011 1071 2074; x_wconf 87' lang='lat' dir='ltr'>ante</span> <span class='ocrx_word' id='word_1_45' title='bbox 1095 2006 1172 2072; x_wconf 90' lang='lat' dir='ltr'>eius</span> <span class='ocrx_word' id='word_1_46' title='bbox 1197 2005 1379 2090; x_wconf 88' lang='lat' dir='ltr'>presentia</span> <span class='ocrx_word' id='word_1_47' title='bbox 1403 2001 1604 2072; x_wconf 88' lang='lat' dir='ltr'>astantibus</span> <span class='ocrx_word' id='word_1_48' title='bbox 1627 1999 1819 2084; x_wconf 82' lang='lat' dir='ltr'>subscripti</span> <span class='ocrx_word' id='word_1_49' title='bbox 1843 2001 1966 2082; x_wconf 59' lang='lat' dir='ltr'>testes</span> <span class='ocrx_word' id='word_1_50' title='bbox 1992 2015 2055 2081; x_wconf 88' lang='lat' dir='ltr'>per</span> <span class='ocrx_word' id='word_1_51' title='bbox 2073 1997 2166 2062; x_wconf 91' lang='lat' dir='ltr'>bona</span> <span class='ocrx_word' id='word_1_52' title='bbox 2182 1993 2451 2061; x_wconf 89' lang='lat' dir='ltr'>combenientia</span> 
     </span>
     <span class='ocr_line' id='line_1_8' title="bbox 599 2147 2444 2245; baseline -0.007 -20"><span class='ocrx_word' id='word_1_53' title='bbox 599 2179 662 2245; x_wconf 90' lang='lat' dir='ltr'>per</span> <span class='ocrx_word' id='word_1_54' title='bbox 685 2159 878 2226; x_wconf 89' lang='lat' dir='ltr'>iussionem</span> <span class='ocrx_word' id='word_1_55' title='bbox 903 2157 1016 2244; x_wconf 91' lang='lat' dir='ltr'>ipsius</span> <span class='ocrx_word' id='word_1_56' title='bbox 1040 2157 1175 2244; x_wconf 88' lang='lat' dir='ltr'>abbati,</span> <span class='ocrx_word' id='word_1_57' title='bbox 1200 2175 1272 2224; x_wconf 92' lang='lat' dir='ltr'>una</span> <span class='ocrx_word' id='word_1_58' title='bbox 1296 2155 1480 2221; x_wconf 90' lang='lat' dir='ltr'>nobiscum</span> <span class='ocrx_word' id='word_1_59' title='bbox 1503 2154 1641 2222; x_wconf 84' lang='lat' dir='ltr'>adesset</span> <span class='ocrx_word' id='word_1_60' title='bbox 1664 2158 1787 2240; x_wconf 88' lang='lat' dir='ltr'>petrus</span> <span class='ocrx_word' id='word_1_61' title='bbox 1811 2170 1927 2219; x_wconf 92' lang='lat' dir='ltr'>comes</span> <span class='ocrx_word' id='word_1_62' title='bbox 1952 2152 2014 2236; x_wconf 93' lang='lat' dir='ltr'>qui</span> <span class='ocrx_word' id='word_1_63' title='bbox 2039 2155 2092 2218; x_wconf 90' lang='lat' dir='ltr'>est</span> <span class='ocrx_word' id='word_1_64' title='bbox 2109 2167 2219 2216; x_wconf 92' lang='lat' dir='ltr'>unum</span> <span class='ocrx_word' id='word_1_65' title='bbox 2236 2149 2279 2215; x_wconf 91' lang='lat' dir='ltr'>de</span> <span class='ocrx_word' id='word_1_66' title='bbox 2296 2147 2444 2215; x_wconf 91' lang='lat' dir='ltr'>dominii</span> 
     </span>
     <span class='ocr_line' id='line_1_9' title="bbox 602 2305 2450 2401; baseline -0.006 -21"><span class='ocrx_word' id='word_1_67' title='bbox 602 2317 718 2401; x_wconf 89' lang='lat' dir='ltr'>ipsius</span> <span class='ocrx_word' id='word_1_68' title='bbox 743 2313 903 2398; x_wconf 85' lang='lat' dir='ltr'>ecclesie,</span> <span class='ocrx_word' id='word_1_69' title='bbox 934 2313 1149 2382; x_wconf 84' lang='lat' dir='ltr'>tradidimus</span> <span class='ocrx_word' id='word_1_70' title='bbox 1179 2311 1384 2397; x_wconf 88' lang='lat' dir='ltr'>rodelgrimi</span> <span class='ocrx_word' id='word_1_71' title='bbox 1409 2309 1480 2376; x_wconf 79' lang='lat' dir='ltr'>illio</span> <span class='ocrx_word' id='word_1_72' title='bbox 1504 2307 1653 2376; x_wconf 90' lang='lat' dir='ltr'>maraldi</span> <span class='ocrx_word' id='word_1_73' title='bbox 1681 2327 1753 2376; x_wconf 91' lang='lat' dir='ltr'>una</span> <span class='ocrx_word' id='word_1_74' title='bbox 1786 2307 1887 2394; x_wconf 89' lang='lat' dir='ltr'>pecia</span> <span class='ocrx_word' id='word_1_75' title='bbox 1916 2307 1959 2373; x_wconf 92' lang='lat' dir='ltr'>de</span> <span class='ocrx_word' id='word_1_76' title='bbox 1988 2311 2086 2374; x_wconf 90' lang='lat' dir='ltr'>terra</span> <span class='ocrx_word' id='word_1_77' title='bbox 2116 2323 2197 2370; x_wconf 90' lang='lat' dir='ltr'>cum</span> <span class='ocrx_word' id='word_1_78' title='bbox 2230 2305 2392 2388; x_wconf 89' lang='lat' dir='ltr'>arbusto,</span> <span class='ocrx_word' id='word_1_79' title='bbox 2417 2307 2450 2368; x_wconf 91' lang='lat' dir='ltr'>et</span> 
     </span>
     <span class='ocr_line' id='line_1_10' title="bbox 602 2432 2450 2553; baseline -0.006 -19"><span class='ocrx_word' id='word_1_80' title='bbox 602 2467 860 2535; x_wconf 85' lang='lat' dir='ltr'>abellanietum</span> <span class='ocrx_word' id='word_1_81' title='bbox 892 2487 971 2533; x_wconf 91' lang='lat' dir='ltr'>cum</span> <span class='ocrx_word' id='word_1_82' title='bbox 1004 2432 1182 2553; x_wconf 78' lang='lat' dir='ltr'>aliquanti</span> <span class='ocrx_word' id='word_1_83' title='bbox 1216 2465 1390 2552; x_wconf 85' lang='lat' dir='ltr'>castanei,</span> <span class='ocrx_word' id='word_1_84' title='bbox 1422 2465 1515 2551; x_wconf 91' lang='lat' dir='ltr'>quod</span> <span class='ocrx_word' id='word_1_85' title='bbox 1547 2482 1631 2550; x_wconf 90' lang='lat' dir='ltr'>pars</span> <span class='ocrx_word' id='word_1_86' title='bbox 1654 2460 1766 2548; x_wconf 91' lang='lat' dir='ltr'>ipsius</span> <span class='ocrx_word' id='word_1_87' title='bbox 1789 2462 1936 2529; x_wconf 89' lang='lat' dir='ltr'>ecclesie</span> <span class='ocrx_word' id='word_1_88' title='bbox 1959 2463 2042 2529; x_wconf 89' lang='lat' dir='ltr'>abet</span> <span class='ocrx_word' id='word_1_89' title='bbox 2064 2460 2103 2526; x_wconf 92' lang='lat' dir='ltr'>in</span> <span class='ocrx_word' id='word_1_90' title='bbox 2128 2461 2244 2524; x_wconf 92' lang='lat' dir='ltr'>locum</span> <span class='ocrx_word' id='word_1_91' title='bbox 2267 2461 2450 2540; x_wconf 86' lang='lat' dir='ltr'>muntoru,</span> 
     </span>
     <span class='ocr_line' id='line_1_11' title="bbox 598 2587 2447 2706; baseline -0.006 -20"><span class='ocrx_word' id='word_1_92' title='bbox 598 2621 660 2688; x_wconf 89' lang='lat' dir='ltr'>ubi</span> <span class='ocrx_word' id='word_1_93' title='bbox 685 2621 819 2688; x_wconf 90' lang='lat' dir='ltr'>cirione</span> <span class='ocrx_word' id='word_1_94' title='bbox 843 2621 988 2706; x_wconf 87' lang='lat' dir='ltr'>dicitur,</span> <span class='ocrx_word' id='word_1_95' title='bbox 1014 2587 1107 2706; x_wconf 89' lang='lat' dir='ltr'>quod</span> <span class='ocrx_word' id='word_1_96' title='bbox 1129 2638 1193 2686; x_wconf 91' lang='lat' dir='ltr'>nos</span> <span class='ocrx_word' id='word_1_97' title='bbox 1218 2618 1256 2684; x_wconf 90' lang='lat' dir='ltr'>in</span> <span class='ocrx_word' id='word_1_98' title='bbox 1279 2619 1491 2686; x_wconf 83' lang='lat' dir='ltr'>beneficium</span> <span class='ocrx_word' id='word_1_99' title='bbox 1522 2623 1684 2684; x_wconf 89' lang='lat' dir='ltr'>tenemus</span> <span class='ocrx_word' id='word_1_100' title='bbox 1706 2615 1751 2682; x_wconf 90' lang='lat' dir='ltr'>da</span> <span class='ocrx_word' id='word_1_101' title='bbox 1774 2632 1858 2700; x_wconf 88' lang='lat' dir='ltr'>pars</span> <span class='ocrx_word' id='word_1_102' title='bbox 1882 2613 1994 2699; x_wconf 90' lang='lat' dir='ltr'>ipsius</span> <span class='ocrx_word' id='word_1_103' title='bbox 2019 2631 2081 2698; x_wconf 89' lang='lat' dir='ltr'>per</span> <span class='ocrx_word' id='word_1_104' title='bbox 2106 2629 2145 2677; x_wconf 91' lang='lat' dir='ltr'>ec</span> <span class='ocrx_word' id='word_1_105' title='bbox 2169 2611 2251 2678; x_wconf 88' lang='lat' dir='ltr'>finis</span> <span class='ocrx_word' id='word_1_106' title='bbox 2282 2617 2321 2679; x_wconf 91' lang='lat' dir='ltr'>et</span> <span class='ocrx_word' id='word_1_107' title='bbox 2352 2630 2447 2678; x_wconf 92' lang='lat' dir='ltr'>men-</span> 
     </span>
     <span class='ocr_line' id='line_1_12' title="bbox 594 2765 2449 2858; baseline -0.004 -20"><span class='ocrx_word' id='word_1_108' title='bbox 594 2773 707 2842; x_wconf 90' lang='lat' dir='ltr'>suria:</span> <span class='ocrx_word' id='word_1_109' title='bbox 733 2773 775 2838; x_wconf 89' lang='lat' dir='ltr'>de</span> <span class='ocrx_word' id='word_1_110' title='bbox 799 2773 963 2840; x_wconf 82' lang='lat' dir='ltr'>exomni</span> <span class='ocrx_word' id='word_1_111' title='bbox 989 2791 1073 2858; x_wconf 89' lang='lat' dir='ltr'>pars</span> <span class='ocrx_word' id='word_1_112' title='bbox 1097 2771 1308 2837; x_wconf 89' lang='lat' dir='ltr'>ooniuntum</span> <span class='ocrx_word' id='word_1_113' title='bbox 1333 2774 1386 2836; x_wconf 90' lang='lat' dir='ltr'>est</span> <span class='ocrx_word' id='word_1_114' title='bbox 1409 2788 1491 2834; x_wconf 92' lang='lat' dir='ltr'>cum</span> <span class='ocrx_word' id='word_1_115' title='bbox 1516 2771 1586 2835; x_wconf 86' lang='lat' dir='ltr'>lino</span> <span class='ocrx_word' id='word_1_116' title='bbox 1611 2768 1722 2854; x_wconf 90' lang='lat' dir='ltr'>ipsius</span> <span class='ocrx_word' id='word_1_117' title='bbox 1745 2767 1917 2852; x_wconf 80' lang='lat' dir='ltr'>ecclesie3</span> <span class='ocrx_word' id='word_1_118' title='bbox 1948 2766 2099 2834; x_wconf 91' lang='lat' dir='ltr'>latitudo</span> <span class='ocrx_word' id='word_1_119' title='bbox 2123 2770 2177 2832; x_wconf 93' lang='lat' dir='ltr'>est</span> <span class='ocrx_word' id='word_1_120' title='bbox 2200 2765 2243 2832; x_wconf 92' lang='lat' dir='ltr'>do</span> <span class='ocrx_word' id='word_1_121' title='bbox 2268 2784 2342 2833; x_wconf 91' lang='lat' dir='ltr'>una</span> <span class='ocrx_word' id='word_1_122' title='bbox 2366 2785 2449 2852; x_wconf 86' lang='lat' dir='ltr'>pars</span> 
     </span>
     <span class='ocr_line' id='line_1_13' title="bbox 597 2919 2449 3010; baseline -0.003 -19"><span class='ocrx_word' id='word_1_123' title='bbox 597 2927 691 3010; x_wconf 93' lang='lat' dir='ltr'>quod</span> <span class='ocrx_word' id='word_1_124' title='bbox 713 2931 766 2994; x_wconf 90' lang='lat' dir='ltr'>est</span> <span class='ocrx_word' id='word_1_125' title='bbox 789 2927 835 2994; x_wconf 88' lang='lat' dir='ltr'>da</span> <span class='ocrx_word' id='word_1_126' title='bbox 859 2924 1021 3009; x_wconf 89' lang='lat' dir='ltr'>meridie,</span> <span class='ocrx_word' id='word_1_127' title='bbox 1045 2924 1140 3010; x_wconf 90' lang='lat' dir='ltr'>passi</span> <span class='ocrx_word' id='word_1_128' title='bbox 1164 2921 1297 3008; x_wconf 86' lang='lat' dir='ltr'>biginti</span> <span class='ocrx_word' id='word_1_129' title='bbox 1321 2925 1411 3006; x_wconf 89' lang='lat' dir='ltr'>octo;</span> <span class='ocrx_word' id='word_1_130' title='bbox 1437 2920 1619 3007; x_wconf 84' lang='lat' dir='ltr'>longitudo</span> <span class='ocrx_word' id='word_1_131' title='bbox 1642 2921 1685 2988; x_wconf 94' lang='lat' dir='ltr'>de</span> <span class='ocrx_word' id='word_1_132' title='bbox 1710 2939 1888 3007; x_wconf 88' lang='lat' dir='ltr'>unapars</span> <span class='ocrx_word' id='word_1_133' title='bbox 1918 2921 2010 3006; x_wconf 92' lang='lat' dir='ltr'>quod</span> <span class='ocrx_word' id='word_1_134' title='bbox 2033 2925 2087 2988; x_wconf 93' lang='lat' dir='ltr'>est</span> <span class='ocrx_word' id='word_1_135' title='bbox 2110 2921 2155 2989; x_wconf 88' lang='lat' dir='ltr'>ab</span> <span class='ocrx_word' id='word_1_136' title='bbox 2178 2919 2333 3004; x_wconf 87' lang='lat' dir='ltr'>oriente,</span> <span class='ocrx_word' id='word_1_137' title='bbox 2351 2919 2449 3005; x_wconf 79' lang='lat' dir='ltr'>passi</span> 
     </span>
     <span class='ocr_line' id='line_1_14' title="bbox 600 3073 2448 3168; baseline -0.002 -22"><span class='ocrx_word' id='word_1_138' title='bbox 600 3079 828 3168; x_wconf 82' lang='lat' dir='ltr'>septuaginta</span> <span class='ocrx_word' id='word_1_139' title='bbox 851 3080 932 3164; x_wconf 89' lang='lat' dir='ltr'>duo;</span> <span class='ocrx_word' id='word_1_140' title='bbox 950 3080 992 3146; x_wconf 92' lang='lat' dir='ltr'>de</span> <span class='ocrx_word' id='word_1_141' title='bbox 1015 3097 1120 3163; x_wconf 88' lang='lat' dir='ltr'>super</span> <span class='ocrx_word' id='word_1_142' title='bbox 1144 3077 1260 3162; x_wconf 89' lang='lat' dir='ltr'>capite</span> <span class='ocrx_word' id='word_1_143' title='bbox 1285 3074 1433 3144; x_wconf 88' lang='lat' dir='ltr'>latitudo</span> <span class='ocrx_word' id='word_1_144' title='bbox 1457 3074 1551 3160; x_wconf 87' lang='lat' dir='ltr'>passi</span> <span class='ocrx_word' id='word_1_145' title='bbox 1576 3073 1706 3161; x_wconf 88' lang='lat' dir='ltr'>biginti</span> <span class='ocrx_word' id='word_1_146' title='bbox 1732 3093 1809 3159; x_wconf 83' lang='lat' dir='ltr'>sex3</span> <span class='ocrx_word' id='word_1_147' title='bbox 1826 3075 1869 3141; x_wconf 90' lang='lat' dir='ltr'>de</span> <span class='ocrx_word' id='word_1_148' title='bbox 1886 3073 1956 3142; x_wconf 90' lang='lat' dir='ltr'>alio</span> <span class='ocrx_word' id='word_1_149' title='bbox 1973 3075 2085 3143; x_wconf 88' lang='lat' dir='ltr'>latere</span> <span class='ocrx_word' id='word_1_150' title='bbox 2100 3075 2196 3160; x_wconf 90' lang='lat' dir='ltr'>passi</span> <span class='ocrx_word' id='word_1_151' title='bbox 2215 3075 2448 3162; x_wconf 74' lang='lat' dir='ltr'>septuaginta</span> 
     </span>
     <span class='ocr_line' id='line_1_15' title="bbox 599 3227 2449 3320; baseline -0.002 -22"><span class='ocrx_word' id='word_1_152' title='bbox 599 3239 690 3320; x_wconf 91' lang='lat' dir='ltr'>octo,</span> <span class='ocrx_word' id='word_1_153' title='bbox 715 3237 827 3300; x_wconf 91' lang='lat' dir='ltr'>totum</span> <span class='ocrx_word' id='word_1_154' title='bbox 850 3233 894 3300; x_wconf 88' lang='lat' dir='ltr'>ad</span> <span class='ocrx_word' id='word_1_155' title='bbox 918 3231 1010 3299; x_wconf 89' lang='lat' dir='ltr'>iusto</span> <span class='ocrx_word' id='word_1_156' title='bbox 1033 3247 1175 3316; x_wconf 90' lang='lat' dir='ltr'>passum</span> <span class='ocrx_word' id='word_1_157' title='bbox 1199 3227 1310 3294; x_wconf 89' lang='lat' dir='ltr'>omini</span> <span class='ocrx_word' id='word_1_158' title='bbox 1333 3232 1595 3314; x_wconf 81' lang='lat' dir='ltr'>mensuratum3</span> <span class='ocrx_word' id='word_1_159' title='bbox 1621 3247 1660 3296; x_wconf 92' lang='lat' dir='ltr'>ec</span> <span class='ocrx_word' id='word_1_160' title='bbox 1683 3246 1767 3294; x_wconf 82' lang='lat' dir='ltr'>uero</span> <span class='ocrx_word' id='word_1_161' title='bbox 1791 3231 1897 3294; x_wconf 91' lang='lat' dir='ltr'>rebus</span> <span class='ocrx_word' id='word_1_162' title='bbox 1920 3247 1981 3313; x_wconf 90' lang='lat' dir='ltr'>per</span> <span class='ocrx_word' id='word_1_163' title='bbox 2006 3227 2172 3296; x_wconf 80' lang='lat' dir='ltr'>iamdicta</span> <span class='ocrx_word' id='word_1_164' title='bbox 2196 3228 2279 3296; x_wconf 85' lang='lat' dir='ltr'>linis</span> <span class='ocrx_word' id='word_1_165' title='bbox 2297 3233 2335 3297; x_wconf 92' lang='lat' dir='ltr'>et</span> <span class='ocrx_word' id='word_1_166' title='bbox 2351 3247 2449 3296; x_wconf 90' lang='lat' dir='ltr'>men-</span> 
     </span>
     <span class='ocr_line' id='line_1_16' title="bbox 599 3381 2448 3455; baseline -0.002 -2"><span class='ocrx_word' id='word_1_167' title='bbox 599 3386 696 3455; x_wconf 89' lang='lat' dir='ltr'>snrie</span> <span class='ocrx_word' id='word_1_168' title='bbox 719 3390 794 3454; x_wconf 91' lang='lat' dir='ltr'>tota</span> <span class='ocrx_word' id='word_1_169' title='bbox 817 3391 852 3452; x_wconf 91' lang='lat' dir='ltr'>et</span> <span class='ocrx_word' id='word_1_170' title='bbox 877 3383 1001 3450; x_wconf 90' lang='lat' dir='ltr'>inclita</span> <span class='ocrx_word' id='word_1_171' title='bbox 1024 3403 1104 3450; x_wconf 89' lang='lat' dir='ltr'>cum</span> <span class='ocrx_word' id='word_1_172' title='bbox 1126 3383 1247 3449; x_wconf 92' lang='lat' dir='ltr'>omnia</span> <span class='ocrx_word' id='word_1_173' title='bbox 1270 3381 1364 3449; x_wconf 91' lang='lat' dir='ltr'>intro</span> <span class='ocrx_word' id='word_1_174' title='bbox 1386 3399 1424 3448; x_wconf 92' lang='lat' dir='ltr'>se</span> <span class='ocrx_word' id='word_1_175' title='bbox 1447 3381 1636 3449; x_wconf 76' lang='lat' dir='ltr'>ababtibus</span> <span class='ocrx_word' id='word_1_176' title='bbox 1664 3387 1699 3448; x_wconf 92' lang='lat' dir='ltr'>et</span> <span class='ocrx_word' id='word_1_177' title='bbox 1722 3400 1804 3448; x_wconf 92' lang='lat' dir='ltr'>cum</span> <span class='ocrx_word' id='word_1_178' title='bbox 1829 3384 1906 3450; x_wconf 92' lang='lat' dir='ltr'>bice</span> <span class='ocrx_word' id='word_1_179' title='bbox 1929 3383 1971 3449; x_wconf 92' lang='lat' dir='ltr'>de</span> <span class='ocrx_word' id='word_1_180' title='bbox 1997 3385 2057 3450; x_wconf 90' lang='lat' dir='ltr'>bia</span> <span class='ocrx_word' id='word_1_181' title='bbox 2080 3401 2145 3450; x_wconf 88' lang='lat' dir='ltr'>sua</span> <span class='ocrx_word' id='word_1_182' title='bbox 2169 3384 2339 3451; x_wconf 89' lang='lat' dir='ltr'>inclitum</span> <span class='ocrx_word' id='word_1_183' title='bbox 2366 3382 2448 3452; x_wconf 92' lang='lat' dir='ltr'>illut</span> 
     </span>
     <span class='ocr_line' id='line_1_17' title="bbox 601 3535 2448 3623; baseline -0.002 -17"><span class='ocrx_word' id='word_1_184' title='bbox 601 3542 632 3606; x_wconf 86' lang='lat' dir='ltr'>oi</span> <span class='ocrx_word' id='word_1_185' title='bbox 659 3541 703 3611; x_wconf 89' lang='lat' dir='ltr'>ad</span> <span class='ocrx_word' id='word_1_186' title='bbox 727 3538 920 3606; x_wconf 91' lang='lat' dir='ltr'>tenendum</span> <span class='ocrx_word' id='word_1_187' title='bbox 943 3541 978 3604; x_wconf 90' lang='lat' dir='ltr'>et</span> <span class='ocrx_word' id='word_1_188' title='bbox 1002 3537 1237 3605; x_wconf 89' lang='lat' dir='ltr'>laborandum</span> <span class='ocrx_word' id='word_1_189' title='bbox 1260 3535 1485 3622; x_wconf 79' lang='lat' dir='ltr'>tradidimuS,</span> <span class='ocrx_word' id='word_1_190' title='bbox 1511 3535 1575 3603; x_wconf 93' lang='lat' dir='ltr'>tali</span> <span class='ocrx_word' id='word_1_191' title='bbox 1600 3535 1736 3622; x_wconf 89' lang='lat' dir='ltr'>ordine,</span> <span class='ocrx_word' id='word_1_192' title='bbox 1762 3541 1801 3603; x_wconf 91' lang='lat' dir='ltr'>ut</span> <span class='ocrx_word' id='word_1_193' title='bbox 1825 3536 1949 3604; x_wconf 87' lang='lat' dir='ltr'>amodo</span> <span class='ocrx_word' id='word_1_194' title='bbox 1973 3541 2009 3604; x_wconf 92' lang='lat' dir='ltr'>et</span> <span class='ocrx_word' id='word_1_195' title='bbox 2025 3553 2163 3623; x_wconf 90' lang='lat' dir='ltr'>semper</span> <span class='ocrx_word' id='word_1_196' title='bbox 2179 3555 2242 3604; x_wconf 90' lang='lat' dir='ltr'>sue</span> <span class='ocrx_word' id='word_1_197' title='bbox 2258 3537 2448 3622; x_wconf 89' lang='lat' dir='ltr'>potestatis</span> 
     </span>
     <span class='ocr_line' id='line_1_18' title="bbox 602 3687 2444 3774; baseline -0.002 -16"><span class='ocrx_word' id='word_1_198' title='bbox 602 3693 686 3760; x_wconf 90' lang='lat' dir='ltr'>illut</span> <span class='ocrx_word' id='word_1_199' title='bbox 708 3695 829 3760; x_wconf 89' lang='lat' dir='ltr'>tenere</span> <span class='ocrx_word' id='word_1_200' title='bbox 854 3693 890 3758; x_wconf 88' lang='lat' dir='ltr'>et</span> <span class='ocrx_word' id='word_1_201' title='bbox 913 3689 1113 3774; x_wconf 85' lang='lat' dir='ltr'>dominare,</span> <span class='ocrx_word' id='word_1_202' title='bbox 1137 3692 1173 3755; x_wconf 91' lang='lat' dir='ltr'>et</span> <span class='ocrx_word' id='word_1_203' title='bbox 1195 3689 1315 3756; x_wconf 81' lang='lat' dir='ltr'>fobeas</span> <span class='ocrx_word' id='word_1_204' title='bbox 1338 3691 1374 3754; x_wconf 89' lang='lat' dir='ltr'>et</span> <span class='ocrx_word' id='word_1_205' title='bbox 1395 3687 1510 3754; x_wconf 93' lang='lat' dir='ltr'>omnis</span> <span class='ocrx_word' id='word_1_206' title='bbox 1533 3706 1598 3756; x_wconf 94' lang='lat' dir='ltr'>sua</span> <span class='ocrx_word' id='word_1_207' title='bbox 1623 3688 1782 3758; x_wconf 88' lang='lat' dir='ltr'>utilitate</span> <span class='ocrx_word' id='word_1_208' title='bbox 1799 3689 1931 3758; x_wconf 90' lang='lat' dir='ltr'>ibidem</span> <span class='ocrx_word' id='word_1_209' title='bbox 1946 3689 2061 3757; x_wconf 85' lang='lat' dir='ltr'>lacere</span> <span class='ocrx_word' id='word_1_210' title='bbox 2078 3689 2138 3755; x_wconf 92' lang='lat' dir='ltr'>ille</span> <span class='ocrx_word' id='word_1_211' title='bbox 2153 3692 2190 3756; x_wconf 90' lang='lat' dir='ltr'>et</span> <span class='ocrx_word' id='word_1_212' title='bbox 2210 3706 2291 3755; x_wconf 89' lang='lat' dir='ltr'>suos</span> <span class='ocrx_word' id='word_1_213' title='bbox 2308 3688 2444 3774; x_wconf 88' lang='lat' dir='ltr'>eredes,</span> 
     </span>
     <span class='ocr_line' id='line_1_19' title="bbox 602 3841 2447 3930; baseline 0.001 -20"><span class='ocrx_word' id='word_1_214' title='bbox 602 3853 639 3912; x_wconf 88' lang='lat' dir='ltr'>ot</span> <span class='ocrx_word' id='word_1_215' title='bbox 661 3845 757 3912; x_wconf 93' lang='lat' dir='ltr'>omni</span> <span class='ocrx_word' id='word_1_216' title='bbox 782 3848 939 3930; x_wconf 91' lang='lat' dir='ltr'>temporo</span> <span class='ocrx_word' id='word_1_217' title='bbox 964 3845 1070 3910; x_wconf 88' lang='lat' dir='ltr'>rebus</span> <span class='ocrx_word' id='word_1_218' title='bbox 1094 3841 1184 3928; x_wconf 87' lang='lat' dir='ltr'>ipsa,</span> <span class='ocrx_word' id='word_1_219' title='bbox 1209 3842 1270 3908; x_wconf 91' lang='lat' dir='ltr'>ubi</span> <span class='ocrx_word' id='word_1_220' title='bbox 1295 3843 1481 3927; x_wconf 87' lang='lat' dir='ltr'>meruerit,</span> <span class='ocrx_word' id='word_1_221' title='bbox 1505 3842 1641 3909; x_wconf 91' lang='lat' dir='ltr'>clusam</span> <span class='ocrx_word' id='word_1_222' title='bbox 1666 3844 1827 3927; x_wconf 89' lang='lat' dir='ltr'>aberent,</span> <span class='ocrx_word' id='word_1_223' title='bbox 1859 3846 1908 3928; x_wconf 90' lang='lat' dir='ltr'>et,</span> <span class='ocrx_word' id='word_1_224' title='bbox 1941 3841 2002 3909; x_wconf 92' lang='lat' dir='ltr'>ubi</span> <span class='ocrx_word' id='word_1_225' title='bbox 2031 3845 2216 3930; x_wconf 90' lang='lat' dir='ltr'>meruerit,</span> <span class='ocrx_word' id='word_1_226' title='bbox 2248 3845 2346 3914; x_wconf 86' lang='lat' dir='ltr'>infra</span> <span class='ocrx_word' id='word_1_227' title='bbox 2375 3848 2447 3912; x_wconf 86' lang='lat' dir='ltr'>tota</span> 
     </span>
     <span class='ocr_line' id='line_1_20' title="bbox 605 3995 2448 4086; baseline -0.001 -20"><span class='ocrx_word' id='word_1_228' title='bbox 605 4001 614 4066; x_wconf 93' lang='lat' dir='ltr'>i</span> <span class='ocrx_word' id='word_1_229' title='bbox 621 4019 685 4086; x_wconf 89' lang='lat' dir='ltr'>psa</span> <span class='ocrx_word' id='word_1_230' title='bbox 708 4000 814 4066; x_wconf 87' lang='lat' dir='ltr'>rebus</span> <span class='ocrx_word' id='word_1_231' title='bbox 839 3999 984 4066; x_wconf 87' lang='lat' dir='ltr'>arbores</span> <span class='ocrx_word' id='word_1_232' title='bbox 1007 3999 1043 4062; x_wconf 92' lang='lat' dir='ltr'>et</span> <span class='ocrx_word' id='word_1_233' title='bbox 1067 3995 1157 4062; x_wconf 92' lang='lat' dir='ltr'>bites</span> <span class='ocrx_word' id='word_1_234' title='bbox 1181 3995 1388 4080; x_wconf 88' lang='lat' dir='ltr'>plantarent</span> <span class='ocrx_word' id='word_1_235' title='bbox 1411 3999 1446 4062; x_wconf 91' lang='lat' dir='ltr'>et</span> <span class='ocrx_word' id='word_1_236' title='bbox 1470 3995 1647 4080; x_wconf 90' lang='lat' dir='ltr'>abellane‚</span> <span class='ocrx_word' id='word_1_237' title='bbox 1671 3999 1708 4062; x_wconf 93' lang='lat' dir='ltr'>et</span> <span class='ocrx_word' id='word_1_238' title='bbox 1731 3995 1935 4064; x_wconf 89' lang='lat' dir='ltr'>annualiter</span> <span class='ocrx_word' id='word_1_239' title='bbox 1959 3998 2039 4063; x_wconf 89' lang='lat' dir='ltr'>acto</span> <span class='ocrx_word' id='word_1_240' title='bbox 2062 3999 2219 4083; x_wconf 88' lang='lat' dir='ltr'>ternpore</span> <span class='ocrx_word' id='word_1_241' title='bbox 2243 4002 2320 4067; x_wconf 88' lang='lat' dir='ltr'>tota</span> <span class='ocrx_word' id='word_1_242' title='bbox 2344 4001 2448 4068; x_wconf 93' lang='lat' dir='ltr'>rebus</span> 
     </span>
     <span class='ocr_line' id='line_1_21' title="bbox 602 4147 2444 4240; baseline 0.001 -20"><span class='ocrx_word' id='word_1_243' title='bbox 602 4155 681 4240; x_wconf 93' lang='lat' dir='ltr'>ipsa</span> <span class='ocrx_word' id='word_1_244' title='bbox 705 4153 909 4221; x_wconf 89' lang='lat' dir='ltr'>laborarent</span> <span class='ocrx_word' id='word_1_245' title='bbox 932 4154 967 4217; x_wconf 93' lang='lat' dir='ltr'>et</span> <span class='ocrx_word' id='word_1_246' title='bbox 989 4149 1168 4218; x_wconf 90' lang='lat' dir='ltr'>cultarent</span> <span class='ocrx_word' id='word_1_247' title='bbox 1190 4148 1232 4214; x_wconf 93' lang='lat' dir='ltr'>de</span> <span class='ocrx_word' id='word_1_248' title='bbox 1256 4163 1362 4233; x_wconf 86' lang='lat' dir='ltr'>super</span> <span class='ocrx_word' id='word_1_249' title='bbox 1385 4151 1421 4215; x_wconf 90' lang='lat' dir='ltr'>et</span> <span class='ocrx_word' id='word_1_250' title='bbox 1450 4147 1494 4214; x_wconf 93' lang='lat' dir='ltr'>de</span> <span class='ocrx_word' id='word_1_251' title='bbox 1521 4151 1664 4235; x_wconf 88' lang='lat' dir='ltr'>subter,</span> <span class='ocrx_word' id='word_1_252' title='bbox 1689 4149 1782 4218; x_wconf 89' lang='lat' dir='ltr'>sicut</span> <span class='ocrx_word' id='word_1_253' title='bbox 1809 4150 1906 4216; x_wconf 89' lang='lat' dir='ltr'>locus</span> <span class='ocrx_word' id='word_1_254' title='bbox 1937 4151 2012 4234; x_wconf 89' lang='lat' dir='ltr'>ipse</span> <span class='ocrx_word' id='word_1_255' title='bbox 2042 4151 2234 4238; x_wconf 88' lang='lat' dir='ltr'>meruerit,</span> <span class='ocrx_word' id='word_1_256' title='bbox 2266 4157 2444 4239; x_wconf 86' lang='lat' dir='ltr'>quatenus</span> 
     </span>
     <span class='ocr_line' id='line_1_22' title="bbox 602 4297 2444 4393; baseline 0.002 -23"><span class='ocrx_word' id='word_1_257' title='bbox 602 4302 773 4392; x_wconf 88' lang='lat' dir='ltr'>proficiad</span> <span class='ocrx_word' id='word_1_258' title='bbox 797 4306 833 4370; x_wconf 92' lang='lat' dir='ltr'>et</span> <span class='ocrx_word' id='word_1_259' title='bbox 856 4319 926 4367; x_wconf 88' lang='lat' dir='ltr'>non</span> <span class='ocrx_word' id='word_1_260' title='bbox 950 4298 1146 4386; x_wconf 89' lang='lat' dir='ltr'>dispercad,</span> <span class='ocrx_word' id='word_1_261' title='bbox 1171 4301 1207 4366; x_wconf 90' lang='lat' dir='ltr'>et</span> <span class='ocrx_word' id='word_1_262' title='bbox 1230 4316 1292 4384; x_wconf 91' lang='lat' dir='ltr'>per</span> <span class='ocrx_word' id='word_1_263' title='bbox 1308 4302 1464 4384; x_wconf 89' lang='lat' dir='ltr'>tempore</span> <span class='ocrx_word' id='word_1_264' title='bbox 1481 4297 1556 4384; x_wconf 91' lang='lat' dir='ltr'>ipso</span> <span class='ocrx_word' id='word_1_265' title='bbox 1571 4297 1826 4368; x_wconf 85' lang='lat' dir='ltr'>abellanietum</span> <span class='ocrx_word' id='word_1_266' title='bbox 1841 4299 2065 4386; x_wconf 86' lang='lat' dir='ltr'>colligerent,</span> <span class='ocrx_word' id='word_1_267' title='bbox 2081 4305 2117 4368; x_wconf 90' lang='lat' dir='ltr'>et</span> <span class='ocrx_word' id='word_1_268' title='bbox 2141 4303 2287 4372; x_wconf 85' lang='lat' dir='ltr'>tertiam</span> <span class='ocrx_word' id='word_1_269' title='bbox 2306 4313 2444 4393; x_wconf 88' lang='lat' dir='ltr'>partem</span> 
     </span>
     <span class='ocr_line' id='line_1_23' title="bbox 600 4450 2442 4542; baseline 0.004 -18"><span class='ocrx_word' id='word_1_270' title='bbox 600 4457 644 4524; x_wconf 92' lang='lat' dir='ltr'>de</span> <span class='ocrx_word' id='word_1_271' title='bbox 666 4458 742 4542; x_wconf 91' lang='lat' dir='ltr'>ipse</span> <span class='ocrx_word' id='word_1_272' title='bbox 766 4454 929 4524; x_wconf 89' lang='lat' dir='ltr'>abellane</span> <span class='ocrx_word' id='word_1_273' title='bbox 951 4454 1075 4522; x_wconf 89' lang='lat' dir='ltr'>seccbe</span> <span class='ocrx_word' id='word_1_274' title='bbox 1098 4450 1199 4518; x_wconf 91' lang='lat' dir='ltr'>nobis</span> <span class='ocrx_word' id='word_1_275' title='bbox 1221 4451 1276 4518; x_wconf 88' lang='lat' dir='ltr'>vel</span> <span class='ocrx_word' id='word_1_276' title='bbox 1299 4450 1338 4517; x_wconf 90' lang='lat' dir='ltr'>in</span> <span class='ocrx_word' id='word_1_277' title='bbox 1360 4471 1444 4538; x_wconf 90' lang='lat' dir='ltr'>pars</span> <span class='ocrx_word' id='word_1_278' title='bbox 1467 4453 1580 4538; x_wconf 91' lang='lat' dir='ltr'>ipsius</span> <span class='ocrx_word' id='word_1_279' title='bbox 1600 4453 1746 4522; x_wconf 89' lang='lat' dir='ltr'>ecclesie</span> <span class='ocrx_word' id='word_1_280' title='bbox 1769 4453 1852 4521; x_wconf 88' lang='lat' dir='ltr'>inde</span> <span class='ocrx_word' id='word_1_281' title='bbox 1876 4453 1983 4540; x_wconf 88' lang='lat' dir='ltr'>dare,</span> <span class='ocrx_word' id='word_1_282' title='bbox 2015 4459 2051 4524; x_wconf 92' lang='lat' dir='ltr'>et</span> <span class='ocrx_word' id='word_1_283' title='bbox 2084 4453 2150 4524; x_wconf 89' lang='lat' dir='ltr'>sibi</span> <span class='ocrx_word' id='word_1_284' title='bbox 2182 4461 2314 4529; x_wconf 84' lang='lat' dir='ltr'>exinde</span> <span class='ocrx_word' id='word_1_285' title='bbox 2337 4465 2442 4532; x_wconf 85' lang='lat' dir='ltr'>abere</span> 
     </span>
     <span class='ocr_line' id='line_1_24' title="bbox 600 4605 2442 4702; baseline 0.005 -27"><span class='ocrx_word' id='word_1_286' title='bbox 600 4610 669 4676; x_wconf 93' lang='lat' dir='ltr'>due</span> <span class='ocrx_word' id='word_1_287' title='bbox 693 4609 809 4694; x_wconf 88' lang='lat' dir='ltr'>sortis;</span> <span class='ocrx_word' id='word_1_288' title='bbox 833 4614 869 4676; x_wconf 91' lang='lat' dir='ltr'>et</span> <span class='ocrx_word' id='word_1_289' title='bbox 891 4627 954 4694; x_wconf 90' lang='lat' dir='ltr'>per</span> <span class='ocrx_word' id='word_1_290' title='bbox 978 4611 1134 4694; x_wconf 88' lang='lat' dir='ltr'>tempore</span> <span class='ocrx_word' id='word_1_291' title='bbox 1159 4605 1202 4673; x_wconf 90' lang='lat' dir='ltr'>de</span> <span class='ocrx_word' id='word_1_292' title='bbox 1226 4605 1403 4673; x_wconf 91' lang='lat' dir='ltr'>bindemie</span> <span class='ocrx_word' id='word_1_293' title='bbox 1426 4605 1486 4672; x_wconf 91' lang='lat' dir='ltr'>ille</span> <span class='ocrx_word' id='word_1_294' title='bbox 1510 4611 1546 4674; x_wconf 94' lang='lat' dir='ltr'>et</span> <span class='ocrx_word' id='word_1_295' title='bbox 1568 4623 1649 4672; x_wconf 89' lang='lat' dir='ltr'>suos</span> <span class='ocrx_word' id='word_1_296' title='bbox 1671 4606 1793 4675; x_wconf 87' lang='lat' dir='ltr'>eredes</span> <span class='ocrx_word' id='word_1_297' title='bbox 1817 4607 1935 4676; x_wconf 84' lang='lat' dir='ltr'>faciad</span> <span class='ocrx_word' id='word_1_298' title='bbox 1958 4627 2022 4677; x_wconf 90' lang='lat' dir='ltr'>nos</span> <span class='ocrx_word' id='word_1_299' title='bbox 2053 4611 2107 4678; x_wconf 91' lang='lat' dir='ltr'>vel</span> <span class='ocrx_word' id='word_1_300' title='bbox 2133 4631 2218 4698; x_wconf 89' lang='lat' dir='ltr'>pars</span> <span class='ocrx_word' id='word_1_301' title='bbox 2251 4615 2365 4702; x_wconf 89' lang='lat' dir='ltr'>ipsius</span> <span class='ocrx_word' id='word_1_302' title='bbox 2388 4635 2442 4686; x_wconf 90' lang='lat' dir='ltr'>ec-</span> 
     </span>
     <span class='ocr_line' id='line_1_25' title="bbox 601 4758 2444 4851; baseline 0.008 -23"><span class='ocrx_word' id='word_1_303' title='bbox 601 4763 708 4828; x_wconf 88' lang='lat' dir='ltr'>clesie</span> <span class='ocrx_word' id='word_1_304' title='bbox 731 4761 836 4846; x_wconf 89' lang='lat' dir='ltr'>scire,</span> <span class='ocrx_word' id='word_1_305' title='bbox 862 4765 903 4827; x_wconf 88' lang='lat' dir='ltr'>ut</span> <span class='ocrx_word' id='word_1_306' title='bbox 928 4760 1058 4827; x_wconf 88' lang='lat' dir='ltr'>ibidem</span> <span class='ocrx_word' id='word_1_307' title='bbox 1081 4759 1280 4847; x_wconf 86' lang='lat' dir='ltr'>dirigamus</span> <span class='ocrx_word' id='word_1_308' title='bbox 1302 4758 1450 4826; x_wconf 91' lang='lat' dir='ltr'>missum</span> <span class='ocrx_word' id='word_1_309' title='bbox 1474 4763 1647 4847; x_wconf 90' lang='lat' dir='ltr'>nostrum,</span> <span class='ocrx_word' id='word_1_310' title='bbox 1669 4764 1705 4828; x_wconf 91' lang='lat' dir='ltr'>et</span> <span class='ocrx_word' id='word_1_311' title='bbox 1729 4761 1802 4829; x_wconf 91' lang='lat' dir='ltr'>illis</span> <span class='ocrx_word' id='word_1_312' title='bbox 1824 4767 1936 4832; x_wconf 92' lang='lat' dir='ltr'>totum</span> <span class='ocrx_word' id='word_1_313' title='bbox 1952 4765 2027 4851; x_wconf 90' lang='lat' dir='ltr'>ipso</span> <span class='ocrx_word' id='word_1_314' title='bbox 2044 4769 2230 4836; x_wconf 91' lang='lat' dir='ltr'>arbustum</span> <span class='ocrx_word' id='word_1_315' title='bbox 2247 4768 2444 4842; x_wconf 69' lang='lat' dir='ltr'>bindemien</span> 
     </span>
     <span class='ocr_line' id='line_1_26' title="bbox 603 4911 2446 5012; baseline 0.008 -33"><span class='ocrx_word' id='word_1_316' title='bbox 603 4919 696 5000; x_wconf 88' lang='lat' dir='ltr'>rent,</span> <span class='ocrx_word' id='word_1_317' title='bbox 721 4916 757 4982; x_wconf 92' lang='lat' dir='ltr'>et</span> <span class='ocrx_word' id='word_1_318' title='bbox 780 4914 895 4980; x_wconf 90' lang='lat' dir='ltr'>omnis</span> <span class='ocrx_word' id='word_1_319' title='bbox 917 4915 1041 4981; x_wconf 91' lang='lat' dir='ltr'>binum</span> <span class='ocrx_word' id='word_1_320' title='bbox 1064 4919 1100 4982; x_wconf 90' lang='lat' dir='ltr'>et</span> <span class='ocrx_word' id='word_1_321' title='bbox 1122 4931 1226 4999; x_wconf 90' lang='lat' dir='ltr'>poma</span> <span class='ocrx_word' id='word_1_322' title='bbox 1249 4932 1317 4999; x_wconf 90' lang='lat' dir='ltr'>que</span> <span class='ocrx_word' id='word_1_323' title='bbox 1341 4911 1473 4981; x_wconf 88' lang='lat' dir='ltr'>ibidem</span> <span class='ocrx_word' id='word_1_324' title='bbox 1497 4917 1595 5000; x_wconf 84' lang='lat' dir='ltr'>sunt,</span> <span class='ocrx_word' id='word_1_325' title='bbox 1620 4912 1659 4979; x_wconf 92' lang='lat' dir='ltr'>in</span> <span class='ocrx_word' id='word_1_326' title='bbox 1684 4911 1830 4982; x_wconf 89' lang='lat' dir='ltr'>tertiam</span> <span class='ocrx_word' id='word_1_327' title='bbox 1854 4921 1993 5001; x_wconf 88' lang='lat' dir='ltr'>partem</span> <span class='ocrx_word' id='word_1_328' title='bbox 2011 4937 2074 5004; x_wconf 90' lang='lat' dir='ltr'>per</span> <span class='ocrx_word' id='word_1_329' title='bbox 2093 4923 2252 5009; x_wconf 87' lang='lat' dir='ltr'>tempore</span> <span class='ocrx_word' id='word_1_330' title='bbox 2268 4924 2388 5012; x_wconf 88' lang='lat' dir='ltr'>ibique</span> <span class='ocrx_word' id='word_1_331' title='bbox 2403 4927 2446 4995; x_wconf 91' lang='lat' dir='ltr'>ad</span> 
     </span>
     <span class='ocr_line' id='line_1_27' title="bbox 602 5067 2445 5166; baseline 0.006 -29"><span class='ocrx_word' id='word_1_332' title='bbox 602 5068 825 5156; x_wconf 87' lang='lat' dir='ltr'>palmentum</span> <span class='ocrx_word' id='word_1_333' title='bbox 848 5067 1062 5137; x_wconf 89' lang='lat' dir='ltr'>dibidamus:</span> <span class='ocrx_word' id='word_1_334' title='bbox 1087 5087 1150 5137; x_wconf 89' lang='lat' dir='ltr'>nos</span> <span class='ocrx_word' id='word_1_335' title='bbox 1173 5068 1228 5136; x_wconf 88' lang='lat' dir='ltr'>vel</span> <span class='ocrx_word' id='word_1_336' title='bbox 1251 5086 1334 5155; x_wconf 85' lang='lat' dir='ltr'>pars</span> <span class='ocrx_word' id='word_1_337' title='bbox 1359 5067 1470 5156; x_wconf 90' lang='lat' dir='ltr'>ipsius</span> <span class='ocrx_word' id='word_1_338' title='bbox 1493 5068 1640 5137; x_wconf 89' lang='lat' dir='ltr'>ecclesie</span> <span class='ocrx_word' id='word_1_339' title='bbox 1663 5069 1830 5138; x_wconf 90' lang='lat' dir='ltr'>tollamus</span> <span class='ocrx_word' id='word_1_340' title='bbox 1845 5072 1976 5142; x_wconf 83' lang='lat' dir='ltr'>exinde</span> <span class='ocrx_word' id='word_1_341' title='bbox 1992 5074 2139 5143; x_wconf 87' lang='lat' dir='ltr'>tertiam</span> <span class='ocrx_word' id='word_1_342' title='bbox 2154 5083 2306 5166; x_wconf 88' lang='lat' dir='ltr'>partem,</span> <span class='ocrx_word' id='word_1_343' title='bbox 2322 5085 2359 5148; x_wconf 89' lang='lat' dir='ltr'>et</span> <span class='ocrx_word' id='word_1_344' title='bbox 2376 5080 2445 5147; x_wconf 87' lang='lat' dir='ltr'>illis</span> 
     </span>
     <span class='ocr_line' id='line_1_28' title="bbox 603 5221 2445 5318; baseline 0.005 -28"><span class='ocrx_word' id='word_1_345' title='bbox 603 5225 673 5291; x_wconf 90' lang='lat' dir='ltr'>due</span> <span class='ocrx_word' id='word_1_346' title='bbox 696 5223 822 5309; x_wconf 82' lang='lat' dir='ltr'>sortis3</span> <span class='ocrx_word' id='word_1_347' title='bbox 847 5223 983 5308; x_wconf 89' lang='lat' dir='ltr'>etipsa</span> <span class='ocrx_word' id='word_1_348' title='bbox 1007 5227 1131 5291; x_wconf 90' lang='lat' dir='ltr'>nostra</span> <span class='ocrx_word' id='word_1_349' title='bbox 1155 5223 1309 5290; x_wconf 88' lang='lat' dir='ltr'>sortione</span> <span class='ocrx_word' id='word_1_350' title='bbox 1333 5221 1376 5289; x_wconf 89' lang='lat' dir='ltr'>de</span> <span class='ocrx_word' id='word_1_351' title='bbox 1400 5221 1474 5308; x_wconf 90' lang='lat' dir='ltr'>ipso</span> <span class='ocrx_word' id='word_1_352' title='bbox 1497 5221 1621 5288; x_wconf 91' lang='lat' dir='ltr'>binum</span> <span class='ocrx_word' id='word_1_353' title='bbox 1647 5221 1719 5288; x_wconf 91' lang='lat' dir='ltr'>illis</span> <span class='ocrx_word' id='word_1_354' title='bbox 1742 5240 1800 5290; x_wconf 91' lang='lat' dir='ltr'>eos</span> <span class='ocrx_word' id='word_1_355' title='bbox 1822 5222 1954 5292; x_wconf 90' lang='lat' dir='ltr'>ibidem</span> <span class='ocrx_word' id='word_1_356' title='bbox 1977 5244 2148 5313; x_wconf 88' lang='lat' dir='ltr'>reponere</span> <span class='ocrx_word' id='word_1_357' title='bbox 2171 5231 2211 5297; x_wconf 91' lang='lat' dir='ltr'>in</span> <span class='ocrx_word' id='word_1_358' title='bbox 2235 5248 2445 5318; x_wconf 83' lang='lat' dir='ltr'>organeum,</span> 
     </span>
     <span class='ocr_line' id='line_1_29' title="bbox 601 5367 2447 5472; baseline 0.005 -28"><span class='ocrx_word' id='word_1_359' title='bbox 601 5395 707 5464; x_wconf 89' lang='lat' dir='ltr'>quem</span> <span class='ocrx_word' id='word_1_360' title='bbox 730 5395 794 5446; x_wconf 93' lang='lat' dir='ltr'>nos</span> <span class='ocrx_word' id='word_1_361' title='bbox 817 5379 870 5446; x_wconf 89' lang='lat' dir='ltr'>eis</span> <span class='ocrx_word' id='word_1_362' title='bbox 892 5377 1024 5446; x_wconf 90' lang='lat' dir='ltr'>ibidem</span> <span class='ocrx_word' id='word_1_363' title='bbox 1047 5375 1395 5462; x_wconf 86' lang='lat' dir='ltr'>adsingnaberimus,</span> <span class='ocrx_word' id='word_1_364' title='bbox 1420 5395 1482 5462; x_wconf 89' lang='lat' dir='ltr'>per</span> <span class='ocrx_word' id='word_1_365' title='bbox 1505 5375 1580 5444; x_wconf 90' lang='lat' dir='ltr'>illis</span> <span class='ocrx_word' id='word_1_366' title='bbox 1603 5377 1805 5447; x_wconf 90' lang='lat' dir='ltr'>conciatum</span> <span class='ocrx_word' id='word_1_367' title='bbox 1829 5381 1903 5466; x_wconf 90' lang='lat' dir='ltr'>ipso</span> <span class='ocrx_word' id='word_1_368' title='bbox 1926 5400 2123 5468; x_wconf 84' lang='lat' dir='ltr'>organeum</span> <span class='ocrx_word' id='word_1_369' title='bbox 2147 5389 2184 5454; x_wconf 91' lang='lat' dir='ltr'>et</span> <span class='ocrx_word' id='word_1_370' title='bbox 2199 5367 2394 5472; x_wconf 80' lang='lat' dir='ltr'>repositum</span> <span class='ocrx_word' id='word_1_371' title='bbox 2410 5389 2447 5454; x_wconf 90' lang='lat' dir='ltr'>in</span> 
     </span>
     <span class='ocr_line' id='line_1_30' title="bbox 603 5526 2444 5626; baseline 0.005 -26"><span class='ocrx_word' id='word_1_372' title='bbox 603 5533 728 5600; x_wconf 91' lang='lat' dir='ltr'>domus</span> <span class='ocrx_word' id='word_1_373' title='bbox 750 5551 829 5618; x_wconf 87' lang='lat' dir='ltr'>sua,</span> <span class='ocrx_word' id='word_1_374' title='bbox 852 5537 889 5599; x_wconf 90' lang='lat' dir='ltr'>et</span> <span class='ocrx_word' id='word_1_375' title='bbox 912 5531 1052 5600; x_wconf 90' lang='lat' dir='ltr'>salbum</span> <span class='ocrx_word' id='word_1_376' title='bbox 1076 5529 1158 5597; x_wconf 90' lang='lat' dir='ltr'>illut</span> <span class='ocrx_word' id='word_1_377' title='bbox 1181 5526 1282 5594; x_wconf 89' lang='lat' dir='ltr'>nobis</span> <span class='ocrx_word' id='word_1_378' title='bbox 1306 5527 1423 5596; x_wconf 84' lang='lat' dir='ltr'>taeiad</span> <span class='ocrx_word' id='word_1_379' title='bbox 1447 5532 1581 5616; x_wconf 87' lang='lat' dir='ltr'>absque</span> <span class='ocrx_word' id='word_1_380' title='bbox 1604 5531 1882 5620; x_wconf 86' lang='lat' dir='ltr'>degeneratione</span> <span class='ocrx_word' id='word_1_381' title='bbox 1904 5541 1940 5603; x_wconf 92' lang='lat' dir='ltr'>et</span> <span class='ocrx_word' id='word_1_382' title='bbox 1966 5537 2096 5626; x_wconf 88' lang='lat' dir='ltr'>ingne,</span> <span class='ocrx_word' id='word_1_383' title='bbox 2119 5541 2230 5610; x_wconf 90' lang='lat' dir='ltr'>donec</span> <span class='ocrx_word' id='word_1_384' title='bbox 2256 5543 2341 5612; x_wconf 91' lang='lat' dir='ltr'>illut</span> <span class='ocrx_word' id='word_1_385' title='bbox 2365 5543 2444 5612; x_wconf 89' lang='lat' dir='ltr'>inde</span> 
     </span>
    </p>
   </div>
   <div class='ocr_carea' id='block_1_5' title="bbox 605 5682 2448 5781">
    <p class='ocr_par' dir='ltr' id='par_1_5' title="bbox 605 5682 2448 5781">
     <span class='ocr_line' id='line_1_31' title="bbox 605 5682 2448 5781; baseline 0.009 -27"><span class='ocrx_word' id='word_1_386' title='bbox 605 5688 810 5775; x_wconf 89' lang='lat' dir='ltr'>tulerimus,</span> <span class='ocrx_word' id='word_1_387' title='bbox 834 5692 870 5756; x_wconf 89' lang='lat' dir='ltr'>et</span> <span class='ocrx_word' id='word_1_388' title='bbox 894 5704 971 5772; x_wconf 90' lang='lat' dir='ltr'>nos,</span> <span class='ocrx_word' id='word_1_389' title='bbox 996 5705 1058 5754; x_wconf 91' lang='lat' dir='ltr'>seu</span> <span class='ocrx_word' id='word_1_390' title='bbox 1082 5682 1230 5752; x_wconf 89' lang='lat' dir='ltr'>missum</span> <span class='ocrx_word' id='word_1_391' title='bbox 1255 5683 1368 5770; x_wconf 91' lang='lat' dir='ltr'>ipsius</span> <span class='ocrx_word' id='word_1_392' title='bbox 1390 5682 1553 5772; x_wconf 89' lang='lat' dir='ltr'>ecclesie,</span> <span class='ocrx_word' id='word_1_393' title='bbox 1578 5703 1683 5771; x_wconf 91' lang='lat' dir='ltr'>quem</span> <span class='ocrx_word' id='word_1_394' title='bbox 1708 5688 1840 5758; x_wconf 91' lang='lat' dir='ltr'>ibidem</span> <span class='ocrx_word' id='word_1_395' title='bbox 1864 5689 2116 5781; x_wconf 85' lang='lat' dir='ltr'>direxerimus,</span> <span class='ocrx_word' id='word_1_396' title='bbox 2141 5695 2213 5764; x_wconf 91' lang='lat' dir='ltr'>illis</span> <span class='ocrx_word' id='word_1_397' title='bbox 2236 5715 2300 5766; x_wconf 90' lang='lat' dir='ltr'>nos</span> <span class='ocrx_word' id='word_1_398' title='bbox 2315 5703 2448 5771; x_wconf 90' lang='lat' dir='ltr'>notrire</span> 
     </span>
    </p>
   </div>
   <div class='ocr_carea' id='block_1_6' title="bbox 604 5835 2451 5938">
    <p class='ocr_par' dir='ltr' id='par_1_6' title="bbox 604 5835 2451 5938">
     <span class='ocr_line' id='line_1_32' title="bbox 604 5835 2451 5938; baseline 0.012 -36"><span class='ocrx_word' id='word_1_399' title='bbox 604 5838 806 5906; x_wconf 89' lang='lat' dir='ltr'>secundum</span> <span class='ocrx_word' id='word_1_400' title='bbox 831 5839 972 5907; x_wconf 90' lang='lat' dir='ltr'>illorum</span> <span class='ocrx_word' id='word_1_401' title='bbox 996 5835 1284 5925; x_wconf 87' lang='lat' dir='ltr'>possibilitatem,</span> <span class='ocrx_word' id='word_1_402' title='bbox 1309 5837 1392 5904; x_wconf 91' lang='lat' dir='ltr'>dum</span> <span class='ocrx_word' id='word_1_403' title='bbox 1416 5855 1481 5925; x_wconf 87' lang='lat' dir='ltr'>pro</span> <span class='ocrx_word' id='word_1_404' title='bbox 1504 5837 1578 5925; x_wconf 90' lang='lat' dir='ltr'>ipse</span> <span class='ocrx_word' id='word_1_405' title='bbox 1604 5837 1782 5910; x_wconf 89' lang='lat' dir='ltr'>bindemie</span> <span class='ocrx_word' id='word_1_406' title='bbox 1810 5844 1941 5934; x_wconf 82' lang='lat' dir='ltr'>ibidem</span> <span class='ocrx_word' id='word_1_407' title='bbox 1968 5849 2185 5938; x_wconf 89' lang='lat' dir='ltr'>steterimus,</span> <span class='ocrx_word' id='word_1_408' title='bbox 2210 5857 2246 5921; x_wconf 90' lang='lat' dir='ltr'>et</span> <span class='ocrx_word' id='word_1_409' title='bbox 2268 5856 2376 5928; x_wconf 91' lang='lat' dir='ltr'>deant</span> <span class='ocrx_word' id='word_1_410' title='bbox 2391 5876 2451 5926; x_wconf 92' lang='lat' dir='ltr'>no·</span> 
     </span>
    </p>
   </div>
   <div class='ocr_carea' id='block_1_7' title="bbox 1983 6150 2002 6215">
    <p class='ocr_par' dir='ltr' id='par_1_7' title="bbox 1983 6150 2002 6215">
     <span class='ocr_line' id='line_1_33' title="bbox 1983 6150 2002 6215; baseline 0 0"><span class='ocrx_word' id='word_1_411' title='bbox 1983 6150 2002 6215; x_wconf 62' lang='lat' dir='ltr'>x.</span> 
     </span>
    </p>
   </div>
   <div class='ocr_carea' id='block_1_8' title="bbox 0 0 2702 7104">
    <p class='ocr_par' dir='ltr' id='par_1_8' title="bbox 0 0 2702 7104">
     <span class='ocr_line' id='line_1_34' title="bbox 0 0 2702 7104; baseline 0 0"><span class='ocrx_word' id='word_1_412' title='bbox 0 0 2702 7104; x_wconf 95' lang='lat' dir='ltr'> </span> 
     </span>
    </p>
   </div>
  </div>
 </body>
</html>
