5334 7098
1283 459 1455 534 CODEX
1489 456 1755 530 cavensis

1367 861 1650 944 DCXLVI.

1369 1124 1424 1202 A.
1453 1121 1505 1200 D.
1532 1117 1656 1200 1012.

591 1487 594 1492 Δ
623 1362 722 1505 †1n
754 1417 896 1486 nomine
919 1418 1055 1486 domini
1078 1417 1244 1485 bicesimo
1269 1415 1375 1484 tertio
1399 1432 1495 1483 anno
1518 1410 1742 1500 principatus
1779 1408 1899 1475 domni
1930 1405 2042 1475 nostri
2076 1409 2261 1494 guaimari
2289 1409 2430 1497 gloriosi

577 1569 766 1657 principis,
791 1589 911 1640 mense
937 1573 1137 1658 ianuarius,
1161 1570 1298 1639 decima
1322 1567 1528 1636 indictione.
1555 1567 1707 1666 Ideoque!
1727 1581 1793 1650 ego
1810 1581 1936 1640 =musco
1960 1560 2022 1647 qui
2046 1561 2174 1628 disidio
2200 1565 2317 1648 bocer,
2335 1564 2429 1632 fliius

578 1723 757 1814 quondam
780 1724 969 1810 mansoni,
993 1727 1054 1811 qui
1079 1725 1147 1792 suit
1170 1721 1421 1805 amalfitanus,
1446 1737 1532 1788 nam
1554 1735 1620 1806 ego
1645 1717 1703 1784 uic
1726 1716 1948 1784 salernitane
1973 1715 2131 1784 cibitatis
2155 1716 2313 1784 abitator
2337 1737 2427 1806 sum,

578 1877 780 1967 clarefeciq
804 1879 974 1966 quoniam
997 1881 1108 1948 sendo
1130 1877 1310 1967 genetrice
1335 1895 1413 1943 mea
1437 1873 1514 1941 tilia
1538 1872 1606 1938 fuit
1629 1869 1768 1938 deuteri
1794 1869 1862 1936 filii
1886 1868 2054 1955 guaiferi‚
2079 1871 2141 1954 qui
2165 1875 2200 1938 et
2230 1871 2303 1956 ipse
2327 1873 2430 1957 guai-

476 2084 479 2091 .
577 2031 642 2099 seri
668 2031 764 2100 tilius
789 2033 858 2100 tuit
881 2035 1000 2101 domni
1024 2033 1180 2122 g·uait'eri
1204 2029 1399 2118 principie,
1423 2034 1459 2095 et
1490 2027 1568 2113 ipsa
1599 2023 1783 2112 genetrice
1815 2042 1893 2093 mea
1924 2024 2114 2092 ereditabit
2146 2026 2258 2111 ipsius
2289 2025 2427 2096 deuteri,

575 2183 733 2269 genitori
758 2203 836 2270 suo;
863 2187 991 2253 iccirco
1008 2186 1121 2253 eidem
1144 2183 1319 2272 genetrici
1343 2201 1420 2248 mee
1445 2180 1556 2266 ipsius
1580 2177 1736 2266 genitori
1763 2195 1839 2244 meo
1863 2175 2084 2262 pertinentes
2099 2178 2167 2244 fuit
2192 2178 2307 2244 omnis
2324 2181 2429 2246 rebus

572 2337 723 2421 predicti
748 2338 890 2406 danseri
915 2339 996 2406 abio
1019 2355 1120 2423 me03
1145 2337 1282 2404 detonti
1309 2352 1391 2408 vero
1414 2333 1556 2420 genitor
1586 2337 1621 2399 et
1654 2331 1835 2418 genetrice
1867 2350 1966 2416 mea,
1990 2350 2055 2417 ego
2086 2331 2207 2399 eredes
2238 2349 2361 2399 eorum
2392 2334 2429 2400 in

572 2489 735 2557 omnibus
759 2491 926 2575 successi;
951 2497 986 2558 et
1008 2490 1091 2556 dum
1117 2508 1139 2556 a
1162 2507 1318 2575 mangna
1344 2485 1536 2552 intirmitas
1553 2503 1607 2550 me
1625 2503 1828 2570 oppressum
1844 2483 1958 2569 uideo,
1975 2484 2099 2551 estimo
2115 2503 2170 2552 me
2195 2487 2312 2572 magis
2337 2487 2425 2552 mori

572 2663 679 2729 quam
705 2644 825 2731 bibes,
848 2649 1035 2730 propterea
1058 2647 1142 2710 ante
1166 2641 1356 2726 subscripti
1390 2639 1568 2707 nobilibus
1591 2659 1653 2724 per
1678 2642 1770 2707 hanc
1804 2639 1968 2707 bidelicet
1992 2645 2129 2706 cartam
2152 2639 2279 2706 obtulit
2304 2640 2368 2710 deo
2392 2647 2426 2707 et
2512 2717 2521 2736 ·

571 2795 608 2862 in
632 2796 781 2865 ecclesia
804 2798 919 2864 sancti
944 2797 1114 2881 maximi,
1139 2815 1246 2881 quann
1270 2793 1496 2880 supradictus
1519 2793 1668 2859 domnus
1691 2791 1889 2878 guaiferius
1913 2813 1934 2859 a
1958 2795 2048 2858 nobo
2072 2793 2276 2860 construxit
2299 2794 2426 2862 sunda·

569 2949 664 3016 mine
687 2949 786 3018 intus
809 2970 877 3018 anc
901 2950 1096 3036 cibitatem,
1122 2952 1253 3035 inquo
1278 2948 1370 3017 maio
1393 2949 1632 3016 venerabilem
1658 2949 1833 3033 presbiter
1858 2953 1893 3015 et
1916 2950 2026 3016 abbas
2054 2954 2184 3034 preest,
2211 2957 2284 3017 tota
2310 2956 2345 3016 et
2370 2951 2425 3016 in-

569 3101 656 3170 ‹·lita
679 3103 793 3170 omnis
817 3107 921 3171 rebus
945 3123 1037 3189 mea,
1060 3109 1235 3188 quantum
1258 3108 1462 3188 quantoque
1487 3068 1595 3166 michi
1620 3100 1940 3186 quomodocumque
1966 3103 2072 3168 abere
2097 3102 2317 3188 pertinentes
2341 3101 2425 3187 tuit,

570 3255 623 3318 rot
656 3261 710 3322 est
741 3258 778 3322 in
810 3257 1038 3343 caput-aquis
1062 3259 1087 3336 ³)
1116 3261 1152 3323 ct
1186 3276 1247 3342 per
1277 3257 1347 3321 tine
1371 3259 1406 3320 et
1438 3252 1654 3340 pertinentia
1685 3257 1985 3338 caput-aquense,
2011 3259 2071 3339 qui
2097 3259 2180 3320 sunt
2204 3257 2311 3322 terris
2336 3275 2415 3321 cum

571 3404 688 3474 biueis
712 3415 747 3474 et
771 3407 878 3474 terris
900 3411 1010 3477 bacoe
1035 3413 1071 3476 et
1096 3407 1321 3493 laboratorie‚
1347 3426 1427 3473 cum
1451 3407 1566 3474 omnis
1596 3363 1774 3472 monimen
1806 3405 1887 3472 inde
1911 3406 2144 3492 pertinentes.
2179 3407 2359 3494 simulque
2383 3413 2418 3476 et

566 3559 693 3627 offerui
718 3561 755 3627 in
780 3563 939 3647 predicta
968 3562 1119 3629 ecclesia
1151 3561 1266 3629 sancti
1290 3561 1437 3628 maximi
1463 3565 1539 3627 tota
1562 3565 1597 3628 et
1621 3561 1748 3628 inclita
1771 3559 1885 3627 omnis
1916 3563 2023 3627 rebus
2048 3581 2127 3628 mea
2152 3561 2195 3628 de
2220 3563 2337 3628 locum
2363 3567 2424 3631 ba·

570 3710 706 3776 lentino
729 3711 952 3779 salernitane
976 3711 1128 3797 tinibus,
1152 3731 1231 3777 cum
1263 3710 1424 3778 inclitam
1450 3711 1562 3778 bicem
1586 3715 1621 3779 et
1644 3711 1901 3798 pertinentiam
1933 3731 2048 3781 meam
2078 3713 2120 3778 de
2154 3713 2232 3798 ipsa
2264 3733 2359 3799 aqua
2382 3722 2419 3781 et

507 3953 512 3960 .
567 3862 812 3949 piscationem,
836 3883 915 3929 cum
940 3865 1055 3932 omnis
1079 3865 1258 3930 monimen
1276 3882 1355 3932 mea
1372 3864 1524 3950 indeque
1548 3865 1779 3950 pertinentes.
1806 3865 1936 3932 Iterum
1952 3873 1987 3933 et
2002 3867 2207 3933 offeruimus
2223 3866 2260 3930 in
2277 3867 2417 3952 prefata

562 4013 714 4082 ccclesia
737 4018 810 4084 tota
825 4021 861 4083 et
877 4015 1003 4084 inclita
1028 4016 1142 4082 omnis
1165 4021 1269 4083 rebus
1293 4035 1371 4084 mea
1385 4017 1427 4084 de
1443 4016 1557 4084 locum
1573 4016 1634 4102 qui
1651 4015 1781 4084 dicitur
1805 4020 1929 4083 sancto
1954 4035 2120 4083 manzano
2140 4015 2185 4102 2),
2204 4037 2285 4084 cum
2302 4021 2419 4086 omnis

565 4173 745 4240 monimen
770 4173 854 4242 inde
870 4174 1104 4259 pertinentes.
1130 4174 1312 4260 Simulque
1335 4177 1371 4240 et
1394 4173 1519 4240 otterui
1544 4171 1583 4237 in
1600 4171 1759 4257 predicta
1775 4170 1925 4240 ecclesia
1941 4169 2068 4254 inclita
2085 4173 2281 4240 sortionem
2298 4193 2416 4242 meam

560 4324 602 4391 de
627 4328 732 4393 rebus
756 4325 821 4395 illa
844 4347 949 4412 quem
974 4330 1060 4395 abeo
1085 4329 1122 4394 in
1147 4327 1260 4393 locum
1285 4325 1423 4412 piczilto
1439 4335 1476 4394 et
1490 4326 1624 4413 caprile
1639 4329 1678 4410 8),
1705 4333 1739 4394 et
1764 4327 1844 4392 illut
1868 4327 1928 4412 qui
1953 4333 2005 4393 est
2028 4325 2071 4394 de
2096 4329 2173 4412 ipsa
2197 4327 2411 4411 comunalia,

560 4495 641 4542 cum
665 4479 780 4545 omnis
804 4481 984 4546 monimen
1010 4481 1162 4564 indeque
1186 4479 1418 4565 pertinentes.
1443 4479 1576 4544 lterum
1592 4482 1628 4546 et
1643 4477 1768 4544 offerui
1786 4477 1823 4543 in
1840 4478 2000 4563 predicta
2023 4477 2173 4548 ecclesia
2199 4479 2324 4547 inclita
2344 4499 2418 4547 una

558 4631 660 4714 pecia
682 4632 725 4698 de
750 4639 848 4702 terra
871 4653 949 4703 mea
972 4654 1055 4702 cum
1077 4635 1331 4703 abellanietum
1355 4633 1398 4701 de
1423 4635 1536 4699 locum
1561 4631 1679 4718 priato
1703 4635 1730 4710 ⁸)
1753 4649 1823 4697 non
1847 4631 1999 4698 multum
2023 4631 2167 4718 longius
2191 4633 2415 4702 deecclesia

561 4783 676 4849 sancti
701 4783 780 4868 biti,
804 4785 866 4869 qui
890 4786 928 4852 in
954 4787 1074 4854 ecdem
1098 4789 1172 4854 loco
1196 4788 1342 4856 fundata
1366 4784 1433 4867 est,
1451 4785 1512 4868 qui
1536 4783 1708 4849 coniunta
1731 4787 1783 4848 est
1810 4782 1968 4866 predicta
1991 4787 2093 4870 pecia
2117 4786 2160 4852 de
2178 4806 2249 4855 una
2266 4809 2352 4874 pars
2369 4791 2411 4861 ad

559 4937 632 5001 tine
656 4936 761 5002 rebus
785 4936 896 5021 ipsius
919 4943 1033 5007 sancti
1061 4939 1225 5024 maximi,
1242 4959 1321 5006 cum
1339 4923 1454 5006 omnis
1479 4939 1656 5005 monimen
1683 4935 1763 5002 inde
1787 4940 2019 5022 pertinentes;
2037 4961 2075 5007 ec
2094 4959 2176 5009 vero
2192 4943 2411 5028 supradictis

566 5157 1018 5169 m—-ffl

599 5305 623 5386 ¹)
646 5305 874 5388 Caput-aquis,
900 5309 997 5371 hodie
1024 5312 1195 5388 (ἶαῃαοεὶο,
1222 5314 1312 5368 extra
1337 5309 1525 5372 Salernum.

598 5453 622 5534 ²)
644 5455 740 5535 Apud
763 5457 917 5517 Sarnum.

598 5600 623 5682 θ)
645 5601 739 5682 Apud
764 5569 959 5664 Salernum.

599 5749 624 5831 ⁸)
646 5751 774 5824 Priato,
799 5771 887 5814 nunc
911 5751 1076 5832 Propioio,
1101 5754 1193 5814 vicus
1217 5751 1320 5813 Canae
1345 5749 1605 5828 Tyrrhenorum.
