5376 7094
977 509 1175 578 (1161611
1191 511 1382 615 ,triers

1090 947 1275 1026 DLIX.

1035 1209 1088 1285 Α.
1118 1208 1168 1284 D.
1198 1206 1327 1286 1004.

306 1441 405 1580 Α[111
438 1493 582 1559 nomine
614 1492 744 1560 domini
771 1495 1034 1579 quintmlocimo
1067 1516 1161 1565 anno
1192 1499 1414 1586 principatus
1445 1502 1564 1568 domni
1591 1501 1704 1567 nostri
1736 1501 1930 1587 guaimarii
1956 1499 2112 1586 glorioso

253 1646 433 1732 princeps,
459 1662 579 1710 mense
596 1645 810 1734 februarius,
828 1649 982 1717 secunda
998 1649 1206 1719 indictione.
1224 1651 1511 1720 Memoratorium
1534 1653 1667 1720 sactum
1683 1673 1705 1722 a
1721 1670 1777 1720 me
1792 1650 2030 1737 nordoardus,
2048 1652 2108 1736 qui

258 1817 338 1864 snm
361 1798 539 1866 abitantes
563 1798 605 1866 de
630 1799 743 1865 locum
768 1805 937 1868 muntoru
961 1803 1058 1870 filius
1081 1805 1248 1891 amandi,
1272 1822 1313 1873 eo
1337 1759 1429 1893 qnod
1453 1810 1538 1875 ante
1562 1804 1743 1892 presentia
1767 1805 1901 1874 maioni
1926 1804 2114 1891 presbiteri

259 1957 296 2018 et
319 1951 439 2021 abbati
465 1951 616 2020 ecclesia
640 1955 754 2021 sancti
779 1957 945 2041 maximi,
963 1974 1131 2024 unacum
1155 1957 1231 2044 ipse
1253 1959 1363 2026 abbas
1385 1959 1508 2027 adesse
1531 1957 1731 2025 romoaldus
1753 1975 1870 2024 comes
1891 1958 1987 2025 filius
2004 1975 2116 2044 quon-

261 2105 347 2172 dam
371 2103 503 2190 alsani,
528 2106 590 2191 qui
616 2110 803 2174 estunam
828 2107 870 2175 de
894 2109 1043 2176 dominii
1076 2109 1188 2194 ipsius
1218 2110 1366 2177 ecclesie
1391 2113 1426 2178 et
1449 2109 1714 2196 adbocatorem‚
1737 2128 1801 2196 per
1826 2110 2053 2197 largietatem
2077 2125 2107 2174 6(

261 2256 521 2324 absolutionem
548 2256 661 2342 ipsius
685 2258 806 2326 abbati
830 2277 892 2342 per
916 2278 1006 2328 vona
1029 2263 1291 2330 combenientia
1305 2263 1352 2332 ad
1369 2263 1632 2348 pastenandum
1656 2265 1844 2330 arbustum
1870 2266 1906 2330 et
1921 2261 2112 2330 abellanie-

263 2413 339 2471 tum
365 2407 513 2475 tradidit
537 2409 646 2476 michi
671 2411 919 2498 maghenolsns
943 2411 1119 2496 presbiter
1144 2412 1240 2478 filius
1263 2411 1409 2498 granati
1428 2429 1501 2480 una
1517 2411 1620 2498 pecie
1636 2411 1678 2479 de
1694 2415 1793 2480 terra
1808 2431 1920 2480 vacua
1945 2431 2026 2478 cum
2044 2415 2112 2482 ali-

255 2562 405 2645 quantis
427 2563 619 2648 castaneis
644 2565 736 2650 quod
761 2566 798 2631 in
824 2565 1035 2632 beneficium
1059 2570 1157 2633 tenet
1181 2585 1203 2633 a
1226 2585 1311 2652 pars
1336 2566 1449 2652 ipsius
1475 2565 1624 2634 ecclesie
1648 2566 1687 2633 in
1711 2565 1827 2633 locum
1851 2571 2034 2654 muntoru,
2051 2570 2110 2636 ubi

254 2711 392 2780 cirione
416 2715 571 2801 dicitur,
595 2737 659 2804 per
684 2717 827 2784 eatinis
851 2723 887 2786 et
911 2718 1112 2786 mensurie:
1137 2719 1302 2785 exomni
1328 2721 1431 2804 parte
1455 2720 1667 2786 coniuntum
1691 2723 1744 2786 est
1759 2739 1842 2787 curn
1865 2723 1971 2789 rebus
1995 2722 2111 2808 ipsius

258 2866 419 2934 ecclesie:
447 2869 595 2937 latitudo
619 2873 733 2937 estin
759 2889 829 2936 uno
853 2872 969 2957 capite
992 2871 1085 2957 quod
1109 2877 1163 2938 est
1188 2890 1310 2958 apars
1333 2873 1495 2959 meridie,
1521 2876 1616 2960 passi
1632 2875 1763 2961 biginti
1780 2877 1894 2942 hocto:
1921 2877 2107 2962 longitudo

256 3027 313 3085 est
337 3020 380 3086 (16
405 3038 476 3086 uno
500 3021 611 3090 latere
634 3025 725 3110 quod
750 3029 804 3093 est
820 3026 865 3090 ab
880 3024 1031 3108 oriente,
1056 3023 1151 3109 passi
1178 3025 1409 3112 septuaginta
1425 3028 1508 3093 duo:
1526 3029 1691 3113 desuper
1708 3029 1824 3114 capite
1842 3027 1992 3096 latitudo
2008 3034 2102 3115 passi

254 3174 387 3261 biginti
412 3193 487 3242 sex:
512 3177 554 3242 de
578 3176 649 3244 alio
673 3178 785 3245 latere
810 3196 897 3262 erga
921 3180 991 3245 fine
1016 3197 1110 3264 mea,
1135 3179 1227 3264 quod
1251 3179 1296 3246 ad
1321 3181 1582 3266 pastenandum
1606 3187 1709 3250 teneo
1726 3201 1748 3249 a
1765 3200 1848 3269 pars
1865 3183 1979 3269 ipsius
1995 3184 2106 3250 eccle-

253 3329 321 3412 sie,
346 3331 441 3414 passi
467 3331 698 3416 septuaginta
722 3334 812 3416 octo,
838 3337 949 3399 totum
973 3333 1017 3400 ad
1042 3334 1135 3400 iusto
1158 3351 1302 3419 passum
1334 3334 1470 3400 homini
1505 3341 1766 3423 mensuratum;
1800 3341 1865 3405 hec
1892 3357 1974 3405 vero
2004 3340 2131 3406 rebus'

250 3500 316 3566 par
340 3482 505 3550 iamdicte
530 3484 613 3550 linis
636 3490 671 3550 et
695 3485 876 3550 mensoria
900 3489 974 3553 tota
998 3489 1033 3553 et
1056 3486 1182 3553 inclita
1206 3506 1287 3553 cum
1311 3487 1431 3554 omnia
1454 3487 1550 3556 infra
1582 3505 1619 3554 se
1640 3489 1840 3556 ‘abentibus
1864 3495 1900 3558 et
1924 3511 2005 3558 cum
2031 3447 2108 3558 vict·

249 3637 294 3704 de
319 3637 378 3706 ria
401 3656 466 3704 sua
493 3640 657 3707 inclitum
683 3641 764 3706 illut
787 3640 895 3707 miehi
920 3641 1070 3709 tradidit
1094 3642 1159 3707 tali
1186 3641 1347 3726 hordine,
1364 3646 1403 3707 ut
1420 3641 1544 3708 amodo
1568 3647 1602 3707 et
1626 3660 1736 3726 usque
1760 3643 1881 3710 decern
1904 3647 1991 3711 anni
2009 3666 2104 3714 com-

248 3789 336 3874 pleti
362 3797 481 3859 nostre
505 3795 690 3878 potestatis
706 3813 764 3862 eos
779 3800 900 3861 tenere
916 3799 950 3860 et
966 3794 1164 3878 dominare,
1181 3797 1216 3860 et
1233 3793 1347 3858 omnis
1371 3798 1490 3861 nostre
1507 3792 1676 3860 utilitatis
1694 3792 1826 3861 ibidem
1842 3797 2016 3866 faciamus
2034 3817 2099 3866 nos

247 3951 283 4012 et
300 3949 442 4012 nostros
458 3947 593 4031 eredes,
619 3960 653 4016 et
676 3949 839 4014 homines
863 3949 955 4034 quod
979 3947 1109 4015 ibidem
1127 3947 1171 4016 ad
1188 3946 1423 4014 laborandum
1446 3944 1668 4033 miserimus²
1684 3951 1719 4014 et
1735 3947 1805 4035 ipsi
1823 3951 2002 4018 castaneis
2021 3953 2102 4020 inde

247 4097 488 4184 abscidamuS,
512 4103 547 4166 et
570 4100 752 4167 clusamen
775 4101 905 4168 exinde
922 4100 1093 4170 faciamus
1111 4101 1149 4166 in
1167 4101 1245 4186 ipsa
1261 4103 1379 4184 rebus3
1397 4105 1432 4168 et
1447 4059 1626 4186 tsi-aliquit
1643 4101 1798 4170 laborem
1815 4105 1858 4170 de
1876 4104 1953 4189 ipsa
1970 4105 2099 4190 lingna

245 4247 453 4334 fecerimus²
471 4250 613 4316 tertiam
629 4256 766 4335 partem
783 4251 860 4337 ipsa
883 4252 1009 4338 lingna
1024 4251 1070 4318 da
1087 4251 1242 4320 laborem
1266 4250 1290 4330 ¹)
1308 4249 1420 4337 ipsius
1437 4254 1868 4339 maclrenolll-presbiteri,
1888 4257 1941 4321 vel
1961 4257 1997 4320 in
2017 4277 2104 4340 pars
2168 4249 2175 4270 ‘

248 4399 365 4484 ipsius
388 4401 536 4468 ecclesie
553 4402 614 4468 ille
630 4404 754 4471 demus
770 4407 890 4490 ibique
905 4405 1037 4490 dolata,
1060 4409 1096 4471 et
1111 4405 1179 4472 dne
1196 4404 1302 4471 sortis
1320 4405 1422 4471 nobis
1439 4409 1620 4492 abeamus3
1644 4410 1680 4472 et
1706 4426 1818 4492 usqne
1842 4408 1925 4473 dum
1950 4415 2102 4493 parntus

239 4552 435 4638 luerit-‚nt
457 4553 604 4640 deipsis
628 4555 809 4623 castaneis
834 4556 964 4622 ibidem
988 4555 1144 4640 abuerit,
1169 4575 1231 4622 nos
1257 4558 1316 4624 ille
1339 4557 1564 4645 colligamus,
1589 4564 1623 4625 et
1647 4557 1791 4626 tertiam
1815 4565 1953 4647 partem
1978 4566 2104 4631 secche

243 4705 307 4774 ille
331 4725 455 4774 eorum
479 4709 616 4794 demus,
642 4716 677 4776 et
699 4717 774 4777 tota
799 4712 876 4795 ipsa
898 4675 996 4777 terra
1021 4714 1248 4796 pastenemus
1271 4714 1456 4778 arbustum
1472 4715 1508 4778 et
1524 4714 1608 4779 vitis
1631 4714 1674 4780 de
1691 4730 1780 4778 vono
1803 4714 1936 4782 vitineo
1952 4727 1987 4784 et
2005 4719 2103 4785 abel-

241 4857 433 4944 lanietum‚
451 4865 487 4926 et
511 4860 635 4927 amodo
658 4865 693 4927 et
716 4879 826 4946 usque
852 4859 917 4947 ipsi
943 4862 1063 4928 decem
1086 4861 1189 4948 anni,
1213 4863 1256 4930 de
1279 4870 1454 4949 quantum
1478 4865 1601 4933 vinum
1625 4871 1660 4934 et
1675 4867 1839 4934 abellane
1858 4865 1939 4935 inde
1957 4869 2105 4958 exierit,

246 5017 363 5078 totum
381 5010 462 5079 illut
485 5016 587 5082 nobis
611 5018 780 5082 abeamus
797 5019 832 5082 et
846 5015 982 5082 nnllam
999 5016 1081 5082 inde
1097 5016 1233 5083 demus:
1259 5025 1392 5105 preter,
1416 5020 1458 5088 de
1474 5022 1566 5106 quod
1585 5021 1634 5088 ibi
1652 5020 1963 5109 seminaverimuS,
1980 5025 2101 5091 demus

241 5165 327 5231 inde
345 5164 399 5232 eis
422 5167 632 5235 terraticum
657 5171 850 5236 secundum
873 5169 1163 5237 consuetudinem
1178 5170 1220 5237 de
1237 5171 1314 5256 ipso
1338 5173 1466 5258 locum3
1492 5173 1537 5240 ad
1561 5173 1723 5259 completi
1749 5178 1872 5242 autem
1890 5175 1958 5260 ipsi
1983 5177 2101 5243 decem

239 5315 333 5382 armi
358 5319 528 5386 abeamus
554 5319 590 5384 in
615 5325 688 5387 tota
712 5322 789 5406 ipsa
813 5330 910 5388 terra
934 5342 996 5406 per
1021 5322 1188 5390 iamdicta
1214 5324 1397 5390 mensoria
1420 5327 1605 5391 arbustum
1624 5325 1776 5394 vitatum
1791 5327 1834 5392 do
1853 5345 1941 5392 vono
1965 5329 2101 5398 ritineo

239 5608 272 5617 ..-
283 5609 513 5617 ——-—-....---.—.
531 5612 549 5616 ...
560 5611 621 5618 ...--
639 5611 699 5622 -.....

276 5785 299 5864 ’1
328 5787 434 5864 Ligna
456 5789 500 5849 (Ια
522 5789 673 5862 laborem,
699 5791 812 5852 ¹[nodus
837 5793 968 5855 dicendi
995 5795 1098 5855 italici
1122 5795 1310 5856 idiomatis:
1346 5795 1437 5872 ligno
1460 5797 1633 5855 structuris
1658 5801 1748 5870 apta,

435 5935 445 5986 'i
455 5952 512 5991 ((116
534 5953 558 5991 tt
