5310 7080
977 545 1384 616 blrtonnllcus
1995 541 2061 612 113

259 774 296 838 01
323 745 505 838 roderico(
520 770 614 838 unde
637 771 712 857 ipse
735 768 908 838 madelmo
940 769 1090 852 brebem',
1112 769 1240 836 ostedit
1262 767 1517 836 continentem.
1542 768 1745 836 duodecimo
1768 785 1863 836 anno
1887 766 2112 854 principatus

261 925 380 991 domni
406 924 558 994 iohanni
582 927 618 991 et
641 927 740 990 sexto
763 939 858 991 auno
881 921 1106 1008 principatus
1137 921 1257 990 domui
1281 921 1461 1010 guaimari
1485 922 1562 990 eius
1585 923 1660 990 filio
1683 921 1830 1006 gloriosi
1855 919 2106 1008 principibus,

259 1095 377 1144 mense
401 1076 627 1163 februarius,
650 1078 777 1143 octaba
800 1075 1007 1143 indictione.
1041 1074 1118 1142 risu
1142 1077 1178 1141 01
1200 1074 1359 1142 roderico
1388 1075 1551 1162 germani
1583 1073 1650 1142 filii
1681 1074 1860 1160 quondam
1883 1073 2051 1162 moraldi,
2077 1079 2115 1142 et

259 1229 434 1298 madelmo
457 1228 554 1294 filius
577 1228 756 1314 quondam
779 1227 949 1312 iaquinti,
973 1232 1009 1294 01
1031 1227 1129 1314 sergi
1145 1227 1350 1297 atrianense
1367 1229 1463 1295 filius
1480 1229 1571 1312 ursi,
1589 1227 1664 1312 ipse
1681 1227 1777 1312 sergi
1799 1243 1865 1314 pro
1887 1227 1967 1296 vice
1990 1245 2055 1296 sua
2079 1231 2117 1294 et

262 1400 329 1466 pro
349 1380 424 1447 vice
449 1379 560 1465 ipsius
585 1377 809 1464 imperatisse
834 1377 958 1445 uxoris
980 1397 1043 1447 sue
1067 1381 1297 1450 tradiderunt
1324 1383 1370 1449 ad
1392 1383 1586 1450 tenendum
1600 1386 1636 1449 et
1652 1381 1915 1467 pastenandum
1931 1379 2025 1466 petri
2041 1375 2116 1444 11110

258 1534 432 1602 dumnelli
456 1537 492 1602 et
511 1501 677 1620 stephani
700 1533 774 1601 filio
797 1533 945 1602 alberici
967 1533 1140 1602 abitatori
1157 1534 1199 1602 de
1215 1534 1393 1604 mitiliauo
1417 1554 1491 1603 una
1513 1533 1615 1622 pecia
1629 1533 1673 1602 de
1687 1537 1787 1601 terra
1802 1536 1917 1601 bacua
1932 1532 2025 1619 quod
2042 1532 2116 1599 illis

261 1687 498 1754 communiter
522 1687 635 1754 abunt
659 1685 698 1751 in
722 1685 797 1770 ipso
820 1684 935 1750 locum
951 1683 1139 1773 mitiliano,
1156 1685 1219 1770 qui
1234 1687 1432 1775 propinquo
1454 1691 1489 1753 01
1511 1685 1719 1754 coniuntum
1743 1669 1796 1753 001
1811 1685 1858 1753 ad
1873 1684 1979 1751 flubio
1996 1684 2111 1752 beteri

257 1860 319 1926 per
343 1844 409 1908 heo
432 1839 514 1907 finis
533 1843 570 1906 01
591 1840 785 1906 mensurie:
811 1838 853 1906 de
878 1854 983 1923 super
1006 1801 1107 1925 110110
1130 1843 1200 1910 tine
1222 1843 1404 1910 montedo
1426 1841 1610 1926 catabulu,
1626 1844 1662 1907 et
1678 1839 1761 1908 inde
1778 1842 1863 1906 suut
1880 1837 1975 1925 passi
1992 1841 2113 1905 octua-

261 1995 379 2080 ginta:
404 1994 451 2062 da
475 2011 559 2079 pars
580 1993 729 2061 orientis
753 1993 823 2059 fine
845 1991 989 2058 illorum
1008 1995 1044 2059 et
1063 1993 1302 2079 coniungente
1322 1994 1361 2060 in
1384 1993 1459 2078 ipso
1482 1993 1601 2060 dubio:
1627 1993 1669 2059 de
1692 1993 1815 2058 subter
1831 1993 1936 2078 parte
1952 1993 2023 2058 fine
2041 1992 2118 2077 ipso

259 2147 381 2232 dubio,
405 2151 440 2212 et
463 2152 515 2214 est
536 2147 633 2216 circa
657 2148 733 2231 ipso
754 2146 861 2214 dubio
884 2147 979 2232 passi
1002 2146 1066 2215 alii
1081 2146 1301 2233 octuaginta,
1317 2148 1353 2212 01
1368 2145 1414 2212 da
1430 2147 1506 2230 ipso
1522 2145 1630 2211 flubio
1646 2145 1796 2212 saliente
1812 2147 1848 2211 et
1864 2147 2111 2231 coniungente

261 2297 297 2360 in
323 2295 399 2380 ipso
423 2299 542 2364 monte
570 2298 663 2382 quod
686 2303 740 2366 est
762 2297 882 2384 priore
904 2299 975 2364 11110
996 2302 1240 2365 mensuratum
1263 2296 1308 2364 ad
1333 2295 1427 2362 iusto
1448 2313 1591 2382 passum
1617 2294 1815 2363 homiuum.
1841 2316 1904 2384 per
1934 2298 2003 2366 iste
2029 2300 2116 2366 finis

258 2451 293 2515 et
315 2447 495 2516 mensurie
518 2448 590 2515 illis
614 2468 735 2516 eorum
762 2450 851 2518 illud
875 2451 920 2520 ad
947 2451 1205 2538 pastenandum
1231 2448 1443 2534 tradiderat,
1471 2449 1564 2516 sicut
1589 2449 1665 2534 ipso
1692 2451 1834 2517 brebem
1858 2451 2021 2519 continet
2050 2452 2112 2539 qui

258 2601 430 2688 scriptum
456 2606 510 2670 001
532 2621 595 2688 per
618 2603 792 2670 iohannes
807 2604 984 2690 notarius,
1001 2604 1124 2688 inquo
1140 2600 1263 2688 scripti
1279 2607 1363 2670 sunt
1384 2603 1558 2671 iohannes
1574 2603 1748 2688 notarius,
1773 2602 1927 2671 arechisi
1944 2603 2109 2671 notarius

259 2757 294 2822 et
318 2773 417 2821 ursu.
444 2758 479 2822 et
501 2757 804 2822 mensuraberunt
827 2754 916 2822 illud
942 2756 989 2824 da
1016 2755 1092 2841 ipso
1119 2755 1227 2824 dubio
1256 2751 1294 2820 in
1318 2774 1451 2842 supra:
1477 2756 1521 2823 de
1548 2774 1618 2823 uno
1647 2757 1757 2824 latere
1784 2775 1806 2825 a
1832 2758 1936 2842 parte
1964 2755 2116 2822 orientis

264 2906 359 2992 passi
384 2905 514 2991 quanti
538 2906 673 2975 suerint
697 2907 744 2974 da
767 2906 842 2994 ipso
861 2907 968 2974 flubio
991 2926 1103 2992 usque
1126 2907 1202 2993 ipso
1224 2914 1356 2995 moute;
1373 2914 1408 2978 01
1422 2911 1465 2978 de
1480 2910 1551 2980 alio
1573 2911 1685 2979 latere
1709 2910 1804 2997 passi
1827 2910 1875 2978 da
1899 2911 1974 2995 ipso
1998 2910 2109 2976 dubio

260 3065 293 3128 et
315 3079 425 3146 usqne
454 3061 530 3147 ipso
552 3066 672 3130 monte
695 3067 731 3130 et
755 3081 843 3149 erga
860 3065 935 3148 ipso
950 3061 1058 3128 flubio
1080 3063 1173 3149 ipsos
1195 3062 1763 3151 00100111101100010110001101
1780 3067 1882 3150 parte
1900 3064 1971 3130 fine
1989 3074 2110 3130 monte

261 3212 332 3300 ipso
356 3213 454 3300 passi
479 3212 543 3281 alii
566 3216 790 3300 octuaginta.
815 3213 912 3282 infra
934 3213 1001 3281 iste
1017 3215 1101 3282 finis
1115 3220 1150 3282 et
1165 3215 1345 3282 mensurio
1361 3215 1429 3302 ipsi
1444 3217 1560 3282 mater
1575 3220 1611 3283 et
1626 3216 1700 3282 filio
1716 3215 1840 3284 inclite
1854 3234 1917 3282 sue
1934 3216 2112 3282 sortionis

260 3365 386 3433 exinde
413 3365 527 3452 ipsius
552 3366 720 3434 madelmi
751 3364 979 3434 tradiderunt
1000 3370 1036 3433 01
1065 3367 1381 3449 confirmaberunt,
1412 3367 1458 3435 ad
1488 3367 1692 3434 faciendum
1722 3367 1815 3454 quod
1847 3367 2040 3454 bolueriut,
2074 3373 2110 3434 et

261 3517 395 3586 nullam
420 3517 565 3585 illorum
588 3519 685 3588 insra
707 3519 775 3586 1010
797 3519 880 3586 finis
902 3467 937 3587 01
958 3519 1142 3586 mensurie
1164 3520 1350 3608 remansit,
1375 3523 1411 3586 et
1432 3519 1506 3606 ipse
1529 3519 1701 3586 madelmo
1725 3523 1760 3586 et
1780 3537 1862 3586 suos
1876 3521 2001 3589 eredes
2028 3540 2112 3608 per·

262 3671 409 3740 manead
434 3672 563 3740 exinde
586 3693 667 3740 cum
690 3673 758 3759 ipsi
781 3669 1027 3758 pastenatu'ri,
1049 3671 1142 3738 sicut
1165 3671 1240 3756 ipso
1263 3671 1406 3738 brebem
1432 3670 1589 3737 continet
1602 3719 1612 3756 ,
1635 3675 1670 3737 01
1693 3670 1772 3756 ipsa
1794 3671 1872 3738 bice
1896 3672 2041 3740 illorum
2067 3675 2113 3742 de·

261 3825 336 3913 ipsa
359 3828 466 3914 tinga
488 3846 556 3912 que
578 3827 653 3912 ipso
679 3828 823 3892 brebem
846 3825 1003 3894 continet
1026 3825 1140 3894 abead
1162 3826 1237 3911 ipse
1260 3824 1447 3910 madelmo,
1474 3829 1511 3892 et
1534 3826 1602 3911 ipsi
1630 3830 1745 3894 mater
1768 3831 1804 3894 et
1828 3827 1902 3894 illio
1928 3833 1963 3896 01
1988 3847 2111 3897 eorum
2198 3813 2206 3828 ’

260 3979 376 4046 eredes
399 3997 538 4065 semper
561 3980 747 4047 defensare
771 3978 885 4064 ipsius
907 3977 1075 4046 madelmi
1098 3981 1134 4045 et
1157 3976 1202 4044 ad
1225 3978 1303 4044 eius
1327 3977 1448 4045 eredes
1472 3979 1546 4064 ipse
1569 3997 1631 4044 sue
1652 3979 1821 4046 0011101110
1845 3981 1976 4049 exinde
1991 3983 2038 4050 da
2055 3983 2109 4050 illi

261 4131 435 4199 ominibus
456 4137 491 4198 et
514 4131 692 4219 1101111100,
719 4129 777 4198 cui
802 4149 864 4217 per
889 4130 961 4197 illis
982 4130 1038 4196 vel
1061 4149 1125 4217 per
1148 4131 1266 4217 ipsum
1289 4131 1406 4219 sergio
1431 4131 1521 4199 illud
1543 4130 1598 4199 vel
1626 4131 1757 4201 exinde
1779 4133 1915 4220 datum,
1932 4138 1995 4202 aut
2017 4134 2107 4201 obli-

260 4289 381 4370 gatum
406 4287 579 4372 paruerit.
604 4286 647 4352 de
672 4285 747 4352 alia
770 4285 884 4353 01111110
907 4289 1011 4354 rebus
1027 4284 1089 4371 qui
1105 4284 1174 4351 suit
1194 4281 1389 4368 supradicti
1412 4283 1569 4369 iaquinti
1592 4285 1735 4370 genitor
1759 4283 1916 4369 ipsorum
1940 4284 2106 4353 madelmi

259 4443 292 4508 et
316 4440 555 4528 imperatisse,
580 4440 642 4525 qui
667 4443 721 4508 001
743 4461 766 4509 0
790 4441 885 4508 foras
907 4441 1013 4506 rebus
1036 4438 1098 4525 qui
1115 4439 1276 4506 continet
1298 4437 1378 4523 ipsa
1400 4437 1628 4524 scriptionem
1652 4438 1853 4526 dibisionis,
1868 4444 1904 4507 et
1922 4443 2019 4508 estra
2034 4441 2110 4529 ipso

260 4593 434 4660 molinum
457 4598 493 4660 01
518 4593 613 4660 omni
635 4592 858 4680 pertinentia
881 4591 924 4659 de
951 4591 1025 4677 ipso
1047 4592 1233 4677 molinum,
1260 4595 1443 4662 01010100
1468 4593 1545 4678 ipse
1567 4591 1735 4658 sortionis
1758 4611 1821 4660 sue
1842 4593 1885 4660 de
1913 4594 1991 4680 ipsa
2007 4597 2109 4662 10110

261 4764 341 4813 00111
367 4747 476 4817 1111100
501 4749 546 4816 ad
571 4749 770 4833 submonte,
795 4748 886 4832 quod
909 4744 976 4832 ipsi
1000 4752 1114 4815 mater
1134 4752 1170 4814 et
1193 4747 1267 4814 filio
1282 4747 1445 4833 superius
1467 4745 1580 4832 ipsius
1603 4745 1769 4812 madelmi
1785 4745 1960 4814 dederunt
1975 4752 2010 4815 et
2027 4765 2111 4814 con»-

262 4900 512 4988 flrmaberunt,
540 4901 636 4969 infra
658 4903 734 4986 ipse
756 4901 938 4968 mensurio
958 4903 994 4966 et
1014 4904 1109 4969 00110
1132 4899 1221 4967 illud
1243 4900 1286 4967 de
1307 4899 1384 4984 ipsa
1409 4899 1520 4984 clusa,
1544 4897 1638 4983 quod
1653 4915 1716 4982 per
1739 4898 1818 4984 ipsa
1842 4898 1978 4967 bicaria
1995 4903 2030 4968 01
2046 4921 2110 4989 per

261 5053 335 5140 ipsa
364 5053 543 5123 dibisione
568 5057 643 5142 ipse
667 5055 841 5123 madelmo
865 5054 953 5120 illud
976 5054 1074 5121 dedit
1089 5057 1124 5121 et
1141 5051 1367 5120 confirmabit
1382 5052 1538 5136 ipsorum
1554 5049 1650 5136 sergi
1666 5055 1703 5117 et
1718 5050 1945 5138 inpermissa,
1961 5059 1998 5121 et
2014 5061 2109 5124 00110

261 5205 335 5292 ipsa
358 5213 459 5278 10110
482 5229 563 5277 cum
588 5209 775 5296 pergolatu
799 5216 834 5278 01
856 5211 962 5277 binea
984 5228 1047 5296 per
1070 5206 1224 5276 latitudo
1240 5207 1309 5293 ipsi
1324 5207 1411 5273 duos
1426 5223 1548 5291 passos
1563 5209 1598 5272 et
1613 5224 1677 5292 per
1693 5205 1878 5293 longitudo
1902 5207 1969 5293 ipsi
1985 5208 2107 5276 decem

259 5365 292 5426 et
316 5367 392 5429 octo
417 5365 527 5449 passi,
552 5368 587 5430 et
610 5367 707 5432 estra
730 5362 807 5450 ipsa
831 5363 891 5431 bia
915 5363 1008 5449 quod
1034 5362 1107 5448 ipse
1129 5360 1303 5428 madelmo
1325 5359 1439 5426 eidem
1465 5357 1637 5445 ammisit,
1661 5357 1754 5425 sicut
1775 5359 1980 5445 supradicta
1995 5361 2108 5428 moni-

259 5516 357 5585 mina
380 5516 538 5602 ipsorum
562 5519 675 5584 mater
699 5518 735 5582 et
758 5513 831 5581 filio
854 5513 1024 5581 centinet.
1049 5531 1111 5600 per
1134 5513 1223 5598 ipsis
1248 5511 1335 5579 locis
1358 5515 1395 5579 01
1419 5529 1482 5597 per
1506 5511 1583 5597 ipsa
1606 5513 1696 5578 fines
1720 5511 1960 5580 mitiliaueuse
1984 5517 2020 5578 et
2042 5532 2107 5600 per

260 5669 337 5737 aliis
361 5670 449 5737 locis
475 5670 627 5754 indeque
651 5669 719 5755 ipsi
742 5672 857 5734 mater
874 5673 910 5735 01
932 5666 1005 5736 lilio
1027 5670 1062 5734 et
1076 5685 1199 5734 eorum
1220 5665 1343 5760 eredes
1366 5666 1499 5735 abeant
1523 5665 1605 5733 inde
1628 5664 1755 5733 inclita
1770 5669 1934 5752 quartam
1950 5669 2104 5752 partem,

260 5823 348 5890 sicut
372 5825 533 5893 continet
556 5826 634 5911 ipsa
657 5823 799 5896 cartula
821 5820 1035 5908 donationis,
1057 5819 1150 5906 quod
1174 5821 1250 5907 ipse
1278 5819 1451 5888 madelmo
1473 5819 1602 5886 exinde
1625 5817 1745 5887 emisit
1767 5817 1925 5904 ipsorum
1948 5821 2043 5909 sergi
2069 5828 2106 5890 et

406 5975 476 6036 lon.
498 5993 534 6036 11.
1914 5976 1950 6034 lt
