5376 7104
1242 555 1414 628 oooux
1449 554 1714 630 clususrs
1811 647 1825 666 ·

1346 927 1570 1008 DCCIII.

1329 1191 1382 1266 A.
1411 1187 1462 1265 D.
1492 1185 1617 1266 1018.

590 1367 626 1508 †
651 1420 691 1486 ln
715 1418 858 1486 nomine
882 1415 1016 1485 domini
1040 1418 1209 1486 vicesimo
1233 1434 1326 1483 nono
1350 1433 1445 1485 anno
1468 1414 1693 1502 principatus
1715 1415 1835 1508 domni
1859 1414 1973 1484 nostri
1996 1415 2209 1503 Guaimarii,
2233 1419 2270 1485 et
2289 1416 2401 1485 tertio

542 1591 638 1644 anno
660 1571 884 1660 principatus
910 1572 1032 1640 domni
1058 1569 1208 1640 iohanni
1232 1569 1311 1638 eius
1334 1569 1428 1657 lilio,
1462 1567 1608 1656 gloriosi
1635 1567 1880 1656 principibus,
1903 1585 2025 1637 mense
2047 1568 2260 1657 ianuariuS,
2283 1569 2400 1656 prima

546 1727 762 1798 indictione.
788 1727 1078 1796 Memoratoriunr
1103 1725 1200 1793 sactu
1224 1743 1247 1792 a
1270 1743 1326 1792 mc
1350 1725 1445 1793 maio
1468 1724 1598 1792 abbate
1624 1722 1772 1792 ecclesie
1796 1723 1914 1792 sancti
1937 1721 2102 1810 maximi,
2119 1725 2197 1792 Una
2213 1741 2351 1791 mecum
2366 1743 2406 1792 a·

547 1881 663 1950 desset
678 1880 876 1948 roderisius
893 1879 1140 1949 advocatorem
1164 1880 1341 1962 nostrum,
1366 1877 1416 1943 Eo
1438 1877 1531 1964 quod
1554 1881 1640 1948 ante
1656 1877 1849 1965 subscripti
1872 1877 2012 1946 idoneis
2035 1875 2238 1946 hominibus
2262 1895 2325 1964 per
2340 1879 2400 1944 bo-

547 2054 633 2105 nam
658 2032 948 2102 conbenienliam
971 2031 1187 2102 tradidimus
1211 2031 1363 2100 iohanni
1387 2031 1461 2099 filio
1485 2033 1643 2118 mastali,
1668 2033 1729 2120 qui
1754 2033 1822 2102 luit
1850 2033 1894 2102 de
1924 2034 2131 2122 granianna
2163 2029 2203 2120 ¹),
2232 2036 2268 2101 et
2301 2033 2404 2101 modo

545 2191 600 2256 est
625 2183 781 2257 aiitator
805 2187 845 2253 in
870 2187 987 2254 locum
1009 2184 1175 2272 nuceria,
1193 2185 1255 2252 ubi
1273 2202 1387 2272 angre
1410 2185 1558 2274 dicitur,
1583 2186 1811 2256 medietatem
1826 2187 1869 2256 de
1886 2186 2012 2256 inclita
2035 2193 2184 2274 curtem,
2208 2187 2301 2274 quod
2319 2206 2406 2274 pars
2447 2181 2457 2198 '

544 2341 661 2429 ipsius
684 2345 804 2410 nostre
829 2341 979 2410 ecclesie
1001 2343 1084 2409 abet
1108 2339 1147 2406 in
1171 2341 1249 2427 ipso
1273 2339 1387 2408 locum
1413 2359 1550 2428 angre,
1575 2341 1637 2410 ubi
1663 2343 1810 2429 proprio
1843 2342 2064 2410 casamavile
2088 2342 2246 2430 dicitur,
2271 2342 2334 2429 qui
2357 2351 2412 2411 est

548 2502 651 2566 terra
675 2515 754 2564 cum
779 2495 936 2563 arbustis
960 2494 1086 2563 vitatis
1110 2499 1146 2562 et
1169 2496 1320 2562 bacuum
1347 2513 1418 2562 uno
1442 2497 1634 2565 tenientem
1659 2497 1757 2566 infra
1779 2516 1819 2564 as
1843 2497 1932 2566 finos
1954 2501 1990 2565 et
2014 2515 2213 2566 mensuras.
2247 2499 2278 2564 A
2308 2513 2393 2581 pars

546 2651 697 2720 orientis
721 2651 791 2718 fine
815 2651 926 2737 ipsius
951 2649 1112 2736 ecclesie,
1137 2649 1231 2718 unde
1254 2651 1313 2718 via
1338 2651 1418 2736 suit,
1443 2650 1525 2718 inde
1550 2669 1672 2738 passos
1696 2654 1840 2720 centum
1855 2651 2055 2736 nonaginta
2071 2650 2263 2736 quadtuor,
2281 2667 2394 2736 usque

547 2808 606 2875 bia
630 2805 692 2892 qui
716 2806 816 2873 modo
839 2824 876 2873 se
901 2805 1026 2892 andat,
1051 2810 1087 2874 et
1110 2824 1173 2892 per
1197 2805 1276 2891 ipsa
1299 2803 1359 2873 via
1384 2804 1564 2874 abientem
1588 2805 1626 2872 in
1650 2823 1736 2892 pars
1761 2804 1909 2873 meridie
1933 2823 2048 2890 usque
2072 2803 2146 2874 alia
2169 2803 2228 2871 via
2252 2804 2394 2890 publica

547 2963 695 3045 maiore,
711 2965 796 3028 sunt
813 2959 895 3027 inde
912 2977 1033 3046 passos
1048 2958 1294 3044 quadraginta
1310 2958 1481 3044 quinque.
1500 2959 1531 3024 Α.
1546 2964 1647 3044 parte
1664 2957 1812 3025 meridie
1828 2957 1899 3025 fine
1916 2957 1993 3044 ipsa
2007 2958 2067 3026 bia
2083 2958 2226 3044 publica
2242 2957 2393 3042 maiore,

548 3133 616 3202 que
632 3115 765 3184 dicitur
778 3113 958 3200 stabiano,
971 3119 1056 3182 sunt
1067 3113 1150 3181 inde
1164 3131 1283 3199 passos
1300 3117 1444 3180 centurn
1460 3113 1764 3199 quadtuordecim.
1780 3115 1926 3199 Aperte
1942 3111 2136 3179 occidentis
2149 3115 2288 3179 rectum
2306 3130 2404 3180 men-

551 3269 667 3338 surati
699 3269 795 3356 passi
830 3269 1060 3355 septuaginta
1091 3285 1203 3334 unum
1218 3317 1228 3354 ,
1253 3270 1290 3334 et
1313 3267 1445 3335 abinde
1474 3267 1678 3334 revolbente
1707 3267 1745 3334 in
1770 3267 1847 3353 ipsa
1878 3284 1963 3353 pars
1987 3265 2184 3332 occidentis
2209 3268 2345 3333 rectum
2373 3269 2409 3333 et

551 3421 693 3490 exiente
717 3440 828 3508 usque
853 3421 892 3487 in
917 3421 987 3487 fine
1010 3421 1053 3488 de
1077 3419 1224 3487 heredes
1248 3418 1369 3508 domni
1394 3420 1613 3508 radelgbisi,
1638 3426 1723 3490 sunt
1748 3421 1831 3488 inde
1860 3419 1956 3507 passi
1982 3419 2183 3508 nonaginta
2207 3419 2410 3506 quadtuor,

550 3583 588 3646 et
613 3577 743 3646 abinde
768 3575 973 3644 reuolbente
996 3575 1036 3642 in
1067 3593 1151 3662 pars
1184 3575 1452 3661 septemtrionis
1482 3580 1606 3644 contra
1639 3574 1718 3662 ipsa
1748 3577 1878 3664 padule
1901 3577 1938 3642 et
1962 3573 2044 3640 inde
2068 3573 2166 3660 passi
2196 3575 2410 3660 octuaginta

551 3723 742 3818 quadtuor,
768 3733 798 3798 A
822 3749 907 3818 pars
924 3729 1189 3818 septemtrionis
1207 3729 1278 3797 fine
1293 3728 1372 3816 ipsa
1388 3727 1517 3816 padule
1532 3730 1771 3816 pertinentem
1795 3726 1950 3814 predicte
1975 3731 2093 3824 nostre
2116 3726 2302 3812 aecclesie,
2327 3727 2411 3794 inde

553 3903 675 3972 passos
699 3891 844 3954 centurn
876 3887 1107 3973 septuaginta
1131 3883 1320 3972 quadtuor,
1345 3889 1469 3954 Totum
1493 3891 1740 3955 mensuratum
1767 3888 1812 3957 ad
1840 3889 1933 3956 iusto
1962 3905 2107 3975 passum
2140 3885 2338 3952 hominum.
2363 3883 2411 3946 De

554 4043 620 4112 bec
642 4061 728 4112 vero
751 4045 857 4112 rebus
881 4042 1182 4128 inira.predictas
1205 4043 1294 4110 fines
1318 4047 1354 4110 et
1374 4058 1561 4110 mensuras
1578 4041 1706 4110 inclita
1730 4043 1919 4110 medietate
1947 4043 1986 4108 in
2010 4039 2088 4127 ipsa
2111 4058 2194 4126 pars
2217 4036 2410 4106 occidentis

555 4197 672 4266 eidem
695 4197 845 4268 iohanni
869 4199 1097 4267 tradidimus.
1123 4201 1190 4266 Seu
1213 4201 1251 4265 et
1274 4197 1488 4267 tradidimus
1519 4195 1551 4264 ei
1585 4202 1691 4266 extra
1723 4197 1818 4285 ipsas
1842 4215 2027 4266 mensuras
2051 4199 2225 4283 quantum
2248 4194 2330 4280 plus
2356 4209 2416 4279 po-

556 4355 679 4440 tuerit,
705 4373 786 4421 cum
808 4354 971 4442 predicta
993 4353 1185 4423 medietate
1209 4355 1310 4423 exire
1335 4353 1569 4422 lavorandum
1596 4323 1730 4439 in'ipsa
1753 4351 1883 4439 padule
1906 4349 1947 4418 in
1970 4368 2010 4419 oc
2034 4349 2198 4438 hordine,
2222 4353 2263 4417 ut
2287 4347 2413 4418 amodo

559 4515 595 4578 et
618 4527 729 4594 usque
752 4509 874 4579 decem
899 4509 987 4578 anni
1010 4508 1166 4597 conplcti
1189 4509 1264 4596 ipse
1280 4509 1456 4578 iohannes
1472 4511 1508 4575 et
1523 4525 1606 4575 suos
1622 4507 1770 4575 heredes
1786 4505 1984 4594 predictam
2001 4507 2162 4573 nostram
2179 4501 2412 4571 traditionem

561 4682 625 4733 sue
650 4666 837 4754 potestatis
861 4667 1026 4732 tenerent
1050 4667 1087 4732 et
1110 4662 1352 4748 dominarent,
1378 4667 1414 4730 et
1431 4660 1563 4730 ibidem
1587 4662 1787 4731 residerent
1802 4665 1837 4730 et
1852 4661 2047 4746 abitarent,
2072 4663 2108 4728 et
2132 4676 2193 4726 sue
2218 4657 2415 4726 hutilitatis

562 4817 658 4888 iusta
681 4821 855 4888 rationem
880 4818 932 4885 ibi
957 4817 1130 4904 facerent,
1147 4821 1183 4884 et
1198 4815 1406 4885 annualiter
1431 4833 1542 4901 usque
1566 4812 1642 4900 ipso
1665 4813 1898 4881 constitutum
1919 4817 1994 4880 tota
2019 4813 2178 4898 predicta
2200 4815 2324 4880 nostra
2344 4815 2417 4878 tra·

562 4973 718 5041 dictione
742 4975 825 5059 apto
847 4976 1004 5060 tempore
1027 4971 1184 5058 perfecte
1210 4970 1429 5056 laborarent,
1456 4970 1596 5054 potare,
1623 4967 1876 5054 propaginare,
1901 4969 1949 5053 et,
1974 4965 2035 5033 ubi
2059 4965 2247 5051 meruerit,
2272 4967 2418 5034 arbores

564 5133 600 5196 et
623 5128 714 5194 vites
737 5125 780 5194 de
804 5127 894 5192 bono
917 5126 1052 5193 vitineo
1075 5124 1208 5192 ibidem
1232 5123 1474 5210 planetarent,
1497 5125 1533 5190 ot
1557 5123 1608 5190 sic
1633 5122 1715 5190 illut
1742 5121 1948 5189 annualiter
1979 5119 2183 5188 lavorarent
2208 5123 2244 5188 et
2267 5123 2419 5206 hopera-

569 5286 664 5369 rent,
689 5287 866 5369 quatenus
889 5279 1081 5366 proficiant
1103 5281 1139 5346 et
1162 5295 1233 5344 non
1257 5277 1488 5363 dispereant,
1512 5279 1547 5342 et
1570 5293 1706 5362 semper
1738 5276 1828 5342 bene
1853 5273 1987 5360 paread
2017 5271 2179 5342 lavorata
2202 5277 2237 5342 et
2262 5273 2418 5360 cultata,

565 5443 614 5524 et,
639 5438 701 5505 ubi
725 5435 911 5522 meruerit,
935 5435 1048 5518 clusa;
1073 5435 1108 5500 et
1132 5434 1306 5517 quantum
1331 5431 1514 5517 potuerint
1531 5448 1594 5518 per
1611 5433 1768 5517 tempore
1785 5431 1937 5498 introire
1954 5430 1992 5496 in
2009 5431 2087 5518 ipsa
2104 5429 2233 5516 padule
2259 5429 2422 5498 laroran·

611 5903 633 5980 ¹)
658 5903 868 5974 Granianon,
893 5901 945 5961 vel
968 5901 1192 5974 'Gnosticorum
1219 5899 1315 5960 bodie
1344 5899 1533 5978 Grcpnurw,
1559 5916 1661 5978 pagus
1685 5897 1769 5978 apud
1794 5897 2062 5959 Castrum-muris
2086 5895 2276 5956 Stabiense.
