5334 7098
984 543 1389 617 611166111666
1654 513 1660 522 ’
1999 547 2067 618 loo

262 763 430 848 maximi,
454 769 490 832 61
511 762 631 852 ibique
655 769 746 833 esset
769 763 958 853 subscripti
985 771 1101 855 166166,
1125 787 1188 856 per
1203 743 1516 839 demandationem
1531 770 1643 856 ipsius
1660 769 1781 838 abbati
1799 788 1861 856 pro
1878 769 1961 854 pars
1978 773 2014 838 et
2029 767 2111 836 vice

263 913 378 1000 ipsius
401 916 548 984 ecclesie
571 919 686 986 sancti
710 918 859 988 maximi
883 917 929 988 ad
952 921 1145 988 tenendum
1168 925 1203 988 61
1226 920 1459 989 laborandum
1487 920 1637 990 tradidit
1666 922 1828 989 maranci
1852 920 1926 988 dlio
1958 920 2110 988 iohanni

262 1067 305 1135 de
329 1067 442 1136 locum
466 1089 579 1157 angre
602 1091 676 1142 una
698 1075 801 1160 pecie
824 1073 867 1141 de
890 1077 990 1143 terra
1013 1076 1140 1159 bacua,
1164 1074 1257 1161 quod
1280 1091 1364 1160 pars
1387 1073 1499 1160 ipsius
1522 1073 1671 1140 ecclesie
1695 1075 1777 1141 abet
1794 1094 1816 1142 a
1833 1091 1940 1160 super
1964 1072 2039 1161 ipso
2060 1075 2111 1140 lo·
2172 1033 2174 1038 Ι

261 1239 343 1287 6661
366 1240 493 1311 angre,
511 1223 571 1292 ubi
597 1227 749 1296 corbaru
764 1225 913 1316 dicitur,
929 1230 1127 1316 propinquo
1143 1227 1293 1297 ecclesia
1316 1227 1432 1296 sancti
1448 1226 1659 1314 archangeli
1676 1246 1738 1313 per
1754 1245 1793 1294 ec
1809 1226 1905 1294 finis:
1926 1247 1948 1295 a
1963 1229 2113 1296 sebtem-

264 1371 394 1441 trionis
410 1375 482 1444 1166
497 1380 604 1446 rebus
619 1380 795 1466 episcopio
811 1385 982 1468 pestana:
1001 1403 1023 1451 a
1039 1400 1122 1468 pars
1139 1375 1288 1451 orientis
1304 1383 1376 1450 fine
1391 1385 1497 1450 rebus
1512 1381 1573 1468 qui
1591 1381 1660 1448 suit
1677 1382 1719 1449 116
1735 1380 1912 1468 episcopio
1929 1384 2114 1472 stavianu,

261 1529 354 1612 quod
370 1529 471 1596 modo
486 1531 648 1601 dominat
664 1534 743 1622 ipsa
765 1535 915 1604 ecclesia
938 1537 1055 1606 sancti
1077 1538 1306 1624 archangeli:
1334 1559 1357 1606 a
1372 1538 1521 1606 meridie
1538 1537 1609 1604 fine
1625 1537 1668 1604 dc
1685 1535 1808 1604 eredes
1826 1537 1917 1604 leoni
1935 1535 1978 1604 de
1996 1537 2113 1604 locum

262 1699 390 1750 saruu:
409 1705 531 1773 apars
547 1688 741 1757 occidentis
764 1691 834 1758 line
858 1692 950 1777 quod
974 1693 1075 1760 modo
1098 1691 1259 1760 dominat
1282 1691 1404 1759 eredes
1429 1690 1571 1758 liotardi
1596 1693 1632 1757 et
1656 1688 1896 1778 coniungeute
1920 1709 1957 1757 66
1981 1691 2019 1758 16
2036 1691 2114 1777 ipsa

262 1835 381 1920 priore
405 1839 516 1926 fincs3
541 1860 580 1909 66
604 1861 687 1910 1616
709 1843 871 1942 predicta
893 1844 995 1930 pecia
1019 1845 1184 1914 11616116
1207 1863 1270 1931 per
1295 1845 1461 1913 iamdicta
1485 1846 1569 1912 finis
1595 1843 1759 1912 inclitum
1784 1843 1864 1912 illut
1887 1862 1951 1931 pro
1975 1864 2055 1930 pars
2079 1851 2115 1913 ot

263 1992 340 2060 vice
355 1991 469 2078 ipsius
483 1995 631 2088 ecclesie
646 2001 682 2064 61
706 2017 769 2085 per
793 1999 1103 2068 demandationem
1126 1999 1238 2086 ipsius
1254 1999 1375 2068 abbati
1400 1997 1550 2066 tradidit
1572 1999 1685 2084 ipsius
1709 1995 1873 2065 maranci
1889 1997 1953 2066 tali
1970 1997 2113 2087 6111166,

264 2151 303 2214 111
325 2148 449 2215 amodo
472 2152 508 2214 et
533 2167 643 2234 usque
667 2156 740 2218 1166
763 2152 883 2218 1161116
913 2151 1101 2220 1666116616
1124 2151 1239 2220 licead
1272 2153 1348 2238 ipse
1380 2154 1540 2223 maranci
1566 2154 1621 2220 vel
1644 2153 1722 2220 eius
1744 2152 1888 2239 eredes,
1911 2153 1991 2239 ipsa
2013 2157 2117 2222 terra

262 2299 427 2368 laborare
453 2307 489 2368 61
515 2302 709 2388 seminare,
734 2306 769 2370 61
792 2304 889 2372 lobee
913 2309 949 2372 61
973 2305 1089 2372 661616
1111 2324 1174 2372 666
1198 2305 1367 2376 utilitatis
1392 2302 1488 2375 iusta
1513 2307 1691 2376 rationem
1722 2306 1853 2373 ibidem
1884 2307 2047 2394 faciant,
2080 2311 2117 2375 61

262 2459 440 2542 quantum
464 2459 598 2526 victum
621 2457 692 2524 6116
715 2457 922 2528 annualiter
947 2477 1057 2546 usque
1080 2458 1156 2545 ipso
1179 2460 1410 2528 constitutum
1439 2459 1572 2528 ibidem
1603 2461 1771 2545 fecerint,
1805 2465 1915 2528 totum
1947 2479 2009 2528 sue
2040 2463 2115 2530 sint

261 2613 465 2694 potestatis:
492 2615 612 2699 preter
636 2611 841 2681 annualiter
864 2631 927 2700 per
950 2614 1081 2679 nobum
1105 2615 1262 2700 tempore
1282 2667 1493 2682 ........
1518 2615 1628 2684 deant
1652 2615 1698 2684 ad
1720 2633 1804 2700 pars
1827 2615 1940 2703 ipsius
1962 2616 2113 2686 ecclesie

265 2763 472 2831 terraticum
504 2767 698 2834 secundum
729 2767 1020 2837 consuetudinem
1042 2767 1086 2834 de
1109 2769 1185 2855 ipso
1209 2769 1336 2853 locum;
1362 2769 1407 2836 ad
1430 2769 1603 2855 completo
1626 2768 1702 2854 ipso
1724 2769 1958 2837 constitutum
1981 2769 2112 2840 inolita

262 2914 340 3001 ipsa
368 2915 471 3000 pecia
500 2937 564 3006 per
593 2920 762 2990 iamdicta
786 2921 869 2988 finis
892 2921 1079 2990 remittant
1103 2921 1148 2989 ad
1171 2923 1347 3008 potestate
1370 2919 1485 3006 ipsius
1501 2919 1668 2998 ecclesie.
1693 2920 1791 2988 Unde
1814 2940 1879 3008 pro
1902 2923 2025 2990 taliter
2049 2943 2114 3012 per

263 3086 354 3137 vona
380 3072 642 3143 combenientia
667 3093 730 3160 per
756 3073 1090 3143 demandationem
1114 3073 1227 3160 ipsius
1251 3071 1373 3140 abbati
1396 3073 1533 3158 guadia
1555 3072 1646 3140 mihi
1669 3073 1745 3160 ipse
1768 3078 1928 3144 marauci
1953 3076 2051 3144 dedit
2075 3088 2112 3144 et

260 3223 488 3310 mediatorem
513 3225 603 3295 mihi
619 3229 736 3314 posuit
750 3249 788 3298 se
811 3228 947 3314 ipsum;
972 3232 1008 3296 et
1031 3246 1095 3313 per
1119 3229 1197 3313 ipsa
1220 3227 1357 3313 guadia
1379 3231 1443 3296 etc.
1470 3230 1619 3296 8161616
1642 3231 1757 3297 multo
1779 3229 1896 3300 decem
1918 3235 2004 3298 cart
2030 3234 2113 3300 soli-

261 3380 800 3450 1161661666616111-16166616111.
832 3389 960 3451 61666
984 3381 1127 3450 brebem
1153 3383 1279 3470 scripsi
1304 3403 1369 3472 ego
1394 3382 1596 3455 romoaldus
1612 3385 1775 3453 notarius
1797 3385 1859 3471 qui
1882 3389 2044 3459 interlui.

307 3504 337 3622 †
361 3552 427 3621 ego
452 3536 659 3604 benedictus

305 3661 426 3778 †ego
451 3691 552 3777 guiso

304 3818 425 3932 †cgo
448 3848 554 3914 mari.
655 3909 667 3924 ,

1011 4363 1328 4447 DCXXXV.

1034 4626 1089 4705 A.
1118 4623 1169 4702 D.
1198 4621 1321 4703 1010.

300 4869 336 5010 †
360 4923 400 4988 ln
424 4923 567 4990 nomine
590 4921 724 4990 domini
748 4937 843 4988 anno
868 4919 1034 4988 biccsimo
1058 4918 1211 4988 secundo
1233 4917 1457 5004 principatus
1480 4914 1600 4984 domni
1617 4915 1728 4984 nostri
1744 4914 1928 5002 guaimari
1953 4917 2107 5004 glorioso

255 5077 429 5162 principe,
453 5092 574 5143 mense
597 5076 798 5160 nobember‚
823 5088 918 5142 nona
941 5072 1146 5140 indictione.
1172 5068 1461 5140 Memoratorium
1477 5071 1572 5140 sactu
1588 5089 1611 5140 a
1626 5087 1682 5171 me
1698 5085 1817 5137 amore
1833 5061 2103 5155 nlio'quondam

257 5233 364 5321 petri,
387 5232 545 5318 eoquod
569 5235 653 5302 6616
675 5231 858 5318 presentia
881 5226 1015 5297 maioni
1040 5225 1230 5314 presbiteri
1245 5228 1282 5293 61
1296 5223 1420 5295 abbati
1443 5224 1591 5294 ecclesie
1615 5223 1732 5292 sancti
1748 5223 1911 5310 maximi,
1926 5227 1962 5291 et
1977 5224 2101 5312 ibique

254 5387 344 5454 essct
367 5383 557 5470 subscripti
581 5386 702 5470 testes,
725 5401 789 5469 per
812 5379 1121 5451 demandationem
1143 5379 1255 5483 ipsius
1270 5380 1393 5450 abbati
1409 5379 1454 5446 ad
1470 5377 1661 5446 tenendum
1677 5381 1713 5446 61
1727 5375 1987 5462 pastenandum
2003 5377 2101 5444 abel-

256 5539 427 5608 lanietum
450 5537 602 5606 tradidit
626 5536 715 5606 mihi
740 5535 923 5606 maraldus
938 5532 1088 5604 clericus
1106 5553 1275 5604 unacum
1291 5537 1412 5621 petrus
1427 5549 1554 5618 666166,
1571 5528 1633 5618 qui
1650 5533 1703 5599 661
1727 5547 1840 5596 unum
1855 5529 1899 5596 de
1914 5528 2049 5598 domini
2067 5541 2104 5602 61

256 5694 447 5766 adbocator
471 5693 586 5782 ipsius
609 5691 770 5780 ecclesie,
785 5689 829 5758 de
844 5691 949 5758 rebus
972 5688 1100 5760 baciba
1122 5689 1215 5776 quod
1237 5706 1322 5777 pars
1345 5686 1459 5774 ipsius
1480 5685 1628 5755 ecclesie
1651 5687 1733 5754 abet
1747 5683 1789 5752 16
1803 5683 1919 5753 166616
1935 5685 2101 5774 nuceria,

256 5853 313 5918 ubi
336 5851 462 5938 propio
485 5843 529 5918 ad
554 5847 753 5918 cancellata
775 5845 908 5916 dicitur
931 5866 993 5934 per
1017 5866 1056 5915 ec
1081 5845 1164 5915 11616
1179 5851 1214 5914 61
1236 5845 1427 5915 mensurio:
1446 5864 1468 5914 a
1484 5863 1568 5932 pars
1591 5842 1739 5912 orientis
1763 5843 1834 5913 flne
1857 5843 1970 5931 ipsius
1992 5844 2105 5914 eccle·

407 6005 476 6062 Tou.
500 6022 535 6062 11.
1914 5997 1950 6054 22
