5318 7102
902 533 1083 606 REGUM
1119 531 1449 604 bunnecourt
1589 595 1595 606 ,
2016 533 2057 602 II

246 752 284 823 Si
313 755 390 848 quis
417 752 565 824 alterum
592 757 828 850 presumptive
856 765 976 851 sponte
1004 757 1218 843 castraverit,
1246 767 1280 827 et
1305 757 1337 826 ei
1365 753 1483 826 ambas
1500 755 1682 826 testiculae
1702 756 1943 850 amputaverit,
1964 755 2001 826 In
2020 755 2109 828 inte-

294 935 395 1006 grum
422 909 595 1004 widrigild
613 936 716 984 suom
735 923 931 1008 componat,
960 915 1052 1004 Iusta
1071 915 1276 986 condicione
1299 937 1459 1010 persone.
1481 913 1518 986 Si
1537 915 1634 1010 virga
1653 914 1852 1002 absciderit,
1872 915 2045 987 similiter.
2067 915 2107 988 Si

296 1094 405 1142 unum
431 1071 649 1156 testiculum,
678 1073 854 1168 persolvat
879 1074 1059 1146 medietas.
1089 1076 1160 1146 Hoc
1186 1073 1228 1142 de
1255 1071 1427 1157 manibus,
1456 1071 1613 1167 pedibus,
1634 1071 1691 1144 vel
1709 1071 1751 1142 dc
1770 1071 1904 1156 oculos,
1933 1096 1993 1144 seo
2011 1081 2045 1146 et
2063 1074 2104 1144 de

292 1229 412 1323 lingua
438 1231 635 1316 sancimus,
665 1239 704 1302 ut
729 1232 758 1302 si
785 1255 894 1304 unum
921 1233 1045 1304 horum
1073 1231 1229 1304 abscisus
1255 1232 1373 1318 suerit,
1399 1231 1619 1302 medietatem
1644 1230 1816 1326 vvidrigid.
1847 1231 1884 1303 si
1912 1228 2026 1318 ambo,
2054 1232 2108 1302 in·

296 1385 440 1481 tegritas
467 1388 611 1482 perfecti
639 1388 918 1460 emendationem
945 1397 1173 1484 componatur
1190 1384 1227 1484 ¹).

246 1563 291 1614 nn
316 1563 450 1618 nomos.

246 1702 411 1775 Aldiones
437 1702 493 1772 vel
522 1703 677 1776 aldianos
703 1729 744 1776 ea
769 1705 882 1798 legem
909 1703 1027 1776 vibant
1053 1707 1088 1774 in
1116 1703 1213 1776 italia
1239 1707 1274 1775 in
1301 1705 1469 1777 servitute
1488 1704 1711 1774 dominorum
1730 1729 1885 1790 suorum,
1906 1708 2021 1802 queris
2039 1709 2104 1782 hoc

297 1861 421 1947 oritur,
450 1861 504 1932 vel
532 1862 612 1934 lites
638 1860 762 1933 vibunt
788 1862 822 1931 in
850 1863 945 1934 italia
962 1857 1000 1958 ²).

244 2020 282 2092 si
310 2021 388 2114 quis
414 2020 575 2092 Iuronem
602 2021 657 2092 vel
682 2022 835 2094 latrones
862 2021 1214 2116 comprehendiderit,
1243 2031 1278 2094 et
1305 2022 1345 2096 ad
1373 2023 1584 2117 presentiam
1610 2025 1722 2110 ducis,
1751 2032 1810 2096 aut
1827 2027 1959 2112 comiti,
1981 2028 2036 2098 vel
2055 2029 2106 2101 lo-

292 2177 343 2249 cis
370 2178 580 2262 servatoris,
602 2179 660 2272 qui
679 2181 786 2252 misso
813 2181 931 2250 comiti
959 2188 1011 2251 est
1028 2175 1066 2275 ³),
1095 2203 1164 2250 non
1192 2179 1416 2267 adduxerint,
1445 2181 1546 2252 etde
1573 2182 1639 2253 hoc
1666 2183 1758 2255 Iacto
1784 2184 1857 2255 sive
1885 2185 1927 2255 de
1954 2183 2016 2256 bac
2044 2209 2105 2258 ne-

297 2337 443 2430 quitias,
472 2345 549 2433 post
574 2341 750 2432 presentia
775 2340 945 2412 iudicium
972 2341 1176 2413 convinctus
1202 2341 1345 2427 fuerint,
1374 2341 1446 2435 ipse
1465 2339 1582 2413 damni
1602 2345 1835 2432 estimatione,
1865 2370 1924 2440 pro
1951 2370 2018 2440 quo
2044 2348 2102 2420 fur

294 2497 349 2567 vel
375 2495 464 2567 latro
491 2498 762 2592 comprehensus
788 2507 854 2584 est,
882 2521 1090 2593 componere
1117 2507 1261 2593 cogatur
1278 2492 1317 2593 ⁸).

244 2654 461 2749 Ubicumque
489 2653 579 2724 infra
605 2654 748 2741 italiam,
777 2656 850 2727 sive
876 2657 1006 2752 regina,
1035 2659 1107 2728 sive
1134 2659 1426 2744 aecclesiasticus,
1456 2658 1512 2730 vel
1530 2659 1717 2732 cuiuslibet
1735 2662 1878 2734 alterius
1900 2663 2022 2736 serbus
2048 2665 2103 2740 Iu·

289 2814 418 2908 gitibus
444 2815 607 2886 inventus
634 2815 741 2887 suerit
764 2841 782 2888 a
800 2817 940 2889 domino
958 2843 1034 2904 suo,
1055 2821 1129 2889 sine
1149 2821 1220 2891 ulla
1237 2843 1408 2891 annorum
1426 2821 1675 2916 prescriptione
1695 2823 1904 2906 vindicetur,
1925 2825 1968 2896 Et
1985 2833 2101 2898 tamen

195 2971 197 2975 ’
290 2971 472 3058 rationem,
502 2972 530 3042 si
557 2972 719 3044 dominus
745 2972 899 3060 francus,
929 2975 1008 3047 Sive
1036 2977 1251 3063 alamannus,
1272 2979 1339 3050 dut
1355 2979 1498 3052 alterius
1515 2980 1665 3053 nationis
1684 2980 1742 3052 sit.
1759 2981 1795 3052 Si
1822 3004 1903 3053 vero
1921 2982 2101 3078 langobar-

290 3131 368 3217 duS,
398 3140 456 3202 aut
481 3155 646 3204 romanus
671 3134 791 3221 fuerit,
821 3158 860 3206 ea
885 3136 999 3229 legem
1026 3158 1145 3208 servos
1171 3161 1252 3208 snos
1278 3139 1448 3230 adquirat,
1478 3140 1533 3210 vel
1560 3141 1717 3213 admittat
1742 3163 1808 3233 que
1827 3141 1994 3216 intereos
2013 3145 2101 3216 anti-

292 3288 409 3382 quitus
437 3297 490 3360 est
511 3290 697 3401 costitutos
723 3281 760 3386 ⁸).

241 3456 289 3524 IIe
316 3455 429 3547 pravis
456 3453 642 3540 iudicibus,
672 3454 818 3542 avocati,
845 3454 1069 3542 hicedomini,
1098 3458 1257 3546 Vioariis,
1285 3461 1513 3550 Centenariis,
1542 3466 1597 3535 vel
1625 3465 1770 3559 reliquis
1797 3465 1972 3536 actoribus
1999 3467 2099 3538 mali-

241 3631 246 3642 ·
290 3611 392 3697 bolis,
421 3637 490 3684 non
509 3613 634 3708 agendi
646 3612 684 3708 ⁸),
705 3615 749 3685 Ut
766 3613 971 3688 aribannum
988 3612 1025 3712 ²),
1053 3618 1119 3688 dut
1136 3615 1261 3710 aliquis
1279 3618 1475 3689 coniectum
1492 3615 1517 3714 ⁸)
1537 3642 1597 3714 per
1615 3620 1820 3692 exercitales
1838 3645 1960 3694 causas
1978 3625 2098 3696 comiti

246 3875 698 3886 ——-——.-..--—..-....-.

326 4073 349 4160 ¹)
370 4081 454 4142 nar.
479 4083 634 4144 anxn.

324 4229 348 4309 ²)
370 4232 494 4303 Quasta
516 4231 612 4308 lagga
637 4231 851 4312 corrispondc
876 4232 905 4292 aI
928 4235 967 4294 N.
993 4236 1151 4296 LXXXIII
1175 4237 1228 4298 dal
1249 4239 1353 4310 Mun,
1387 4257 1437 4298 ma
1462 4240 1578 4301 invece
1602 4238 1635 4298 di
1663 4239 1775 4319 quanda
1804 4240 1865 4302 boc
1894 4238 2014 4313 oritur,
2044 4241 2100 4303 vel

236 4377 317 4441 lites
339 4378 458 4442 vibant
478 4377 649 4450 initalia,
682 4381 743 4441 che
774 4381 888 4439 nonai
914 4381 1062 4460 capisce,
1090 4381 1113 4442 il
1135 4383 1219 4443 Mur.
1244 4383 1304 4443 ha:
1328 4401 1392 4463 qua
1419 4383 1578 4458 fiscalini,
1607 4384 1663 4448 vel
1693 4385 1759 4448 Liti
1788 4384 1907 4450 vivunt
1937 4385 1971 4446 in
1998 4386 2097 4449 Fran·

242 4523 305 4587 cia.
330 4528 395 4587 Per
417 4525 449 4584 la
471 4543 551 4586 voce
574 4523 628 4586 liti
651 4524 700 4586 Cf.
723 4523 807 4585 Mur.
831 4542 904 4604 pag.
929 4525 990 4589 104
1010 4527 1178 4608 Notati).

320 4671 485 4749 ⁸)1nvece
510 4671 542 4729 di
571 4671 627 4750 qui
647 4671 748 4734 misso
770 4670 883 4734 comiti
904 4677 957 4735 est
981 4671 1090 4749 leggi:
1125 4672 1181 4751 qui
1202 4671 1322 4736 missus
1345 4673 1476 4738 comitis
1500 4683 1573 4749 cst;
1602 4676 1653 4736 cio
1687 4676 1749 4737 che
1782 4675 1897 4755 spiega
1928 4677 1990 4738 che
2017 4695 2096 4739 cosa

241 4820 270 4878 si
293 4819 422 4879 Iossero
445 4819 456 4876 i
480 4819 543 4878 Ioci
565 4825 754 4891 servatores,
780 4819 864 4892 cioe,
888 4819 981 4878 inieci
1004 4821 1157 4880 cemimus
1179 4840 1196 4880 o
1218 4821 1335 4882 vicarii
1370 4821 1423 4882 del
1454 4823 1569 4894 Conte,
1595 4823 1740 4885 siccome
1765 4828 1840 4883 nota
1870 4821 1893 4882 il
1922 4823 2094 4884 MuratorI.

321 4959 345 5044 ⁴)
365 4965 450 5026 Mur.
475 4964 675 5027 LXXXVIII.

319 5111 344 5190 ³)
364 5110 449 5172 Mur.
473 5111 642 5174 LXXXIX.

319 5258 345 5338 θ)
368 5259 491 5331 Questa
515 5258 612 5336 lagga
637 5259 851 5339 corrisponde
876 5260 905 5319 al
928 5261 967 5320 N.
992 5261 1104 5322 XCVII
1128 5260 1180 5320 del
1203 5261 1308 5334 Mur.;
1343 5280 1503 5326 manoano
1536 5267 1616 5343 pero
1646 5263 1679 5326 Ie
1701 5264 1808 5343 prime
1840 5262 1954 5343 parole
1977 5263 2094 5325 scritta

239 5407 294 5467 nel
317 5413 429 5468 nostro
454 5407 572 5468 CodIce
597 5408 631 5466 in
654 5407 832 5486 principio,
857 5407 964 5488 prima
987 5408 1019 5468 di
1042 5411 1084 5474 vt
1105 5411 1310 5476 aribannum.

319 5553 341 5634 ²)
365 5576 380 5611 «
405 5553 643 5627 Iicrebannum,
668 5552 901 5627 Heribannum,
924 5555 1155 5630 Arribannum,
1178 5557 1374 5618 submonitio
1397 5559 1441 5620 cd
1463 5561 1655 5628 exercitum
1678 5557 1839 5633 amilcar,
1864 5558 2037 5630 exeremus,
2062 5563 2093 5618 et

236 5699 388 5778 bannum,
414 5700 539 5772 citano,
563 5699 767 5768 submonitio,
794 5701 933 5762 Indicta'o
950 5721 977 5760 s.
1002 5699 1062 5779 (Cf.
1087 5703 1136 5762 Du
1160 5701 1268 5780 Gange
1291 5703 1397 5766 Gloss
1422 5725 1452 5765 v.
1477 5659 1789 5785 Herobennumst
1820 5723 1822 5726 ·

317 5845 341 5925 ⁸)
363 5845 389 5905 Il
411 5845 569 5906 Muratori
594 5846 636 5906 ha
658 5851 847 5910 contectum
868 5865 933 5907 non
956 5851 1149 5930 conjectum.
1172 5850 1269 5913 Nclla
1290 5853 1374 5914 Nota
1396 5851 1446 5932 94)
1469 5871 1544 5933 pag.
1570 5852 1631 5914 105
1647 5851 1756 5912 scrive
1780 5849 1938 5931 peraltro:
1965 5873 1979 5908 a
2005 5851 2094 5912 Scri-

459 5998 538 6054 Tono
561 6009 596 6050 rv.
1844 6010 1858 6050 c
