5376 7094
982 568 1389 653 lllPLOMATlCUS
2016 597 2059 666 tl

254 783 372 868 need,
404 784 498 850 sicut
521 784 767 871 supradictum
790 789 867 874 est,
898 793 935 855 et
968 808 1038 858 unc
1070 793 1212 864 brebem
1242 802 1367 888 scripsi
1400 825 1466 894 ego
1490 809 1628 878 cicerus
1658 816 1822 883 notarius
1853 815 1916 901 qui
1950 818 2112 889 interlui,

301 909 332 1024 †
357 955 424 1023 ego
447 931 650 1003 teudericus
673 913 732 1005 me¹
753 940 944 1028 subscripsi

300 1059 331 1174 †
356 1104 422 1172 ego
446 1087 608 1184 ademari
632 1089 796 1158 notarius
820 1111 875 1161 me
900 1095 1093 1182 subscripsi

299 1211 330 1326 †
353 1258 420 1326 ego
443 1240 625 1309 maraldus
649 1261 704 1310 me
728 1246 934 1330 subscripsi.

1125 1795 1256 1875 DLI.

1035 2051 1090 2128 A.
1118 2051 1169 2130 D.
1198 2051 1325 2132 1003.

299 2255 334 2394 †
359 2309 400 2372 ln
414 2306 558 2372 nomine
574 2305 709 2372 domini
725 2305 987 2390 quintodecimo
1002 2325 1097 2375 anno
1113 2311 1337 2398 principatus
1352 2315 1471 2384 domni
1488 2319 1602 2386 nostri
1625 2322 1804 2408 guaimari
1831 2327 1984 2412 glorioso
2009 2334 2108 2419 prin-

254 2463 345 2547 cipe,
371 2475 492 2526 mense
516 2458 683 2542 martius,
708 2457 825 2542 prima
849 2455 1059 2527 indictione.
1085 2462 1375 2531 Memoratorium
1398 2467 1497 2535 factu
1520 2489 1542 2536 a
1566 2489 1622 2537 me
1646 2473 1820 2543 iohannes
1844 2483 2020 2563 presbiter
2044 2490 2106 2570 qui

254 2613 388 2682 dicitur
412 2610 551 2694 derosa,
575 2627 616 2677 eo
632 2608 725 2694 quod
748 2612 833 2677 ante
857 2613 1039 2696 presentia
1063 2611 1182 2679 domni
1206 2611 1341 2682 maioni
1358 2617 1633 2687 archidiaconus
1648 2625 1684 2689 et
1700 2625 1812 2693 abbas
1827 2629 1973 2700 ecclesie
1989 2635 2106 2701 sancti

255 2761 424 2848 maximi,
449 2781 517 2846 que
541 2762 613 2830 sita
637 2763 691 2828 est
714 2759 813 2826 intus
837 2777 905 2828 anc
930 2761 1193 2830 salernitanam
1218 2764 1415 2852 civitatem,
1439 2771 1475 2836 et
1499 2769 1619 2856 ibique
1643 2777 1736 2841 esset
1758 2779 1950 2866 subscripti
1975 2787 2105 2870 testes,

255 2933 319 2999 per
343 2914 654 2982 demandationem
679 2913 792 2998 ipsius
816 2913 936 2980 domni
959 2916 1080 2982 abbati
1107 2915 1169 2999 qui
1192 2919 1246 2982 est
1262 2934 1373 2983 unum
1388 2918 1431 2984 de
1446 2919 1597 2987 dominii
1614 2923 1727 3006 ipsius
1742 2927 1902 3016 ecclesie,
1920 2935 1966 3001 ad
1983 2941 2107 3006 tenen-

255 3067 339 3135 ‹lum
363 3071 400 3134 et
426 3067 660 3134 lavorandum
684 3065 835 3134 tradidit
858 3084 924 3151 ego
949 3065 1090 3133 landoni
1117 3072 1154 3134 et
1177 3068 1271 3135 rocci
1294 3072 1330 3135 et
1345 3069 1454 3154 disigi
1470 3073 1635 3156 germani
1653 3075 1720 3143 fllii
1736 3080 1837 3148 sandi
1858 3101 1931 3152 una
1946 3090 2047 3170 pecia
2064 3085 2106 3156 do

254 3226 357 3290 terra
382 3240 463 3288 cum
486 3220 644 3290 arbustis
667 3223 703 3286 et
726 3222 880 3287 bacuum
903 3236 974 3284 uno
997 3219 1176 3306 teniente,
1201 3222 1293 3306 quod
1316 3241 1400 3308 pars
1426 3225 1537 3312 ipsius
1560 3228 1707 3299 ecclesie
1731 3236 1815 3302 abet
1840 3236 1877 3302 in
1902 3239 2016 3308 locum
2041 3263 2106 3311 nu-

254 3375 368 3459 ceria,
391 3375 454 3440 ubi
470 3373 516 3440 ad
532 3376 645 3439 terme
669 3371 816 3460 dicitur,
841 3373 933 3458 quod
958 3391 1025 3460 ego
1049 3371 1137 3439 illud
1160 3373 1199 3438 in
1224 3373 1436 3440 veneficium
1461 3377 1563 3444 teneo
1586 3398 1608 3446 a
1631 3400 1716 3466 pars
1739 3384 1850 3470 ipsius
1873 3390 2019 3459 ecclesie
2043 3415 2107 3482 per

253 3545 292 3592 ec
317 3527 401 3593 finis
424 3531 460 3594 et
483 3523 680 3594 mensuris:
708 3545 731 3593 a
754 3544 839 3610 pars
863 3526 1128 3593 sebtemtrionis
1153 3527 1224 3593 fine
1247 3528 1308 3594 bia
1331 3527 1499 3614 publica,
1524 3534 1609 3597 sunt
1633 3533 1716 3601 inde
1738 3539 1835 3621 passi
1860 3543 2105 3632 quadraginta

253 3697 317 3746 sex
341 3681 378 3746 et
401 3679 519 3746 cubito
543 3695 678 3745 unum:
704 3697 726 3745 a
749 3693 833 3762 pars
856 3677 1006 3743 orientis
1029 3676 1100 3743 tlne
1124 3677 1224 3744 sicud
1248 3679 1361 3746 limite
1385 3683 1421 3746 et
1443 3684 1579 3749 termiti
1603 3683 1790 3773 discernit,
1804 3694 1889 3756 sunt
1906 3693 1989 3762 inde
2006 3703 2105 3783 passi

252 3832 498 3918 quadraginta
521 3833 557 3896 et
580 3829 737 3897 medium
761 3847 918 3914 passum:
945 3829 1146 3932 rebolbente
1170 3831 1207 3900 in
1232 3835 1396 3916 partibus
1419 3835 1588 3923 orientia,
1613 3838 1706 3905 sicut
1730 3840 1813 3908 inde
1838 3842 1953 3913 limite
1976 3853 2012 3916 et
2036 3855 2107 3918 ter-

252 3987 331 4054 miti
356 3983 542 4069 discernit,
566 3985 650 4048 sunt
673 3979 756 4048 inde
780 3981 876 4066 passi
900 3982 1055 4067 triginta
1079 3982 1152 4049 dui:
1180 3983 1310 4050 iterum
1334 3985 1537 4054 rebolbente
1560 3990 1600 4055 in
1623 3993 1787 4076 partibus
1811 3998 1981 4087 meridie,
2005 4002 2106 4070 sicud

251 4141 335 4209 inde
360 4141 421 4208 via
445 4139 568 4207 antica
590 4135 777 4222 discernit,
801 4135 973 4221 quomodo
996 4153 1032 4203 se
1056 4152 1128 4201 non
1153 4138 1284 4226 andad,
1309 4145 1393 4208 sunt
1416 4141 1499 4210 inde
1523 4147 1619 4230 passi
1633 4150 1864 4237 sebtuaginta
1879 4173 1961 4223 sex:
1982 4176 2105 4245 apars

251 4291 404 4360 meridie
427 4292 499 4358 flne
524 4289 630 4356 rebus
653 4287 696 4355 de
720 4285 1000 4372 archiepiscopio
1023 4285 1244 4354 salernitano
1267 4292 1303 4356 et
1324 4294 1499 4379 pertange
1514 4293 1552 4359 in
1568 4295 1639 4363 fine
1654 4297 1832 4386 domnica,
1850 4303 1949 4372 sicud
1966 4308 2048 4375 inde
2062 4309 2104 4378 li-

251 4446 338 4511 mite
363 4443 557 4528 discernid,
582 4445 666 4508 sunt
690 4441 773 4508 inde
796 4440 892 4526 passi
916 4438 1146 4524 octuaginta:
1174 4458 1196 4505 a
1219 4457 1303 4525 pars
1327 4440 1520 4509 occidentis
1544 4446 1614 4511 fine
1639 4447 1827 4536 dommica,
1844 4453 1944 4521 sicud
1960 4457 2044 4527 inde
2062 4461 2104 4530 li-

251 4598 337 4664 mite
362 4596 552 4679 discernit,
578 4597 615 4660 et
638 4593 878 4678 coniungente
901 4608 938 4656 se
963 4591 1001 4655 in
1026 4591 1104 4676 ipsa
1128 4591 1188 4659 bia
1211 4591 1330 4677 priore
1353 4593 1442 4662 lines
1466 4601 1550 4663 sunt
1574 4599 1656 4665 inde
1680 4602 1775 4685 passi
1791 4609 1933 4672 centum
1951 4610 2104 4702 viginti,

248 4757 361 4818 totum
383 4750 429 4818 ad
453 4750 547 4815 iusto
570 4764 714 4833 passum
739 4746 852 4812 omini
877 4749 1137 4828 mensuratum
1162 4764 1202 4811 ec
1226 4763 1308 4812 uero
1331 4745 1506 4834 clausum,
1531 4749 1688 4834 qualiter
1712 4758 1877 4840 superius
1889 4757 1973 4827 finis
1992 4765 2106 4849 posite

248 4909 332 4972 sunt
356 4909 392 4973 et
416 4904 601 4972 mensuris
626 4903 706 4988 ipsa
731 4900 931 4988 percurrid,
955 4919 1035 4968 cum
1059 4902 1201 4986 proprie
1224 4899 1308 4966 finis
1331 4905 1366 4968 et
1389 4919 1469 4967 cum
1493 4863 1614 4972 omnia
1638 4905 1734 4972 intro
1753 4928 1793 4976 se
1811 4914 2017 5003 abentibuS,
2033 4935 2106 4984 om-

250 5059 428 5142 nibusque
452 5057 528 5123 suis
551 5054 780 5141 pertinentiis
804 5057 942 5120 etcum
966 5053 1041 5119 vice
1065 5051 1108 5120 de
1133 5050 1193 5120 bia
1216 5070 1282 5120 sua
1306 5052 1469 5118 inclitum
1493 5054 1581 5122 illud
1606 5057 1763 5142 ipsorum
1788 5061 1936 5132 landoni
1959 5073 1995 5135 et
2011 5075 2105 5139 rocci

248 5219 283 5278 et
304 5209 418 5295 disigi
444 5208 490 5275 ad
513 5205 752 5274 laborandum
779 5204 854 5290 ipso
878 5205 1067 5272 arbustum
1089 5207 1125 5271 et
1151 5205 1225 5290 ipso
1248 5205 1400 5271 bacuum
1424 5207 1587 5276 tradidit.
1605 5209 1698 5277 unde
1714 5231 1778 5296 pro
1795 5214 1917 5284 taliter
1933 5237 1996 5302 per
2012 5238 2106 5290 vona

248 5359 498 5428 convenientia
521 5359 558 5424 et
574 5376 637 5443 per
653 5355 963 5424 demandationem
988 5357 1100 5442 ipsius
1116 5357 1236 5424 domni
1253 5358 1375 5427 abbati
1392 5361 1526 5446 guadia
1542 5363 1714 5448 mihiipsi
1733 5370 1899 5451 germani
1916 5370 2103 5457 dederunt,

248 5519 282 5582 et
305 5513 520 5582 mediatores
544 5509 634 5575 mihi
658 5511 852 5594 posuerunt
875 5525 912 5575 se
937 5507 1025 5593 ipsi3
1050 5511 1086 5574 et
1109 5526 1171 5594 per
1196 5508 1275 5594 ipsa
1299 5511 1434 5596 guadia
1457 5513 1709 5599 obligaverunt
1732 5536 1768 5585 se
1792 5537 1942 5604 suosque
1959 5519 2051 5587 filios
2068 5528 2104 5590 et

247 5663 392 5734 heredes
415 5661 479 5730 tali
504 5661 642 5747 ordine,
667 5659 714 5727 ud
738 5659 864 5728 amodo
887 5663 922 5727 et
946 5677 1084 5746 semper
1108 5661 1205 5728 omni
1230 5664 1386 5748 tempore
1409 5665 1455 5732 ad
1478 5681 1544 5735 sua
1567 5670 1602 5734 et
1618 5667 1661 5735 de
1678 5669 1753 5736 suis
1769 5670 1935 5739 eredibus
1952 5674 2027 5740 sint
2043 5690 2104 5761 po·

248 5820 375 5886 testate
399 5833 459 5884 eos
474 5815 666 5884 tenendum
689 5820 726 5884 et
748 5814 1016 5900 dominandum,
1041 5818 1076 5882 et
1091 5815 1189 5883 lobee
1204 5818 1240 5882 et
1255 5817 1371 5885 omnis
1386 5834 1449 5884 sue
1466 5816 1637 5886 utilitatis
1652 5821 1747 5888 iusta
1764 5823 1942 5893 rationem
1961 5826 2097 5895 ibidem
