<?xml version="1.0" encoding="UTF-8"?>
<!DOCTYPE html PUBLIC "-//W3C//DTD XHTML 1.0 Transitional//EN"
    "http://www.w3.org/TR/xhtml1/DTD/xhtml1-transitional.dtd">
<html xmlns="http://www.w3.org/1999/xhtml" xml:lang="en" lang="en">
 <head>
  <title>
</title>
<meta http-equiv="Content-Type" content="text/html;charset=utf-8" />
  <meta name='ocr-system' content='tesseract 3.04.00' />
  <meta name='ocr-capabilities' content='ocr_page ocr_carea ocr_par ocr_line ocrx_word'/>
</head>
<body>
  <div class='ocr_page' id='page_1' title='image "./codexdiplomatic05aragoog_0188.png"; bbox 0 0 5334 7098; ppageno 0'>
   <div class='ocr_carea' id='block_1_1' title="bbox 989 559 2061 635">
    <p class='ocr_par' dir='ltr' id='par_1_1' title="bbox 989 559 2061 635">
     <span class='ocr_line' id='line_1_1' title="bbox 989 559 2061 635; baseline -0.003 -3"><span class='ocrx_word' id='word_1_1' title='bbox 989 563 1391 635; x_wconf 73' lang='lat' dir='ltr'>llll&#39;tblll&#39;llttls</span> <span class='ocrx_word' id='word_1_2' title='bbox 1999 559 2061 630; x_wconf 77' lang='grc'>111</span> 
     </span>
    </p>
   </div>
   <div class='ocr_carea' id='block_1_2' title="bbox 267 785 2121 1488">
    <p class='ocr_par' dir='ltr' id='par_1_2' title="bbox 267 785 2121 1488">
     <span class='ocr_line' id='line_1_2' title="bbox 268 785 2116 880; baseline -0.002 -24"><span class='ocrx_word' id='word_1_3' title='bbox 268 790 305 856; x_wconf 92' lang='grc'>16</span> <span class='ocrx_word' id='word_1_4' title='bbox 328 789 405 876; x_wconf 88' lang='grc'><strong>1666</strong></span> <span class='ocrx_word' id='word_1_5' title='bbox 429 788 545 854; x_wconf 87' lang='grc'><strong>166661</strong></span> <span class='ocrx_word' id='word_1_6' title='bbox 568 785 733 872; x_wconf 86' lang='grc'><strong>6666116,</strong></span> <span class='ocrx_word' id='word_1_7' title='bbox 757 787 850 872; x_wconf 87' lang='lat' dir='ltr'>quod</span> <span class='ocrx_word' id='word_1_8' title='bbox 874 787 920 854; x_wconf 87' lang='lat' dir='ltr'>ad</span> <span class='ocrx_word' id='word_1_9' title='bbox 944 785 1178 856; x_wconf 88' lang='lat' dir='ltr'>laborandum</span> <span class='ocrx_word' id='word_1_10' title='bbox 1194 789 1313 880; x_wconf 82' lang='lat' dir='ltr'>tenuit</span> <span class='ocrx_word' id='word_1_11' title='bbox 1327 807 1391 874; x_wconf 92' lang='lat' dir='ltr'>per</span> <span class='ocrx_word' id='word_1_12' title='bbox 1407 791 1549 858; x_wconf 84' lang='lat' dir='ltr'>brebem</span> <span class='ocrx_word' id='word_1_13' title='bbox 1565 807 1681 875; x_wconf 86' lang='grc'><strong>111666,</strong></span> <span class='ocrx_word' id='word_1_14' title='bbox 1699 797 1734 856; x_wconf 92' lang='grc'>61</span> <span class='ocrx_word' id='word_1_15' title='bbox 1749 788 1849 856; x_wconf 89' lang='lat' dir='ltr'>modo</span> <span class='ocrx_word' id='word_1_16' title='bbox 1866 789 1949 854; x_wconf 89' lang='lat' dir='ltr'>illut</span> <span class='ocrx_word' id='word_1_17' title='bbox 1968 787 2005 853; x_wconf 92' lang='lat' dir='ltr'>in</span> <span class='ocrx_word' id='word_1_18' title='bbox 2030 805 2116 873; x_wconf 88' lang='lat' dir='ltr'>pars</span> 
     </span>
     <span class='ocr_line' id='line_1_3' title="bbox 269 937 2118 1030; baseline 0.001 -21"><span class='ocrx_word' id='word_1_19' title='bbox 269 940 381 1030; x_wconf 91' lang='lat' dir='ltr'>ipsius</span> <span class='ocrx_word' id='word_1_20' title='bbox 404 939 553 1010; x_wconf 83' lang='lat' dir='ltr'>ecclesie</span> <span class='ocrx_word' id='word_1_21' title='bbox 576 938 716 1022; x_wconf 80' lang='lat' dir='ltr'>remisit</span> <span class='ocrx_word' id='word_1_22' title='bbox 739 939 822 1006; x_wconf 87' lang='lat' dir='ltr'>illut</span> <span class='ocrx_word' id='word_1_23' title='bbox 844 937 1001 1008; x_wconf 82' lang='lat' dir='ltr'>ademari</span> <span class='ocrx_word' id='word_1_24' title='bbox 1025 939 1100 1008; x_wconf 83' lang='lat' dir='ltr'>filio</span> <span class='ocrx_word' id='word_1_25' title='bbox 1123 939 1235 1026; x_wconf 89' lang='lat' dir='ltr'>ipsius</span> <span class='ocrx_word' id='word_1_26' title='bbox 1257 940 1358 1026; x_wconf 90' lang='lat' dir='ltr'>ursi,</span> <span class='ocrx_word' id='word_1_27' title='bbox 1390 945 1425 1009; x_wconf 91' lang='lat' dir='ltr'>et</span> <span class='ocrx_word' id='word_1_28' title='bbox 1447 961 1515 1030; x_wconf 90' lang='lat' dir='ltr'>ego</span> <span class='ocrx_word' id='word_1_29' title='bbox 1537 943 1617 1011; x_wconf 89' lang='lat' dir='ltr'>illut</span> <span class='ocrx_word' id='word_1_30' title='bbox 1640 942 1679 1010; x_wconf 91' lang='lat' dir='ltr'>in</span> <span class='ocrx_word' id='word_1_31' title='bbox 1704 942 1915 1011; x_wconf 85' lang='lat' dir='ltr'>beneficium</span> <span class='ocrx_word' id='word_1_32' title='bbox 1942 945 2045 1010; x_wconf 91' lang='lat' dir='ltr'>teneo</span> <span class='ocrx_word' id='word_1_33' title='bbox 2071 941 2118 1010; x_wconf 88' lang='lat' dir='ltr'>da</span> 
     </span>
     <span class='ocr_line' id='line_1_4' title="bbox 268 1091 2121 1183; baseline -0.003 -19"><span class='ocrx_word' id='word_1_34' title='bbox 268 1113 351 1180; x_wconf 89' lang='grc'><strong>6616</strong></span> <span class='ocrx_word' id='word_1_35' title='bbox 374 1093 486 1180; x_wconf 91' lang='lat' dir='ltr'>ipsius</span> <span class='ocrx_word' id='word_1_36' title='bbox 508 1091 670 1178; x_wconf 84' lang='lat' dir='ltr'>ecclesie,</span> <span class='ocrx_word' id='word_1_37' title='bbox 686 1095 723 1159; x_wconf 92' lang='lat' dir='ltr'>et</span> <span class='ocrx_word' id='word_1_38' title='bbox 738 1095 792 1161; x_wconf 91' lang='lat' dir='ltr'>est</span> <span class='ocrx_word' id='word_1_39' title='bbox 814 1095 892 1160; x_wconf 87' lang='lat' dir='ltr'>tota</span> <span class='ocrx_word' id='word_1_40' title='bbox 916 1092 995 1179; x_wconf 89' lang='lat' dir='ltr'>ipsa</span> <span class='ocrx_word' id='word_1_41' title='bbox 1017 1094 1123 1160; x_wconf 86' lang='lat' dir='ltr'>rebus</span> <span class='ocrx_word' id='word_1_42' title='bbox 1146 1113 1208 1180; x_wconf 90' lang='lat' dir='ltr'>per</span> <span class='ocrx_word' id='word_1_43' title='bbox 1232 1095 1297 1160; x_wconf 92' lang='lat' dir='ltr'>hec</span> <span class='ocrx_word' id='word_1_44' title='bbox 1320 1093 1422 1162; x_wconf 86' lang='lat' dir='ltr'>finis:</span> <span class='ocrx_word' id='word_1_45' title='bbox 1446 1096 1489 1164; x_wconf 90' lang='lat' dir='ltr'>de</span> <span class='ocrx_word' id='word_1_46' title='bbox 1505 1112 1580 1164; x_wconf 88' lang='lat' dir='ltr'>nna</span> <span class='ocrx_word' id='word_1_47' title='bbox 1595 1114 1678 1183; x_wconf 89' lang='lat' dir='ltr'>pars</span> <span class='ocrx_word' id='word_1_48' title='bbox 1693 1114 1716 1163; x_wconf 89' lang='lat' dir='ltr'>a</span> <span class='ocrx_word' id='word_1_49' title='bbox 1732 1093 1999 1180; x_wconf 79' lang='lat' dir='ltr'>septemtrionis</span> <span class='ocrx_word' id='word_1_50' title='bbox 2024 1091 2121 1160; x_wconf 91' lang='lat' dir='ltr'>sicut</span> 
     </span>
     <span class='ocr_line' id='line_1_5' title="bbox 268 1243 2117 1333; baseline 0 -21"><span class='ocrx_word' id='word_1_51' title='bbox 268 1244 382 1314; x_wconf 90' lang='lat' dir='ltr'>medio</span> <span class='ocrx_word' id='word_1_52' title='bbox 404 1245 555 1328; x_wconf 89' lang='lat' dir='ltr'>aquario</span> <span class='ocrx_word' id='word_1_53' title='bbox 579 1243 775 1329; x_wconf 90' lang='lat' dir='ltr'>discernit,</span> <span class='ocrx_word' id='word_1_54' title='bbox 807 1244 900 1311; x_wconf 91' lang='lat' dir='ltr'>unde</span> <span class='ocrx_word' id='word_1_55' title='bbox 924 1263 1020 1330; x_wconf 89' lang='lat' dir='ltr'>aqua</span> <span class='ocrx_word' id='word_1_56' title='bbox 1043 1244 1246 1314; x_wconf 88' lang='lat' dir='ltr'>fluminario</span> <span class='ocrx_word' id='word_1_57' title='bbox 1271 1244 1496 1314; x_wconf 88' lang='lat' dir='ltr'>discurrent:</span> <span class='ocrx_word' id='word_1_58' title='bbox 1527 1247 1571 1314; x_wconf 92' lang='lat' dir='ltr'>de</span> <span class='ocrx_word' id='word_1_59' title='bbox 1595 1251 1715 1333; x_wconf 86' lang='lat' dir='ltr'>supter</span> <span class='ocrx_word' id='word_1_60' title='bbox 1738 1251 1841 1333; x_wconf 91' lang='lat' dir='ltr'>parte</span> <span class='ocrx_word' id='word_1_61' title='bbox 1865 1248 1912 1316; x_wconf 90' lang='lat' dir='ltr'>ab</span> <span class='ocrx_word' id='word_1_62' title='bbox 1935 1244 2117 1314; x_wconf 88' lang='lat' dir='ltr'>occidente</span> 
     </span>
     <span class='ocr_line' id='line_1_6' title="bbox 267 1395 2119 1488; baseline 0.001 -22"><span class='ocrx_word' id='word_1_63' title='bbox 267 1401 337 1468; x_wconf 85' lang='grc'><strong>1166</strong></span> <span class='ocrx_word' id='word_1_64' title='bbox 361 1397 404 1465; x_wconf 92' lang='lat' dir='ltr'>de</span> <span class='ocrx_word' id='word_1_65' title='bbox 427 1397 549 1465; x_wconf 90' lang='lat' dir='ltr'>eredes</span> <span class='ocrx_word' id='word_1_66' title='bbox 574 1396 788 1484; x_wconf 90' lang='lat' dir='ltr'>ermeperti,</span> <span class='ocrx_word' id='word_1_67' title='bbox 812 1395 905 1464; x_wconf 90' lang='lat' dir='ltr'>sicut</span> <span class='ocrx_word' id='word_1_68' title='bbox 927 1395 1042 1465; x_wconf 90' lang='lat' dir='ltr'>limite</span> <span class='ocrx_word' id='word_1_69' title='bbox 1066 1402 1102 1465; x_wconf 91' lang='lat' dir='ltr'>et</span> <span class='ocrx_word' id='word_1_70' title='bbox 1124 1397 1247 1468; x_wconf 89' lang='lat' dir='ltr'>sabuci</span> <span class='ocrx_word' id='word_1_71' title='bbox 1271 1404 1307 1468; x_wconf 92' lang='lat' dir='ltr'>et</span> <span class='ocrx_word' id='word_1_72' title='bbox 1335 1419 1418 1488; x_wconf 89' lang='lat' dir='ltr'>sepe</span> <span class='ocrx_word' id='word_1_73' title='bbox 1449 1400 1641 1470; x_wconf 88' lang='lat' dir='ltr'>discernit:</span> <span class='ocrx_word' id='word_1_74' title='bbox 1675 1403 1718 1469; x_wconf 93' lang='lat' dir='ltr'>de</span> <span class='ocrx_word' id='word_1_75' title='bbox 1749 1401 1825 1471; x_wconf 89' lang='lat' dir='ltr'>alia</span> <span class='ocrx_word' id='word_1_76' title='bbox 1856 1418 1939 1468; x_wconf 93' lang='lat' dir='ltr'>vero</span> <span class='ocrx_word' id='word_1_77' title='bbox 1969 1403 2072 1488; x_wconf 88' lang='lat' dir='ltr'>parte</span> <span class='ocrx_word' id='word_1_78' title='bbox 2096 1423 2119 1468; x_wconf 87' lang='lat' dir='ltr'>a</span> 
     </span>
    </p>
   </div>
   <div class='ocr_carea' id='block_1_3' title="bbox 269 1550 2119 1641">
    <p class='ocr_par' dir='ltr' id='par_1_3' title="bbox 269 1550 2119 1641">
     <span class='ocr_line' id='line_1_7' title="bbox 269 1550 2119 1641; baseline 0.002 -23"><span class='ocrx_word' id='word_1_79' title='bbox 269 1550 418 1620; x_wconf 89' lang='lat' dir='ltr'>meridie</span> <span class='ocrx_word' id='word_1_80' title='bbox 441 1552 512 1618; x_wconf 87' lang='lat' dir='ltr'>fine</span> <span class='ocrx_word' id='word_1_81' title='bbox 536 1557 634 1620; x_wconf 89' lang='lat' dir='ltr'>terra</span> <span class='ocrx_word' id='word_1_82' title='bbox 657 1552 805 1620; x_wconf 87' lang='lat' dir='ltr'>ecclesie</span> <span class='ocrx_word' id='word_1_83' title='bbox 829 1553 945 1622; x_wconf 90' lang='lat' dir='ltr'>sancti</span> <span class='ocrx_word' id='word_1_84' title='bbox 969 1552 1051 1640; x_wconf 91' lang='lat' dir='ltr'>biti,</span> <span class='ocrx_word' id='word_1_85' title='bbox 1075 1553 1268 1638; x_wconf 84' lang='lat' dir='ltr'>quemodo</span> <span class='ocrx_word' id='word_1_86' title='bbox 1291 1554 1466 1622; x_wconf 87' lang='lat' dir='ltr'>derictum</span> <span class='ocrx_word' id='word_1_87' title='bbox 1489 1553 1586 1624; x_wconf 85' lang='lat' dir='ltr'>exiet</span> <span class='ocrx_word' id='word_1_88' title='bbox 1610 1553 1705 1624; x_wconf 88' lang='lat' dir='ltr'>iusta</span> <span class='ocrx_word' id='word_1_89' title='bbox 1730 1555 1809 1641; x_wconf 89' lang='lat' dir='ltr'>ipsa</span> <span class='ocrx_word' id='word_1_90' title='bbox 1832 1554 1984 1622; x_wconf 88' lang='lat' dir='ltr'>ecclesia</span> <span class='ocrx_word' id='word_1_91' title='bbox 1999 1552 2119 1623; x_wconf 88' lang='lat' dir='ltr'>sancti</span> 
     </span>
    </p>
   </div>
   <div class='ocr_carea' id='block_1_4' title="bbox 158 1703 2119 1807">
    <p class='ocr_par' dir='ltr' id='par_1_4' title="bbox 158 1703 2119 1807">
     <span class='ocr_line' id='line_1_8' title="bbox 158 1703 2119 1807; baseline 0.003 -37"><span class='ocrx_word' id='word_1_92' title='bbox 158 1785 160 1788; x_wconf 17' lang='lat'>¹</span> <span class='ocrx_word' id='word_1_93' title='bbox 268 1703 330 1774; x_wconf 93' lang='lat' dir='ltr'>biti</span> <span class='ocrx_word' id='word_1_94' title='bbox 355 1705 418 1792; x_wconf 93' lang='lat' dir='ltr'>qui</span> <span class='ocrx_word' id='word_1_95' title='bbox 442 1705 571 1776; x_wconf 87' lang='lat' dir='ltr'>orado</span> <span class='ocrx_word' id='word_1_96' title='bbox 594 1709 743 1791; x_wconf 92' lang='lat' dir='ltr'>puteum</span> <span class='ocrx_word' id='word_1_97' title='bbox 765 1705 1005 1793; x_wconf 85' lang='lat' dir='ltr'>pertinentem</span> <span class='ocrx_word' id='word_1_98' title='bbox 1028 1705 1071 1774; x_wconf 93' lang='lat' dir='ltr'>de</span> <span class='ocrx_word' id='word_1_99' title='bbox 1096 1707 1297 1807; x_wconf 83' lang='lat' dir='ltr'>ipsaterra</span> <span class='ocrx_word' id='word_1_100' title='bbox 1321 1711 1482 1775; x_wconf 82' lang='lat' dir='ltr'>cessante</span> <span class='ocrx_word' id='word_1_101' title='bbox 1507 1710 1553 1776; x_wconf 92' lang='lat' dir='ltr'>ab</span> <span class='ocrx_word' id='word_1_102' title='bbox 1577 1726 1641 1777; x_wconf 89' lang='lat' dir='ltr'>ora</span> <span class='ocrx_word' id='word_1_103' title='bbox 1665 1708 1707 1775; x_wconf 92' lang='lat' dir='ltr'>de</span> <span class='ocrx_word' id='word_1_104' title='bbox 1725 1707 1801 1795; x_wconf 91' lang='lat' dir='ltr'>ipso</span> <span class='ocrx_word' id='word_1_105' title='bbox 1818 1713 1966 1793; x_wconf 90' lang='lat' dir='ltr'>puteum</span> <span class='ocrx_word' id='word_1_106' title='bbox 1983 1707 2023 1774; x_wconf 93' lang='lat' dir='ltr'>in</span> <span class='ocrx_word' id='word_1_107' title='bbox 2040 1709 2119 1796; x_wconf 87' lang='lat' dir='ltr'>ipsa</span> 
     </span>
    </p>
   </div>
   <div class='ocr_carea' id='block_1_5' title="bbox 262 1858 2216 5651">
    <p class='ocr_par' dir='ltr' id='par_1_5' title="bbox 262 1858 2216 5651">
     <span class='ocr_line' id='line_1_9' title="bbox 271 1858 2122 1950; baseline 0.002 -26"><span class='ocrx_word' id='word_1_108' title='bbox 271 1877 354 1942; x_wconf 89' lang='lat' dir='ltr'>pars</span> <span class='ocrx_word' id='word_1_109' title='bbox 377 1858 527 1928; x_wconf 91' lang='lat' dir='ltr'>meridie</span> <span class='ocrx_word' id='word_1_110' title='bbox 551 1860 655 1946; x_wconf 90' lang='lat' dir='ltr'>pedes</span> <span class='ocrx_word' id='word_1_111' title='bbox 677 1861 765 1928; x_wconf 91' lang='lat' dir='ltr'>duos</span> <span class='ocrx_word' id='word_1_112' title='bbox 788 1861 834 1930; x_wconf 91' lang='lat' dir='ltr'>ad</span> <span class='ocrx_word' id='word_1_113' title='bbox 857 1879 1015 1948; x_wconf 88' lang='lat' dir='ltr'>manum,</span> <span class='ocrx_word' id='word_1_114' title='bbox 1040 1865 1075 1929; x_wconf 93' lang='lat' dir='ltr'>et</span> <span class='ocrx_word' id='word_1_115' title='bbox 1097 1861 1149 1930; x_wconf 91' lang='lat' dir='ltr'>sic</span> <span class='ocrx_word' id='word_1_116' title='bbox 1172 1862 1348 1931; x_wconf 89' lang='lat' dir='ltr'>derictum</span> <span class='ocrx_word' id='word_1_117' title='bbox 1371 1861 1515 1932; x_wconf 87' lang='lat' dir='ltr'>exiente</span> <span class='ocrx_word' id='word_1_118' title='bbox 1539 1881 1648 1950; x_wconf 88' lang='lat' dir='ltr'>usque</span> <span class='ocrx_word' id='word_1_119' title='bbox 1671 1863 1717 1930; x_wconf 90' lang='lat' dir='ltr'>ad</span> <span class='ocrx_word' id='word_1_120' title='bbox 1741 1863 1813 1930; x_wconf 84' lang='lat' dir='ltr'>tine</span> <span class='ocrx_word' id='word_1_121' title='bbox 1836 1862 1949 1950; x_wconf 89' lang='lat' dir='ltr'>ipsius</span> <span class='ocrx_word' id='word_1_122' title='bbox 1972 1861 2122 1930; x_wconf 87' lang='lat' dir='ltr'>ecclesie</span> 
     </span>
     <span class='ocr_line' id='line_1_10' title="bbox 270 2013 2125 2104; baseline 0.002 -26"><span class='ocrx_word' id='word_1_123' title='bbox 270 2014 384 2082; x_wconf 90' lang='lat' dir='ltr'>sancti</span> <span class='ocrx_word' id='word_1_124' title='bbox 409 2013 492 2100; x_wconf 72' lang='lat' dir='ltr'>biti,</span> <span class='ocrx_word' id='word_1_125' title='bbox 509 2017 545 2082; x_wconf 91' lang='grc'>61</span> <span class='ocrx_word' id='word_1_126' title='bbox 569 2013 651 2082; x_wconf 91' lang='lat' dir='ltr'>inde</span> <span class='ocrx_word' id='word_1_127' title='bbox 675 2015 881 2083; x_wconf 88' lang='lat' dir='ltr'>rebolbente</span> <span class='ocrx_word' id='word_1_128' title='bbox 905 2034 968 2102; x_wconf 91' lang='lat' dir='ltr'>per</span> <span class='ocrx_word' id='word_1_129' title='bbox 992 2014 1071 2101; x_wconf 90' lang='lat' dir='ltr'>ipsa</span> <span class='ocrx_word' id='word_1_130' title='bbox 1094 2014 1165 2083; x_wconf 87' lang='lat' dir='ltr'>fine</span> <span class='ocrx_word' id='word_1_131' title='bbox 1188 2017 1407 2102; x_wconf 87' lang='lat' dir='ltr'>inpartibus</span> <span class='ocrx_word' id='word_1_132' title='bbox 1431 2015 1756 2104; x_wconf 90' lang='lat' dir='ltr'>septemptrionalis</span> <span class='ocrx_word' id='word_1_133' title='bbox 1780 2015 1873 2084; x_wconf 88' lang='lat' dir='ltr'>sicut</span> <span class='ocrx_word' id='word_1_134' title='bbox 1897 2015 2012 2092; x_wconf 89' lang='lat' dir='ltr'>medio</span> <span class='ocrx_word' id='word_1_135' title='bbox 2038 2015 2125 2102; x_wconf 91' lang='lat' dir='ltr'>poiu</span> 
     </span>
     <span class='ocr_line' id='line_1_11' title="bbox 267 2167 2120 2258; baseline 0.001 -24"><span class='ocrx_word' id='word_1_136' title='bbox 267 2173 304 2235; x_wconf 90' lang='grc'>61</span> <span class='ocrx_word' id='word_1_137' title='bbox 327 2168 453 2237; x_wconf 88' lang='lat' dir='ltr'>sabuci</span> <span class='ocrx_word' id='word_1_138' title='bbox 478 2173 513 2236; x_wconf 92' lang='grc'>61</span> <span class='ocrx_word' id='word_1_139' title='bbox 536 2187 617 2254; x_wconf 90' lang='lat' dir='ltr'>sepe</span> <span class='ocrx_word' id='word_1_140' title='bbox 641 2167 828 2236; x_wconf 89' lang='lat' dir='ltr'>discernit:</span> <span class='ocrx_word' id='word_1_141' title='bbox 853 2173 889 2236; x_wconf 91' lang='grc'>61</span> <span class='ocrx_word' id='word_1_142' title='bbox 913 2169 1045 2236; x_wconf 89' lang='lat' dir='ltr'>iterum</span> <span class='ocrx_word' id='word_1_143' title='bbox 1061 2171 1263 2238; x_wconf 90' lang='lat' dir='ltr'>rebolbente</span> <span class='ocrx_word' id='word_1_144' title='bbox 1278 2187 1341 2258; x_wconf 89' lang='lat' dir='ltr'>per</span> <span class='ocrx_word' id='word_1_145' title='bbox 1358 2171 1436 2257; x_wconf 89' lang='lat' dir='ltr'>ipsa</span> <span class='ocrx_word' id='word_1_146' title='bbox 1451 2172 1523 2238; x_wconf 88' lang='lat' dir='ltr'>fine</span> <span class='ocrx_word' id='word_1_147' title='bbox 1539 2171 1657 2238; x_wconf 90' lang='grc'><strong>666611</strong></span> <span class='ocrx_word' id='word_1_148' title='bbox 1677 2171 1741 2255; x_wconf 84' lang='lat' dir='ltr'>biti</span> <span class='ocrx_word' id='word_1_149' title='bbox 1757 2170 1796 2237; x_wconf 90' lang='lat' dir='ltr'>in</span> <span class='ocrx_word' id='word_1_150' title='bbox 1813 2169 1977 2255; x_wconf 87' lang='lat' dir='ltr'>partibus</span> <span class='ocrx_word' id='word_1_151' title='bbox 2001 2169 2120 2236; x_wconf 92' lang='lat' dir='ltr'>orien-</span> 
     </span>
     <span class='ocr_line' id='line_1_12' title="bbox 269 2321 2122 2410; baseline 0.001 -22"><span class='ocrx_word' id='word_1_152' title='bbox 269 2325 329 2408; x_wconf 88' lang='grc'><strong>116,</strong></span> <span class='ocrx_word' id='word_1_153' title='bbox 355 2321 449 2390; x_wconf 90' lang='lat' dir='ltr'>sicut</span> <span class='ocrx_word' id='word_1_154' title='bbox 474 2322 589 2391; x_wconf 91' lang='lat' dir='ltr'>limite</span> <span class='ocrx_word' id='word_1_155' title='bbox 613 2329 648 2392; x_wconf 90' lang='lat' dir='ltr'>et</span> <span class='ocrx_word' id='word_1_156' title='bbox 671 2343 752 2410; x_wconf 90' lang='lat' dir='ltr'>sepe</span> <span class='ocrx_word' id='word_1_157' title='bbox 775 2323 970 2408; x_wconf 82' lang='grc'><strong>1116661611;</strong></span> <span class='ocrx_word' id='word_1_158' title='bbox 996 2329 1033 2392; x_wconf 93' lang='grc'>61</span> <span class='ocrx_word' id='word_1_159' title='bbox 1056 2323 1201 2392; x_wconf 85' lang='lat' dir='ltr'>exiente</span> <span class='ocrx_word' id='word_1_160' title='bbox 1223 2323 1399 2392; x_wconf 90' lang='lat' dir='ltr'>derictum</span> <span class='ocrx_word' id='word_1_161' title='bbox 1423 2344 1485 2410; x_wconf 90' lang='lat' dir='ltr'>per</span> <span class='ocrx_word' id='word_1_162' title='bbox 1502 2324 1574 2392; x_wconf 84' lang='lat' dir='ltr'>fine</span> <span class='ocrx_word' id='word_1_163' title='bbox 1593 2327 1636 2392; x_wconf 90' lang='lat' dir='ltr'>de</span> <span class='ocrx_word' id='word_1_164' title='bbox 1652 2323 1773 2392; x_wconf 89' lang='lat' dir='ltr'>eredes</span> <span class='ocrx_word' id='word_1_165' title='bbox 1790 2323 1903 2409; x_wconf 90' lang='lat' dir='ltr'>ipsius</span> <span class='ocrx_word' id='word_1_166' title='bbox 1926 2321 2122 2410; x_wconf 87' lang='lat' dir='ltr'>ermeperti</span> 
     </span>
     <span class='ocr_line' id='line_1_13' title="bbox 267 2473 2113 2564; baseline -0.001 -20"><span class='ocrx_word' id='word_1_167' title='bbox 267 2481 303 2544; x_wconf 92' lang='grc'>61</span> <span class='ocrx_word' id='word_1_168' title='bbox 328 2475 568 2563; x_wconf 89' lang='lat' dir='ltr'>coniungente</span> <span class='ocrx_word' id='word_1_169' title='bbox 591 2478 637 2546; x_wconf 87' lang='lat' dir='ltr'>ad</span> <span class='ocrx_word' id='word_1_170' title='bbox 661 2479 731 2546; x_wconf 90' lang='lat' dir='ltr'>fine</span> <span class='ocrx_word' id='word_1_171' title='bbox 762 2479 805 2546; x_wconf 94' lang='lat' dir='ltr'>de</span> <span class='ocrx_word' id='word_1_172' title='bbox 833 2478 956 2546; x_wconf 90' lang='lat' dir='ltr'>eredes</span> <span class='ocrx_word' id='word_1_173' title='bbox 980 2476 1232 2564; x_wconf 84' lang='lat' dir='ltr'>ermengardi,</span> <span class='ocrx_word' id='word_1_174' title='bbox 1265 2477 1359 2544; x_wconf 89' lang='lat' dir='ltr'>sicut</span> <span class='ocrx_word' id='word_1_175' title='bbox 1388 2476 1583 2562; x_wconf 91' lang='lat' dir='ltr'>aliquando</span> <span class='ocrx_word' id='word_1_176' title='bbox 1615 2473 1746 2543; x_wconf 89' lang='lat' dir='ltr'>ibidem</span> <span class='ocrx_word' id='word_1_177' title='bbox 1777 2476 2049 2544; x_wconf 85' lang='lat' dir='ltr'>fundamentum</span> <span class='ocrx_word' id='word_1_178' title='bbox 2070 2477 2113 2545; x_wconf 89' lang='lat' dir='ltr'>de</span> 
     </span>
     <span class='ocr_line' id='line_1_14' title="bbox 269 2629 2112 2717; baseline -0.002 -17"><span class='ocrx_word' id='word_1_179' title='bbox 269 2633 408 2716; x_wconf 89' lang='lat' dir='ltr'>pariete</span> <span class='ocrx_word' id='word_1_180' title='bbox 433 2631 581 2717; x_wconf 90' lang='lat' dir='ltr'>antiquo</span> <span class='ocrx_word' id='word_1_181' title='bbox 606 2631 797 2699; x_wconf 90' lang='lat' dir='ltr'>discernit:</span> <span class='ocrx_word' id='word_1_182' title='bbox 823 2651 846 2700; x_wconf 90' lang='lat' dir='ltr'>a</span> <span class='ocrx_word' id='word_1_183' title='bbox 870 2631 1033 2717; x_wconf 87' lang='lat' dir='ltr'>partibus</span> <span class='ocrx_word' id='word_1_184' title='bbox 1056 2629 1207 2697; x_wconf 91' lang='lat' dir='ltr'>orientis</span> <span class='ocrx_word' id='word_1_185' title='bbox 1230 2633 1302 2698; x_wconf 86' lang='lat' dir='ltr'>fine</span> <span class='ocrx_word' id='word_1_186' title='bbox 1324 2630 1367 2698; x_wconf 92' lang='lat' dir='ltr'>de</span> <span class='ocrx_word' id='word_1_187' title='bbox 1390 2632 1511 2700; x_wconf 90' lang='lat' dir='ltr'>eredes</span> <span class='ocrx_word' id='word_1_188' title='bbox 1535 2629 1681 2716; x_wconf 90' lang='lat' dir='ltr'>audati,</span> <span class='ocrx_word' id='word_1_189' title='bbox 1706 2630 1800 2696; x_wconf 90' lang='lat' dir='ltr'>sicut</span> <span class='ocrx_word' id='word_1_190' title='bbox 1824 2647 1906 2714; x_wconf 86' lang='lat' dir='ltr'>sepe</span> <span class='ocrx_word' id='word_1_191' title='bbox 1929 2635 1965 2697; x_wconf 93' lang='grc'>61</span> <span class='ocrx_word' id='word_1_192' title='bbox 1989 2633 2112 2700; x_wconf 87' lang='lat' dir='ltr'>sabuci</span> 
     </span>
     <span class='ocr_line' id='line_1_15' title="bbox 267 2783 2117 2873; baseline -0.002 -20"><span class='ocrx_word' id='word_1_193' title='bbox 267 2789 303 2853; x_wconf 88' lang='lat' dir='ltr'>ot</span> <span class='ocrx_word' id='word_1_194' title='bbox 327 2786 441 2855; x_wconf 90' lang='lat' dir='ltr'>limite</span> <span class='ocrx_word' id='word_1_195' title='bbox 464 2785 647 2872; x_wconf 89' lang='lat' dir='ltr'>discernit,</span> <span class='ocrx_word' id='word_1_196' title='bbox 670 2786 707 2853; x_wconf 92' lang='lat' dir='ltr'>et</span> <span class='ocrx_word' id='word_1_197' title='bbox 730 2789 971 2873; x_wconf 89' lang='lat' dir='ltr'>coniungente</span> <span class='ocrx_word' id='word_1_198' title='bbox 995 2788 1033 2854; x_wconf 92' lang='lat' dir='ltr'>in</span> <span class='ocrx_word' id='word_1_199' title='bbox 1058 2786 1134 2872; x_wconf 92' lang='lat' dir='ltr'>ipso</span> <span class='ocrx_word' id='word_1_200' title='bbox 1157 2786 1309 2870; x_wconf 84' lang='lat' dir='ltr'>aquario</span> <span class='ocrx_word' id='word_1_201' title='bbox 1331 2785 1392 2869; x_wconf 90' lang='lat' dir='ltr'>qui</span> <span class='ocrx_word' id='word_1_202' title='bbox 1417 2789 1470 2850; x_wconf 88' lang='lat' dir='ltr'>est</span> <span class='ocrx_word' id='word_1_203' title='bbox 1493 2784 1611 2868; x_wconf 88' lang='lat' dir='ltr'>priore</span> <span class='ocrx_word' id='word_1_204' title='bbox 1637 2783 1733 2870; x_wconf 76' lang='lat' dir='ltr'>fine,</span> <span class='ocrx_word' id='word_1_205' title='bbox 1757 2783 1801 2851; x_wconf 94' lang='lat' dir='ltr'>de</span> <span class='ocrx_word' id='word_1_206' title='bbox 1825 2801 1865 2850; x_wconf 93' lang='lat' dir='ltr'>ec</span> <span class='ocrx_word' id='word_1_207' title='bbox 1890 2801 1973 2852; x_wconf 86' lang='lat' dir='ltr'>vero</span> <span class='ocrx_word' id='word_1_208' title='bbox 1990 2803 2117 2872; x_wconf 85' lang='lat' dir='ltr'>supra-</span> 
     </span>
     <span class='ocr_line' id='line_1_16' title="bbox 267 2936 2118 3028; baseline -0.002 -20"><span class='ocrx_word' id='word_1_209' title='bbox 267 2940 363 3011; x_wconf 88' lang='lat' dir='ltr'>dicta</span> <span class='ocrx_word' id='word_1_210' title='bbox 385 2945 491 3010; x_wconf 91' lang='lat' dir='ltr'>rebus</span> <span class='ocrx_word' id='word_1_211' title='bbox 516 2942 612 3010; x_wconf 83' lang='lat' dir='ltr'>infra</span> <span class='ocrx_word' id='word_1_212' title='bbox 635 2941 840 3028; x_wconf 82' lang='lat' dir='ltr'>supradicte</span> <span class='ocrx_word' id='word_1_213' title='bbox 863 2941 947 3008; x_wconf 85' lang='lat' dir='ltr'>finis</span> <span class='ocrx_word' id='word_1_214' title='bbox 971 2939 1099 3008; x_wconf 89' lang='lat' dir='ltr'>inclita</span> <span class='ocrx_word' id='word_1_215' title='bbox 1123 2940 1200 3024; x_wconf 90' lang='lat' dir='ltr'>ipsa</span> <span class='ocrx_word' id='word_1_216' title='bbox 1223 2937 1394 3006; x_wconf 85' lang='lat' dir='ltr'>medietas</span> <span class='ocrx_word' id='word_1_217' title='bbox 1418 2939 1455 3005; x_wconf 92' lang='grc'>16</span> <span class='ocrx_word' id='word_1_218' title='bbox 1478 2937 1642 3023; x_wconf 89' lang='lat' dir='ltr'>partibus</span> <span class='ocrx_word' id='word_1_219' title='bbox 1657 2936 1821 3022; x_wconf 87' lang='grc'><strong>61166116,</strong></span> <span class='ocrx_word' id='word_1_220' title='bbox 1838 2941 2011 3024; x_wconf 90' lang='lat' dir='ltr'>quomodo</span> <span class='ocrx_word' id='word_1_221' title='bbox 2038 2938 2118 3027; x_wconf 89' lang='grc'><strong>1666</strong></span> 
     </span>
     <span class='ocr_line' id='line_1_17' title="bbox 266 3087 2122 3182; baseline -0.002 -20"><span class='ocrx_word' id='word_1_222' title='bbox 266 3093 425 3164; x_wconf 88' lang='lat' dir='ltr'>ademari</span> <span class='ocrx_word' id='word_1_223' title='bbox 450 3094 488 3162; x_wconf 92' lang='lat' dir='ltr'>in</span> <span class='ocrx_word' id='word_1_224' title='bbox 513 3113 596 3182; x_wconf 88' lang='lat' dir='ltr'>pars</span> <span class='ocrx_word' id='word_1_225' title='bbox 620 3095 734 3181; x_wconf 88' lang='lat' dir='ltr'>ipsius</span> <span class='ocrx_word' id='word_1_226' title='bbox 757 3095 904 3161; x_wconf 87' lang='lat' dir='ltr'>ecclesie</span> <span class='ocrx_word' id='word_1_227' title='bbox 929 3094 1046 3161; x_wconf 91' lang='lat' dir='ltr'>sancti</span> <span class='ocrx_word' id='word_1_228' title='bbox 1071 3089 1221 3160; x_wconf 88' lang='lat' dir='ltr'>maximi</span> <span class='ocrx_word' id='word_1_229' title='bbox 1246 3089 1397 3173; x_wconf 90' lang='lat' dir='ltr'>remisit,</span> <span class='ocrx_word' id='word_1_230' title='bbox 1415 3087 1466 3155; x_wconf 92' lang='lat' dir='ltr'>sic</span> <span class='ocrx_word' id='word_1_231' title='bbox 1483 3088 1650 3156; x_wconf 89' lang='lat' dir='ltr'>inclitum</span> <span class='ocrx_word' id='word_1_232' title='bbox 1666 3087 1761 3176; x_wconf 90' lang='lat' dir='ltr'>illut,</span> <span class='ocrx_word' id='word_1_233' title='bbox 1778 3089 1934 3173; x_wconf 85' lang='lat' dir='ltr'>qualiter</span> <span class='ocrx_word' id='word_1_234' title='bbox 1951 3092 2122 3178; x_wconf 87' lang='lat' dir='ltr'>superius</span> 
     </span>
     <span class='ocr_line' id='line_1_18' title="bbox 265 3243 2117 3337; baseline -0.001 -21"><span class='ocrx_word' id='word_1_235' title='bbox 265 3250 410 3337; x_wconf 86' lang='lat' dir='ltr'>legitur,</span> <span class='ocrx_word' id='word_1_236' title='bbox 434 3267 499 3336; x_wconf 87' lang='lat' dir='ltr'>ego</span> <span class='ocrx_word' id='word_1_237' title='bbox 522 3267 596 3317; x_wconf 90' lang='lat' dir='ltr'>una</span> <span class='ocrx_word' id='word_1_238' title='bbox 618 3269 699 3316; x_wconf 88' lang='lat' dir='ltr'>curn</span> <span class='ocrx_word' id='word_1_239' title='bbox 722 3255 845 3336; x_wconf 92' lang='lat' dir='ltr'>petrus</span> <span class='ocrx_word' id='word_1_240' title='bbox 868 3267 996 3335; x_wconf 91' lang='lat' dir='ltr'>comes,</span> <span class='ocrx_word' id='word_1_241' title='bbox 1020 3248 1083 3334; x_wconf 89' lang='lat' dir='ltr'>qui</span> <span class='ocrx_word' id='word_1_242' title='bbox 1107 3250 1162 3314; x_wconf 91' lang='lat' dir='ltr'>est</span> <span class='ocrx_word' id='word_1_243' title='bbox 1176 3245 1367 3314; x_wconf 89' lang='lat' dir='ltr'>adbocator</span> <span class='ocrx_word' id='word_1_244' title='bbox 1387 3247 1424 3311; x_wconf 93' lang='lat' dir='ltr'>et</span> <span class='ocrx_word' id='word_1_245' title='bbox 1440 3261 1553 3310; x_wconf 94' lang='lat' dir='ltr'>unum</span> <span class='ocrx_word' id='word_1_246' title='bbox 1568 3245 1612 3311; x_wconf 92' lang='lat' dir='ltr'>de</span> <span class='ocrx_word' id='word_1_247' title='bbox 1628 3243 1776 3312; x_wconf 91' lang='lat' dir='ltr'>dominii</span> <span class='ocrx_word' id='word_1_248' title='bbox 1795 3243 1909 3330; x_wconf 89' lang='lat' dir='ltr'>ipsius</span> <span class='ocrx_word' id='word_1_249' title='bbox 1927 3245 2117 3332; x_wconf 89' lang='lat' dir='ltr'>ecclesiae,</span> 
     </span>
     <span class='ocr_line' id='line_1_19' title="bbox 265 3398 2216 3489; baseline -0.001 -21"><span class='ocrx_word' id='word_1_250' title='bbox 265 3401 416 3489; x_wconf 88' lang='lat' dir='ltr'>predicti</span> <span class='ocrx_word' id='word_1_251' title='bbox 441 3403 662 3471; x_wconf 89' lang='lat' dir='ltr'>constantini</span> <span class='ocrx_word' id='word_1_252' title='bbox 685 3403 819 3472; x_wconf 88' lang='lat' dir='ltr'>tradidi</span> <span class='ocrx_word' id='word_1_253' title='bbox 843 3404 908 3471; x_wconf 90' lang='lat' dir='ltr'>tali</span> <span class='ocrx_word' id='word_1_254' title='bbox 933 3403 1061 3488; x_wconf 89' lang='lat' dir='ltr'>tinore,</span> <span class='ocrx_word' id='word_1_255' title='bbox 1086 3406 1125 3469; x_wconf 92' lang='lat' dir='ltr'>ut</span> <span class='ocrx_word' id='word_1_256' title='bbox 1148 3401 1272 3470; x_wconf 88' lang='lat' dir='ltr'>amodo</span> <span class='ocrx_word' id='word_1_257' title='bbox 1287 3402 1324 3467; x_wconf 93' lang='lat' dir='ltr'>et</span> <span class='ocrx_word' id='word_1_258' title='bbox 1340 3401 1435 3465; x_wconf 90' lang='lat' dir='ltr'>omni</span> <span class='ocrx_word' id='word_1_259' title='bbox 1453 3403 1610 3484; x_wconf 87' lang='lat' dir='ltr'>tempore</span> <span class='ocrx_word' id='word_1_260' title='bbox 1634 3398 1695 3464; x_wconf 89' lang='lat' dir='ltr'>ille</span> <span class='ocrx_word' id='word_1_261' title='bbox 1719 3401 1756 3465; x_wconf 98' lang='grc'>61</span> <span class='ocrx_word' id='word_1_262' title='bbox 1779 3417 1860 3468; x_wconf 90' lang='lat' dir='ltr'>suos</span> <span class='ocrx_word' id='word_1_263' title='bbox 1884 3401 2005 3468; x_wconf 90' lang='lat' dir='ltr'>eredes</span> <span class='ocrx_word' id='word_1_264' title='bbox 2033 3401 2115 3469; x_wconf 92' lang='lat' dir='ltr'>illut</span> <span class='ocrx_word' id='word_1_265' title='bbox 2211 3477 2216 3484; x_wconf 44' lang='grc'>,</span> 
     </span>
     <span class='ocr_line' id='line_1_20' title="bbox 266 3553 2111 3644; baseline 0.001 -23"><span class='ocrx_word' id='word_1_266' title='bbox 266 3559 389 3625; x_wconf 90' lang='grc'><strong>166616</strong></span> <span class='ocrx_word' id='word_1_267' title='bbox 416 3561 451 3626; x_wconf 92' lang='grc'>61</span> <span class='ocrx_word' id='word_1_268' title='bbox 475 3557 639 3625; x_wconf 89' lang='lat' dir='ltr'>laborare</span> <span class='ocrx_word' id='word_1_269' title='bbox 664 3557 863 3644; x_wconf 89' lang='lat' dir='ltr'>boluerint,</span> <span class='ocrx_word' id='word_1_270' title='bbox 886 3575 949 3624; x_wconf 91' lang='lat' dir='ltr'>sue</span> <span class='ocrx_word' id='word_1_271' title='bbox 973 3557 1047 3623; x_wconf 90' lang='lat' dir='ltr'>sint</span> <span class='ocrx_word' id='word_1_272' title='bbox 1069 3555 1255 3643; x_wconf 86' lang='lat' dir='ltr'>potestatis</span> <span class='ocrx_word' id='word_1_273' title='bbox 1293 3573 1353 3623; x_wconf 93' lang='lat' dir='ltr'>eos</span> <span class='ocrx_word' id='word_1_274' title='bbox 1376 3555 1569 3622; x_wconf 90' lang='lat' dir='ltr'>tenendum</span> <span class='ocrx_word' id='word_1_275' title='bbox 1594 3556 1630 3619; x_wconf 92' lang='lat' dir='ltr'>et</span> <span class='ocrx_word' id='word_1_276' title='bbox 1659 3553 1929 3642; x_wconf 88' lang='lat' dir='ltr'>dominandum,</span> <span class='ocrx_word' id='word_1_277' title='bbox 1953 3561 1988 3624; x_wconf 92' lang='lat' dir='ltr'>et</span> <span class='ocrx_word' id='word_1_278' title='bbox 2012 3555 2111 3624; x_wconf 81' lang='lat' dir='ltr'>iobec</span> 
     </span>
     <span class='ocr_line' id='line_1_21' title="bbox 266 3708 2111 3796; baseline -0.001 -19"><span class='ocrx_word' id='word_1_279' title='bbox 266 3719 300 3780; x_wconf 90' lang='lat' dir='ltr'>et</span> <span class='ocrx_word' id='word_1_280' title='bbox 323 3711 440 3780; x_wconf 90' lang='lat' dir='ltr'>omnis</span> <span class='ocrx_word' id='word_1_281' title='bbox 464 3731 526 3780; x_wconf 93' lang='lat' dir='ltr'>sue</span> <span class='ocrx_word' id='word_1_282' title='bbox 550 3712 720 3781; x_wconf 88' lang='lat' dir='ltr'>utilitatis</span> <span class='ocrx_word' id='word_1_283' title='bbox 745 3713 876 3780; x_wconf 90' lang='lat' dir='ltr'>ibidem</span> <span class='ocrx_word' id='word_1_284' title='bbox 900 3711 1104 3780; x_wconf 89' lang='lat' dir='ltr'>faciendum</span> <span class='ocrx_word' id='word_1_285' title='bbox 1121 3709 1216 3778; x_wconf 89' lang='lat' dir='ltr'>iusta</span> <span class='ocrx_word' id='word_1_286' title='bbox 1231 3710 1420 3794; x_wconf 90' lang='lat' dir='ltr'>rationem,</span> <span class='ocrx_word' id='word_1_287' title='bbox 1436 3711 1471 3774; x_wconf 91' lang='lat' dir='ltr'>et</span> <span class='ocrx_word' id='word_1_288' title='bbox 1489 3709 1708 3794; x_wconf 89' lang='lat' dir='ltr'>temporibus</span> <span class='ocrx_word' id='word_1_289' title='bbox 1724 3708 1799 3775; x_wconf 89' lang='lat' dir='ltr'>suis</span> <span class='ocrx_word' id='word_1_290' title='bbox 1823 3709 1898 3796; x_wconf 94' lang='lat' dir='ltr'>ipso</span> <span class='ocrx_word' id='word_1_291' title='bbox 1924 3712 2111 3780; x_wconf 88' lang='lat' dir='ltr'>arbustum</span> 
     </span>
     <span class='ocr_line' id='line_1_22' title="bbox 266 3863 2109 3954; baseline -0.001 -22"><span class='ocrx_word' id='word_1_292' title='bbox 266 3865 494 3953; x_wconf 89' lang='lat' dir='ltr'>scalciarent,</span> <span class='ocrx_word' id='word_1_293' title='bbox 518 3866 814 3954; x_wconf 89' lang='lat' dir='ltr'>propaginarent,</span> <span class='ocrx_word' id='word_1_294' title='bbox 838 3871 1019 3952; x_wconf 89' lang='lat' dir='ltr'>potarent,</span> <span class='ocrx_word' id='word_1_295' title='bbox 1042 3869 1078 3932; x_wconf 91' lang='lat' dir='ltr'>et</span> <span class='ocrx_word' id='word_1_296' title='bbox 1101 3863 1161 3932; x_wconf 92' lang='lat' dir='ltr'>ubi</span> <span class='ocrx_word' id='word_1_297' title='bbox 1184 3865 1396 3952; x_wconf 86' lang='lat' dir='ltr'>meruerint,</span> <span class='ocrx_word' id='word_1_298' title='bbox 1413 3867 1558 3932; x_wconf 89' lang='lat' dir='ltr'>arbores</span> <span class='ocrx_word' id='word_1_299' title='bbox 1580 3867 1617 3932; x_wconf 94' lang='lat' dir='ltr'>et</span> <span class='ocrx_word' id='word_1_300' title='bbox 1640 3863 1730 3932; x_wconf 88' lang='lat' dir='ltr'>bites</span> <span class='ocrx_word' id='word_1_301' title='bbox 1748 3864 1880 3932; x_wconf 88' lang='lat' dir='ltr'>ibidem</span> <span class='ocrx_word' id='word_1_302' title='bbox 1897 3864 2109 3950; x_wconf 87' lang='lat' dir='ltr'>plantarent</span> 
     </span>
     <span class='ocr_line' id='line_1_23' title="bbox 265 4018 2110 4109; baseline -0.001 -21"><span class='ocrx_word' id='word_1_303' title='bbox 265 4025 300 4088; x_wconf 93' lang='grc'>61</span> <span class='ocrx_word' id='word_1_304' title='bbox 324 4022 416 4090; x_wconf 90' lang='lat' dir='ltr'>bites</span> <span class='ocrx_word' id='word_1_305' title='bbox 438 4026 613 4109; x_wconf 76' lang='lat' dir='ltr'>tractent,</span> <span class='ocrx_word' id='word_1_306' title='bbox 638 4020 746 4089; x_wconf 89' lang='lat' dir='ltr'>etsie</span> <span class='ocrx_word' id='word_1_307' title='bbox 770 4039 829 4088; x_wconf 89' lang='grc'>666</span> <span class='ocrx_word' id='word_1_308' title='bbox 853 4020 1059 4089; x_wconf 89' lang='lat' dir='ltr'>laborarent</span> <span class='ocrx_word' id='word_1_309' title='bbox 1081 4020 1124 4087; x_wconf 92' lang='lat' dir='ltr'>de</span> <span class='ocrx_word' id='word_1_310' title='bbox 1148 4037 1252 4106; x_wconf 92' lang='lat' dir='ltr'>super</span> <span class='ocrx_word' id='word_1_311' title='bbox 1276 4019 1376 4087; x_wconf 89' lang='lat' dir='ltr'>etde</span> <span class='ocrx_word' id='word_1_312' title='bbox 1400 4021 1535 4107; x_wconf 89' lang='lat' dir='ltr'>supter,</span> <span class='ocrx_word' id='word_1_313' title='bbox 1560 4019 1652 4085; x_wconf 90' lang='lat' dir='ltr'>sicut</span> <span class='ocrx_word' id='word_1_314' title='bbox 1677 4019 1774 4086; x_wconf 90' lang='lat' dir='ltr'>locus</span> <span class='ocrx_word' id='word_1_315' title='bbox 1797 4020 1873 4106; x_wconf 90' lang='lat' dir='ltr'>ipse</span> <span class='ocrx_word' id='word_1_316' title='bbox 1897 4018 2110 4106; x_wconf 91' lang='lat' dir='ltr'>meruerint,</span> 
     </span>
     <span class='ocr_line' id='line_1_24' title="bbox 265 4170 2110 4262; baseline 0.001 -23"><span class='ocrx_word' id='word_1_317' title='bbox 265 4179 305 4242; x_wconf 93' lang='lat' dir='ltr'>ut</span> <span class='ocrx_word' id='word_1_318' title='bbox 327 4175 518 4260; x_wconf 87' lang='lat' dir='ltr'>proficiant</span> <span class='ocrx_word' id='word_1_319' title='bbox 541 4181 577 4243; x_wconf 92' lang='lat' dir='ltr'>et</span> <span class='ocrx_word' id='word_1_320' title='bbox 600 4193 671 4242; x_wconf 92' lang='lat' dir='ltr'>non</span> <span class='ocrx_word' id='word_1_321' title='bbox 695 4177 921 4262; x_wconf 88' lang='lat' dir='ltr'>dispereant,</span> <span class='ocrx_word' id='word_1_322' title='bbox 952 4179 987 4242; x_wconf 91' lang='grc'>61</span> <span class='ocrx_word' id='word_1_323' title='bbox 1016 4193 1078 4260; x_wconf 93' lang='lat' dir='ltr'>per</span> <span class='ocrx_word' id='word_1_324' title='bbox 1108 4172 1315 4259; x_wconf 84' lang='lat' dir='ltr'>circuitum,</span> <span class='ocrx_word' id='word_1_325' title='bbox 1345 4171 1438 4239; x_wconf 89' lang='lat' dir='ltr'>sicut</span> <span class='ocrx_word' id='word_1_326' title='bbox 1461 4170 1680 4256; x_wconf 90' lang='lat' dir='ltr'>meruerint,</span> <span class='ocrx_word' id='word_1_327' title='bbox 1711 4171 1815 4237; x_wconf 91' lang='lat' dir='ltr'>illum</span> <span class='ocrx_word' id='word_1_328' title='bbox 1844 4172 2049 4256; x_wconf 83' lang='lat' dir='ltr'>eluderent,</span> <span class='ocrx_word' id='word_1_329' title='bbox 2074 4179 2110 4240; x_wconf 91' lang='lat' dir='ltr'>et</span> 
     </span>
     <span class='ocr_line' id='line_1_25' title="bbox 265 4325 2114 4414; baseline -0.001 -21"><span class='ocrx_word' id='word_1_330' title='bbox 265 4328 402 4399; x_wconf 89' lang='lat' dir='ltr'>clusum</span> <span class='ocrx_word' id='word_1_331' title='bbox 426 4330 514 4397; x_wconf 95' lang='lat' dir='ltr'>illud</span> <span class='ocrx_word' id='word_1_332' title='bbox 537 4331 710 4398; x_wconf 87' lang='lat' dir='ltr'>haberent</span> <span class='ocrx_word' id='word_1_333' title='bbox 734 4329 831 4396; x_wconf 92' lang='lat' dir='ltr'>omni</span> <span class='ocrx_word' id='word_1_334' title='bbox 856 4335 1026 4414; x_wconf 90' lang='lat' dir='ltr'>tempore,</span> <span class='ocrx_word' id='word_1_335' title='bbox 1050 4333 1086 4395; x_wconf 92' lang='grc'>61</span> <span class='ocrx_word' id='word_1_336' title='bbox 1108 4345 1192 4394; x_wconf 89' lang='lat' dir='ltr'>casa</span> <span class='ocrx_word' id='word_1_337' title='bbox 1215 4325 1345 4393; x_wconf 91' lang='lat' dir='ltr'>ibidem</span> <span class='ocrx_word' id='word_1_338' title='bbox 1361 4326 1534 4410; x_wconf 87' lang='lat' dir='ltr'>facerent,</span> <span class='ocrx_word' id='word_1_339' title='bbox 1550 4329 1585 4392; x_wconf 93' lang='lat' dir='ltr'>et</span> <span class='ocrx_word' id='word_1_340' title='bbox 1601 4326 1821 4410; x_wconf 91' lang='lat' dir='ltr'>palmentum</span> <span class='ocrx_word' id='word_1_341' title='bbox 1845 4327 1977 4393; x_wconf 90' lang='lat' dir='ltr'>ibidem</span> <span class='ocrx_word' id='word_1_342' title='bbox 1992 4343 2114 4412; x_wconf 89' lang='grc'><strong>61661-</strong></span> 
     </span>
     <span class='ocr_line' id='line_1_26' title="bbox 266 4477 2115 4570; baseline -0.002 -22"><span class='ocrx_word' id='word_1_343' title='bbox 266 4483 455 4570; x_wconf 82' lang='grc'><strong>111661661,</strong></span> <span class='ocrx_word' id='word_1_344' title='bbox 480 4487 516 4550; x_wconf 93' lang='grc'>61</span> <span class='ocrx_word' id='word_1_345' title='bbox 539 4485 614 4550; x_wconf 90' lang='lat' dir='ltr'>sibe</span> <span class='ocrx_word' id='word_1_346' title='bbox 639 4483 698 4550; x_wconf 90' lang='lat' dir='ltr'>ille</span> <span class='ocrx_word' id='word_1_347' title='bbox 723 4484 776 4551; x_wconf 85' lang='lat' dir='ltr'>vel</span> <span class='ocrx_word' id='word_1_348' title='bbox 801 4483 890 4550; x_wconf 87' lang='lat' dir='ltr'>alios</span> <span class='ocrx_word' id='word_1_349' title='bbox 912 4481 1047 4550; x_wconf 90' lang='lat' dir='ltr'>omines</span> <span class='ocrx_word' id='word_1_350' title='bbox 1070 4483 1281 4566; x_wconf 88' lang='lat' dir='ltr'>potestatem</span> <span class='ocrx_word' id='word_1_351' title='bbox 1304 4481 1438 4547; x_wconf 88' lang='lat' dir='ltr'>habent</span> <span class='ocrx_word' id='word_1_352' title='bbox 1461 4479 1501 4544; x_wconf 92' lang='lat' dir='ltr'>in</span> <span class='ocrx_word' id='word_1_353' title='bbox 1525 4477 1604 4564; x_wconf 92' lang='lat' dir='ltr'>ipsa</span> <span class='ocrx_word' id='word_1_354' title='bbox 1627 4495 1712 4545; x_wconf 87' lang='lat' dir='ltr'>casa</span> <span class='ocrx_word' id='word_1_355' title='bbox 1736 4478 1871 4545; x_wconf 89' lang='lat' dir='ltr'>omines</span> <span class='ocrx_word' id='word_1_356' title='bbox 1901 4478 1947 4545; x_wconf 93' lang='lat' dir='ltr'>ad</span> <span class='ocrx_word' id='word_1_357' title='bbox 1971 4477 2115 4546; x_wconf 91' lang='lat' dir='ltr'>abitan-</span> 
     </span>
     <span class='ocr_line' id='line_1_27' title="bbox 264 4632 2109 4724; baseline -0.003 -20"><span class='ocrx_word' id='word_1_358' title='bbox 264 4639 346 4704; x_wconf 90' lang='lat' dir='ltr'>dum</span> <span class='ocrx_word' id='word_1_359' title='bbox 370 4637 535 4724; x_wconf 90' lang='lat' dir='ltr'>mittere,</span> <span class='ocrx_word' id='word_1_360' title='bbox 568 4642 604 4705; x_wconf 93' lang='lat' dir='ltr'>et</span> <span class='ocrx_word' id='word_1_361' title='bbox 636 4658 698 4724; x_wconf 89' lang='lat' dir='ltr'>per</span> <span class='ocrx_word' id='word_1_362' title='bbox 730 4633 1358 4722; x_wconf 82' lang='grc'><strong>61611616161666616166166166116</strong></span> <span class='ocrx_word' id='word_1_363' title='bbox 1385 4651 1448 4701; x_wconf 90' lang='lat' dir='ltr'>nos</span> <span class='ocrx_word' id='word_1_364' title='bbox 1477 4633 1532 4698; x_wconf 89' lang='lat' dir='ltr'>vel</span> <span class='ocrx_word' id='word_1_365' title='bbox 1560 4650 1645 4719; x_wconf 89' lang='lat' dir='ltr'>pars</span> <span class='ocrx_word' id='word_1_366' title='bbox 1674 4633 1786 4720; x_wconf 91' lang='lat' dir='ltr'>ipsius</span> <span class='ocrx_word' id='word_1_367' title='bbox 1813 4632 1960 4700; x_wconf 88' lang='lat' dir='ltr'>ecclesie</span> <span class='ocrx_word' id='word_1_368' title='bbox 1989 4635 2109 4701; x_wconf 88' lang='lat' dir='ltr'>sancti</span> 
     </span>
     <span class='ocr_line' id='line_1_28' title="bbox 263 4784 2116 4877; baseline -0.003 -19"><span class='ocrx_word' id='word_1_369' title='bbox 263 4791 437 4876; x_wconf 89' lang='lat' dir='ltr'>maximi,</span> <span class='ocrx_word' id='word_1_370' title='bbox 462 4794 501 4857; x_wconf 92' lang='lat' dir='ltr'>ut</span> <span class='ocrx_word' id='word_1_371' title='bbox 524 4790 654 4858; x_wconf 89' lang='lat' dir='ltr'>ibidem</span> <span class='ocrx_word' id='word_1_372' title='bbox 678 4789 877 4877; x_wconf 82' lang='lat' dir='ltr'>dirigamus</span> <span class='ocrx_word' id='word_1_373' title='bbox 901 4788 1048 4855; x_wconf 90' lang='lat' dir='ltr'>missum</span> <span class='ocrx_word' id='word_1_374' title='bbox 1072 4792 1251 4872; x_wconf 92' lang='lat' dir='ltr'>nostrum,</span> <span class='ocrx_word' id='word_1_375' title='bbox 1285 4785 1322 4854; x_wconf 89' lang='grc'>61</span> <span class='ocrx_word' id='word_1_376' title='bbox 1354 4786 1426 4853; x_wconf 89' lang='grc'><strong>11116</strong></span> <span class='ocrx_word' id='word_1_377' title='bbox 1448 4785 1666 4873; x_wconf 90' lang='lat' dir='ltr'>temporibus</span> <span class='ocrx_word' id='word_1_378' title='bbox 1689 4784 1765 4851; x_wconf 89' lang='lat' dir='ltr'>suis</span> <span class='ocrx_word' id='word_1_379' title='bbox 1788 4785 1905 4870; x_wconf 90' lang='lat' dir='ltr'>ipsum</span> <span class='ocrx_word' id='word_1_380' title='bbox 1928 4787 2116 4854; x_wconf 90' lang='lat' dir='ltr'>arbustum</span> 
     </span>
     <span class='ocr_line' id='line_1_29' title="bbox 264 4939 2112 5034; baseline -0.004 -22"><span class='ocrx_word' id='word_1_381' title='bbox 264 4947 541 5034; x_wconf 89' lang='lat' dir='ltr'>bindemiarent,</span> <span class='ocrx_word' id='word_1_382' title='bbox 566 4951 602 5014; x_wconf 93' lang='grc'>61</span> <span class='ocrx_word' id='word_1_383' title='bbox 625 4947 701 5033; x_wconf 92' lang='grc'><strong>1666</strong></span> <span class='ocrx_word' id='word_1_384' title='bbox 724 4946 849 5013; x_wconf 91' lang='lat' dir='ltr'>binum</span> <span class='ocrx_word' id='word_1_385' title='bbox 873 4945 993 5032; x_wconf 90' lang='lat' dir='ltr'>ibique</span> <span class='ocrx_word' id='word_1_386' title='bbox 1016 4945 1062 5013; x_wconf 90' lang='lat' dir='ltr'>ad</span> <span class='ocrx_word' id='word_1_387' title='bbox 1085 4945 1305 5030; x_wconf 88' lang='lat' dir='ltr'>palmentum</span> <span class='ocrx_word' id='word_1_388' title='bbox 1335 4945 1371 5008; x_wconf 92' lang='grc'>61</span> <span class='ocrx_word' id='word_1_389' title='bbox 1394 4958 1514 5009; x_wconf 90' lang='grc'><strong>61111166</strong></span> <span class='ocrx_word' id='word_1_390' title='bbox 1537 4958 1642 5026; x_wconf 87' lang='grc'><strong>66166</strong></span> <span class='ocrx_word' id='word_1_391' title='bbox 1664 4939 1796 5008; x_wconf 83' lang='lat' dir='ltr'>exinde</span> <span class='ocrx_word' id='word_1_392' title='bbox 1818 4940 2022 5008; x_wconf 89' lang='lat' dir='ltr'>dibidcrent</span> <span class='ocrx_word' id='word_1_393' title='bbox 2047 4958 2112 5027; x_wconf 92' lang='lat' dir='ltr'>per</span> 
     </span>
     <span class='ocr_line' id='line_1_30' title="bbox 264 5047 2113 5188; baseline -0.003 -21"><span class='ocrx_word' id='word_1_394' title='bbox 264 5101 504 5172; x_wconf 87' lang='lat' dir='ltr'>medietatem:</span> <span class='ocrx_word' id='word_1_395' title='bbox 530 5100 676 5168; x_wconf 89' lang='lat' dir='ltr'>missum</span> <span class='ocrx_word' id='word_1_396' title='bbox 701 5047 980 5188; x_wconf 37' lang='lat' dir='ltr'>ipsius&#39;ecclesie</span> <span class='ocrx_word' id='word_1_397' title='bbox 1003 5101 1120 5168; x_wconf 88' lang='lat' dir='ltr'>sancti</span> <span class='ocrx_word' id='word_1_398' title='bbox 1144 5100 1291 5170; x_wconf 89' lang='lat' dir='ltr'>maximi</span> <span class='ocrx_word' id='word_1_399' title='bbox 1316 5099 1426 5168; x_wconf 89' lang='lat' dir='ltr'>tollad</span> <span class='ocrx_word' id='word_1_400' title='bbox 1449 5097 1532 5164; x_wconf 91' lang='lat' dir='ltr'>illut</span> <span class='ocrx_word' id='word_1_401' title='bbox 1556 5095 1799 5180; x_wconf 89' lang='lat' dir='ltr'>medietatem,</span> <span class='ocrx_word' id='word_1_402' title='bbox 1824 5099 1860 5162; x_wconf 92' lang='grc'>61</span> <span class='ocrx_word' id='word_1_403' title='bbox 1884 5094 1958 5162; x_wconf 89' lang='grc'><strong>11116</strong></span> <span class='ocrx_word' id='word_1_404' title='bbox 1975 5095 2113 5162; x_wconf 90' lang='grc'><strong>6161116-</strong></span> 
     </span>
     <span class='ocr_line' id='line_1_31' title="bbox 264 5248 2107 5343; baseline -0.003 -21"><span class='ocrx_word' id='word_1_405' title='bbox 264 5258 395 5343; x_wconf 75' lang='lat' dir='ltr'>tatem,</span> <span class='ocrx_word' id='word_1_406' title='bbox 419 5255 470 5323; x_wconf 90' lang='grc'>616</span> <span class='ocrx_word' id='word_1_407' title='bbox 495 5259 637 5343; x_wconf 89' lang='lat' dir='ltr'>tamen,</span> <span class='ocrx_word' id='word_1_408' title='bbox 661 5259 701 5323; x_wconf 88' lang='lat' dir='ltr'>ut</span> <span class='ocrx_word' id='word_1_409' title='bbox 724 5256 804 5343; x_wconf 91' lang='lat' dir='ltr'>ipsa</span> <span class='ocrx_word' id='word_1_410' title='bbox 825 5256 1015 5322; x_wconf 90' lang='lat' dir='ltr'>sortionem</span> <span class='ocrx_word' id='word_1_411' title='bbox 1038 5251 1194 5341; x_wconf 90' lang='lat' dir='ltr'>predicte</span> <span class='ocrx_word' id='word_1_412' title='bbox 1217 5251 1364 5320; x_wconf 91' lang='lat' dir='ltr'>ecclesie</span> <span class='ocrx_word' id='word_1_413' title='bbox 1394 5251 1438 5318; x_wconf 92' lang='lat' dir='ltr'>de</span> <span class='ocrx_word' id='word_1_414' title='bbox 1470 5251 1546 5337; x_wconf 91' lang='lat' dir='ltr'>ipso</span> <span class='ocrx_word' id='word_1_415' title='bbox 1570 5248 1715 5335; x_wconf 91' lang='lat' dir='ltr'>binum,</span> <span class='ocrx_word' id='word_1_416' title='bbox 1745 5249 1838 5336; x_wconf 92' lang='lat' dir='ltr'>quod</span> <span class='ocrx_word' id='word_1_417' title='bbox 1869 5248 2000 5316; x_wconf 84' lang='lat' dir='ltr'>exinde</span> <span class='ocrx_word' id='word_1_418' title='bbox 2025 5251 2107 5318; x_wconf 90' lang='lat' dir='ltr'>ebc-</span> 
     </span>
     <span class='ocr_line' id='line_1_32' title="bbox 264 5401 2112 5496; baseline -0.004 -20"><span class='ocrx_word' id='word_1_419' title='bbox 264 5411 390 5496; x_wconf 89' lang='lat' dir='ltr'>nerit,</span> <span class='ocrx_word' id='word_1_420' title='bbox 416 5409 496 5478; x_wconf 89' lang='lat' dir='ltr'>illut</span> <span class='ocrx_word' id='word_1_421' title='bbox 518 5413 704 5495; x_wconf 91' lang='lat' dir='ltr'>portarent</span> <span class='ocrx_word' id='word_1_422' title='bbox 726 5426 789 5494; x_wconf 87' lang='lat' dir='ltr'>per</span> <span class='ocrx_word' id='word_1_423' title='bbox 814 5412 969 5494; x_wconf 87' lang='lat' dir='ltr'>tempore</span> <span class='ocrx_word' id='word_1_424' title='bbox 1000 5405 1045 5476; x_wconf 89' lang='lat' dir='ltr'>ad</span> <span class='ocrx_word' id='word_1_425' title='bbox 1076 5403 1259 5474; x_wconf 90' lang='lat' dir='ltr'>cellarium</span> <span class='ocrx_word' id='word_1_426' title='bbox 1286 5403 1445 5492; x_wconf 58' lang='lat' dir='ltr'>predicti,</span> <span class='ocrx_word' id='word_1_427' title='bbox 1460 5403 1576 5472; x_wconf 88' lang='lat' dir='ltr'>sancti</span> <span class='ocrx_word' id='word_1_428' title='bbox 1602 5403 1753 5473; x_wconf 87' lang='lat' dir='ltr'>maximi</span> <span class='ocrx_word' id='word_1_429' title='bbox 1781 5423 1803 5470; x_wconf 92' lang='lat' dir='ltr'>a</span> <span class='ocrx_word' id='word_1_430' title='bbox 1831 5403 1956 5471; x_wconf 88' lang='lat' dir='ltr'>subtus</span> <span class='ocrx_word' id='word_1_431' title='bbox 1982 5401 2112 5489; x_wconf 89' lang='lat' dir='ltr'>parieti</span> 
     </span>
     <span class='ocr_line' id='line_1_33' title="bbox 262 5555 2110 5651; baseline -0.005 -19"><span class='ocrx_word' id='word_1_432' title='bbox 262 5563 358 5632; x_wconf 84' lang='lat' dir='ltr'>infra</span> <span class='ocrx_word' id='word_1_433' title='bbox 380 5563 456 5651; x_wconf 91' lang='lat' dir='ltr'>ipso</span> <span class='ocrx_word' id='word_1_434' title='bbox 480 5563 595 5630; x_wconf 93' lang='lat' dir='ltr'>locum</span> <span class='ocrx_word' id='word_1_435' title='bbox 618 5561 780 5651; x_wconf 87' lang='lat' dir='ltr'>nuceria,</span> <span class='ocrx_word' id='word_1_436' title='bbox 804 5567 840 5632; x_wconf 91' lang='lat' dir='ltr'>et</span> <span class='ocrx_word' id='word_1_437' title='bbox 863 5563 1047 5630; x_wconf 89' lang='lat' dir='ltr'>mitterent</span> <span class='ocrx_word' id='word_1_438' title='bbox 1070 5561 1151 5630; x_wconf 89' lang='lat' dir='ltr'>illut</span> <span class='ocrx_word' id='word_1_439' title='bbox 1174 5558 1213 5626; x_wconf 93' lang='grc'>16</span> <span class='ocrx_word' id='word_1_440' title='bbox 1237 5576 1395 5646; x_wconf 87' lang='lat' dir='ltr'>organea</span> <span class='ocrx_word' id='word_1_441' title='bbox 1417 5558 1510 5643; x_wconf 87' lang='lat' dir='ltr'>quod</span> <span class='ocrx_word' id='word_1_442' title='bbox 1533 5555 1666 5624; x_wconf 88' lang='lat' dir='ltr'>ibidem</span> <span class='ocrx_word' id='word_1_443' title='bbox 1690 5555 1742 5623; x_wconf 89' lang='lat' dir='ltr'>eis</span> <span class='ocrx_word' id='word_1_444' title='bbox 1765 5555 1959 5642; x_wconf 81' lang='lat' dir='ltr'>adsignata</span> <span class='ocrx_word' id='word_1_445' title='bbox 1982 5555 2110 5643; x_wconf 83' lang='lat' dir='ltr'>luerit,</span> 
     </span>
    </p>
   </div>
   <div class='ocr_carea' id='block_1_6' title="bbox 262 5709 2112 5806">
    <p class='ocr_par' dir='ltr' id='par_1_6' title="bbox 262 5709 2112 5806">
     <span class='ocr_line' id='line_1_34' title="bbox 262 5709 2112 5806; baseline -0.003 -22"><span class='ocrx_word' id='word_1_446' title='bbox 262 5738 324 5806; x_wconf 84' lang='lat' dir='ltr'>per</span> <span class='ocrx_word' id='word_1_447' title='bbox 348 5718 422 5786; x_wconf 91' lang='lat' dir='ltr'>illis</span> <span class='ocrx_word' id='word_1_448' title='bbox 445 5720 539 5788; x_wconf 90' lang='lat' dir='ltr'>bona</span> <span class='ocrx_word' id='word_1_449' title='bbox 562 5717 728 5786; x_wconf 88' lang='lat' dir='ltr'>conciata</span> <span class='ocrx_word' id='word_1_450' title='bbox 751 5711 828 5786; x_wconf 90' lang='lat' dir='ltr'>siad</span> <span class='ocrx_word' id='word_1_451' title='bbox 851 5719 929 5804; x_wconf 90' lang='lat' dir='ltr'>ipsa</span> <span class='ocrx_word' id='word_1_452' title='bbox 951 5735 1134 5805; x_wconf 86' lang='lat' dir='ltr'>organea3</span> <span class='ocrx_word' id='word_1_453' title='bbox 1167 5720 1203 5783; x_wconf 92' lang='grc'>61</span> <span class='ocrx_word' id='word_1_454' title='bbox 1231 5713 1262 5780; x_wconf 91' lang='grc'>61</span> <span class='ocrx_word' id='word_1_455' title='bbox 1292 5709 1446 5780; x_wconf 91' lang='lat' dir='ltr'>boluerit</span> <span class='ocrx_word' id='word_1_456' title='bbox 1468 5729 1553 5799; x_wconf 90' lang='lat' dir='ltr'>pars</span> <span class='ocrx_word' id='word_1_457' title='bbox 1578 5711 1689 5798; x_wconf 88' lang='lat' dir='ltr'>ipsius</span> <span class='ocrx_word' id='word_1_458' title='bbox 1714 5709 1862 5778; x_wconf 86' lang='lat' dir='ltr'>ecclesie</span> <span class='ocrx_word' id='word_1_459' title='bbox 1888 5711 1975 5780; x_wconf 89' lang='lat' dir='ltr'>dare</span> <span class='ocrx_word' id='word_1_460' title='bbox 1999 5709 2112 5796; x_wconf 91' lang='lat' dir='ltr'>ipsius</span> 
     </span>
    </p>
   </div>
   <div class='ocr_carea' id='block_1_7' title="bbox 262 5864 2110 5957">
    <p class='ocr_par' dir='ltr' id='par_1_7' title="bbox 262 5864 2110 5957">
     <span class='ocr_line' id='line_1_35' title="bbox 262 5864 2110 5957; baseline -0.004 -17"><span class='ocrx_word' id='word_1_461' title='bbox 262 5875 481 5943; x_wconf 87' lang='lat' dir='ltr'>constantini</span> <span class='ocrx_word' id='word_1_462' title='bbox 506 5873 561 5939; x_wconf 80' lang='lat' dir='ltr'>vel</span> <span class='ocrx_word' id='word_1_463' title='bbox 587 5871 633 5939; x_wconf 88' lang='lat' dir='ltr'>ad</span> <span class='ocrx_word' id='word_1_464' title='bbox 657 5873 734 5940; x_wconf 92' lang='lat' dir='ltr'>eius</span> <span class='ocrx_word' id='word_1_465' title='bbox 758 5871 878 5940; x_wconf 88' lang='lat' dir='ltr'>eredes</span> <span class='ocrx_word' id='word_1_466' title='bbox 901 5889 1060 5957; x_wconf 88' lang='lat' dir='ltr'>organea</span> <span class='ocrx_word' id='word_1_467' title='bbox 1084 5871 1191 5956; x_wconf 87' lang='lat' dir='ltr'>bona,</span> <span class='ocrx_word' id='word_1_468' title='bbox 1217 5873 1257 5938; x_wconf 90' lang='lat' dir='ltr'>ut</span> <span class='ocrx_word' id='word_1_469' title='bbox 1281 5867 1365 5936; x_wconf 90' lang='lat' dir='ltr'>illut</span> <span class='ocrx_word' id='word_1_470' title='bbox 1380 5885 1550 5953; x_wconf 90' lang='lat' dir='ltr'>reponere</span> <span class='ocrx_word' id='word_1_471' title='bbox 1574 5869 1613 5935; x_wconf 90' lang='lat' dir='ltr'>in</span> <span class='ocrx_word' id='word_1_472' title='bbox 1640 5867 1717 5952; x_wconf 88' lang='lat' dir='ltr'>ipsa</span> <span class='ocrx_word' id='word_1_473' title='bbox 1743 5883 1827 5937; x_wconf 88' lang='lat' dir='ltr'>casa</span> <span class='ocrx_word' id='word_1_474' title='bbox 1843 5864 1936 5953; x_wconf 90' lang='lat' dir='ltr'>quod</span> <span class='ocrx_word' id='word_1_475' title='bbox 1960 5865 2110 5934; x_wconf 82' lang='lat' dir='ltr'>iecerint</span> 
     </span>
    </p>
   </div>
   <div class='ocr_carea' id='block_1_8' title="bbox 0 0 2672 7096">
    <p class='ocr_par' dir='ltr' id='par_1_8' title="bbox 0 0 2672 7096">
     <span class='ocr_line' id='line_1_36' title="bbox 0 0 2672 7096; baseline 0 0"><span class='ocrx_word' id='word_1_476' title='bbox 0 0 2672 7096; x_wconf 95' lang='lat' dir='ltr'> </span> 
     </span>
    </p>
   </div>
  </div>
 </body>
</html>
