5310 7080
538 575 602 646 lua>
1179 577 1352 649 eoblx
1386 577 1651 649 CAVENSIS

485 798 559 868 ioni
586 799 720 868 tradidi
740 800 821 868 inde
840 821 911 868 una
928 812 1020 869 sorte
1037 803 1127 887 quod
1145 807 1198 869 est
1216 802 1357 870 tertiam
1374 805 1527 887 partem,
1551 799 1615 868 tali
1633 799 1756 866 ordine
1775 797 1855 864 illut
1871 813 1994 862 eorum
2010 794 2124 878 trade,
2152 797 2191 860 ut
2215 793 2338 862 amodo

490 952 527 1016 61
551 967 689 1034 semper
714 949 810 1018 omni
837 951 991 1036 tempore
1017 949 1130 1019 licead
1155 952 1227 1018 illis
1251 957 1286 1019 61
1309 952 1383 1019 suis
1405 951 1571 1020 eredibus
1594 968 1652 1016 eos
1675 967 1737 1016 sue
1761 947 1944 1033 potestatis
1976 949 2097 1012 tenere
2121 948 2158 1010 et
2180 942 2340 1012 domina-

487 1121 544 1189 re,
568 1106 604 1168 et
629 1103 724 1168 soree
748 1105 783 1168 et
806 1103 920 1170 omnis
945 1123 1006 1171 sue
1032 1104 1203 1172 utilitatis
1228 1103 1332 1172 iuxta
1356 1102 1533 1171 rationem
1560 1102 1641 1169 inde
1662 1101 1792 1186 lacere,
1809 1103 1844 1170 61
1862 1099 1992 1166 liceant
2009 1095 2079 1162 illis
2095 1095 2163 1182 ipsi
2179 1096 2337 1164 castanei

486 1254 569 1321 inde
596 1254 777 1339 ascidere,
802 1257 837 1319 et
862 1258 1052 1339 pastenare
1077 1257 1114 1322 in
1140 1255 1217 1342 ipsa
1240 1255 1357 1340 prima
1381 1254 1500 1341 pecia,
1528 1254 1587 1321 ubi
1613 1252 1680 1340 ipsi
1706 1251 1864 1320 castanei
1889 1255 1997 1336 sunt,
2023 1248 2280 1317 abellanietum
2302 1253 2339 1314 et

492 1405 712 1491 insertitum,
737 1410 772 1474 et
797 1405 834 1470 in
859 1405 937 1492 ipsa
959 1407 1032 1474 alia
1057 1407 1158 1491 peoia
1181 1410 1370 1492 pastenare
1395 1406 1647 1476 abellanietum
1671 1413 1706 1475 et
1722 1409 1922 1490 arbustum;
1940 1404 1991 1471 sic
2008 1411 2142 1487 tamen,
2161 1413 2200 1469 ut
2215 1401 2338 1468 amodo

488 1577 601 1643 usque
625 1559 791 1626 tridecim
815 1559 901 1626 amri
926 1565 1038 1627 totum
1064 1561 1144 1627 illut
1167 1581 1229 1646 per
1253 1563 1328 1647 ipse
1352 1561 1434 1627 finis
1457 1565 1492 1627 61
1517 1558 1698 1626 mensurio
1723 1560 1856 1626 abeant
1880 1558 1962 1624 illut
1985 1557 2143 1642 factum,
2165 1561 2202 1623 et
2225 1554 2339 1622 culta-

489 1715 578 1796 tum,
604 1713 640 1778 et
664 1710 815 1794 clusum,
831 1715 866 1777 et
883 1715 1080 1796 operatum,
1097 1713 1189 1779 sicut
1204 1711 1389 1797 meruerit,
1406 1713 1600 1779 secundum
1617 1711 1907 1780 consuetudinem
1924 1710 1991 1777 loci
2008 1709 2119 1794 illiue,
2137 1711 2171 1774 61
2186 1707 2278 1774 siout
2294 1707 2337 1774 de

491 1867 614 1929 tantos
638 1881 750 1930 annos
774 1881 849 1930 esse
874 1864 1058 1949 meruerit,
1082 1869 1118 1930 et
1141 1865 1187 1932 da
1213 1865 1279 1952 ipsi
1304 1865 1467 1932 tridecim
1491 1863 1577 1932 anni
1595 1861 1758 1948 complcti
1777 1863 1814 1928 in
1831 1865 1940 1930 antea
1964 1863 2001 1928 in
2026 1861 2191 1927 omnibus
2215 1860 2287 1927 illis
2303 1866 2339 1926 et

490 2016 567 2082 suis
585 2015 749 2081 eredibus
775 2013 887 2082 licead
913 2016 985 2081 illis
1008 2035 1067 2082 eos
1090 2021 1211 2085 tenere
1228 2023 1263 2085 61
1278 2019 1393 2084 omnis
1409 2037 1470 2084 sue
1488 2017 1655 2084 utilitatis
1673 2017 1777 2082 iuxta
1794 2018 1971 2083 rationem
1988 2015 2120 2082 ibidem
2144 2015 2272 2099 lacere,
2298 2029 2335 2079 ot

491 2166 699 2234 annualiter
724 2169 817 2252 aptis
842 2169 1057 2254 temporibus
1085 2171 1245 2238 lavorare
1269 2175 1305 2237 et
1328 2172 1464 2237 culture
1490 2169 1572 2236 illut
1587 2170 1629 2236 de
1654 2187 1759 2255 super
1775 2175 1810 2236 61
1826 2169 1868 2236 de
1885 2174 2022 2255 supina,
2047 2167 2140 2234 sicut
2155 2166 2251 2232 locus
2267 2165 2341 2251 ipsc

495 2320 681 2404 meruerit,
709 2324 748 2386 ut
772 2321 860 2385 bene
884 2319 1017 2404 parcad
1041 2320 1239 2388 lavoratum
1263 2327 1299 2386 et
1323 2319 1500 2388 cultatum
1523 2327 1559 2387 61
1584 2321 1734 2406 clusum,
1752 2325 1788 2389 61
1812 2327 1985 2407 quantum
2010 2321 2132 2386 vinum
2156 2320 2211 2386 vel
2235 2318 2343 2404 quod-

492 2489 648 2556 cumque
673 2471 795 2557 tiuges
819 2475 854 2538 et
880 2471 1017 2540 labores
1042 2471 1124 2539 inde
1149 2471 1286 2556 tollere,
1304 2473 1359 2540 vel
1376 2477 1482 2542 abere
1506 2475 1686 2558 potuerint
1710 2475 1835 2542 amodo
1857 2493 1968 2559 usque
1993 2475 2113 2540 decem
2137 2472 2226 2540 anni
2249 2487 2343 2538 com-

493 2623 596 2708 pleti,
623 2629 735 2690 totum
762 2625 842 2691 illut
857 2625 923 2691 siri
949 2627 1080 2693 habere
1097 2631 1131 2692 61
1148 2626 1283 2693 nullam
1309 2625 1500 2694 sortioncm
1517 2629 1563 2695 ad
1580 2645 1663 2713 pars
1686 2625 1798 2714 ipsius
1821 2626 1967 2693 ecclesie
1986 2627 2067 2692 inde
2082 2628 2203 2693 deaut.
2222 2629 2341 2709 preter

489 2779 646 2860 tantum,
672 2776 755 2842 dum
781 2777 847 2861 ipsi
872 2779 1030 2845 castanei
1049 2777 1098 2844 ibi
1116 2777 1267 2862 suerint,
1285 2780 1358 2864 ipse
1374 2783 1540 2846 eastanee
1556 2780 1648 2864 quod
1665 2781 1747 2847 inde
1764 2779 1989 2864 collexerint,
2007 2785 2042 2846 et
2058 2783 2192 2864 quante
2209 2777 2342 2844 inserto

493 2929 576 2995 inde
602 2929 770 3014 exierint,
787 2933 858 2996 tote
875 2929 934 2997 illc
951 2931 1102 2998 debeant
1118 2951 1271 3017 seccare,
1288 2931 1382 2996 sicut
1398 2929 1582 3016 meruerit,
1599 2935 1634 2996 et
1651 2930 1723 2996 illis
1741 2931 1866 2999 tollant
1883 2932 1965 2998 inde
1981 2932 2049 2998 due
2067 2930 2189 3015 sortis,
2205 2935 2241 2996 61
2256 2948 2343 3015 pars

489 3080 605 3148 eidem
630 3082 777 3148 ecclesie
804 3085 931 3151 tollant
956 3083 1037 3150 inde
1055 3083 1198 3151 tertiam
1215 3089 1375 3168 partem,
1392 3070 1489 3150 61116
1505 3081 1573 3168 ipsi
1590 3083 1710 3150 decem
1727 3084 1814 3151 anni
1833 3081 1995 3151 inantea
2012 3083 2107 3149 omni
2126 3089 2282 3170 ternpore
2297 3085 2341 3152 de

493 3241 672 3320 quantum
698 3237 820 3302 vinum
847 3243 882 3303 et
905 3237 1068 3305 abellane
1092 3243 1128 3304 et
1144 3239 1277 3304 inserte
1302 3237 1383 3304 inde
1408 3237 1552 3322 exierit,
1577 3255 1660 3322 pars
1685 3236 1795 3322 ipsius
1819 3237 1967 3305 ecclesio
1984 3239 2084 3305 tollat
2100 3238 2184 3306 inde
2200 3237 2344 3306 tertiam

493 3393 645 3474 partem,
670 3393 705 3454 et
729 3388 802 3454 illis
825 3395 860 3456 et
883 3391 956 3456 suis
980 3393 1144 3458 eredibus
1169 3391 1296 3458 tollant
1319 3392 1388 3457 due
1414 3392 1533 3475 sortis,
1560 3395 1680 3457 tamen
1698 3391 1772 3475 ipse
1798 3389 1960 3458 abellane
1978 3401 2013 3457 61
2038 3390 2170 3456 inserte
2193 3390 2345 3460 debeant

492 3541 566 3607 illis
583 3560 642 3608 eas
661 3561 816 3626 seccare,
834 3547 868 3609 et
885 3544 936 3610 sio
954 3543 1013 3611 1116
1031 3542 1125 3610 inter
1142 3563 1178 3610 so
1194 3542 1352 3610 dividere
1369 3563 1430 3628 per
1449 3541 1615 3610 iamdicto
1630 3543 1754 3608 ordine
1772 3542 1865 3641 aptis
1882 3543 2112 3627 temporibus,
2129 3545 2165 3608 61
2180 3559 2242 3628 per
2258 3547 2345 3610 tem-

495 3716 576 3782 pore
602 3697 780 3763 vindemie
796 3695 864 3782 ipsi
881 3698 1055 3764 nominati
1072 3715 1193 3764 omnes
1209 3697 1404 3783 supradicti
1421 3703 1456 3765 et
1472 3697 1547 3763 suis
1562 3698 1726 3764 eredibus
1741 3696 1877 3764 saciant
1894 3696 1985 3762 scire
2002 3714 2086 3780 pars
2102 3695 2216 3781 ipsius
2232 3696 2346 3762 eccle·

494 3848 559 3932 sie,
578 3855 616 3916 ut
632 3849 774 3935 dirigad
792 3849 921 3916 ibidem
946 3851 1090 3916 missum
1107 3853 1197 3938 eiua,
1214 3857 1249 3917 61
1266 3869 1349 3937 pars
1364 3850 1476 3936 ipsius
1491 3851 1636 3916 ecclesie
1652 3849 1819 3935 adsignet
1835 3848 1979 3914 illorum
1995 3866 2193 3934 organeum
2210 3850 2343 3914 bonum

496 4001 542 4068 da
568 4003 707 4087 vinum,
724 4004 759 4068 et
778 4001 852 4067 illis
869 4005 904 4068 et
921 4003 995 4068 suis
1018 4002 1183 4070 eredibus
1206 4003 1412 4071 annualiter
1428 4003 1593 4070 conciare
1610 4007 1645 4069 et
1660 4002 1819 4070 studiare
1845 4001 1960 4088 illum,
1978 4003 2072 4070 sicut
2087 3984 2276 4090 meruerit,
2300 4003 2346 4070 ad

500 4154 700 4242 cellarium,
725 4155 817 4240 quod
841 4174 925 4243 pars
940 4155 1056 4223 eidem
1073 4156 1219 4222 ecclesie
1236 4157 1402 4224 habuerit
1417 4156 1463 4226 ad
1480 4156 1548 4242 ipsi
1565 4155 1688 4242 periti,
1705 4157 1786 4222 6161
1803 4175 1887 4240 pars
1904 4155 2015 4242 ipsius
2031 4157 2179 4225 60016616
2196 4158 2346 4224 voluerit

499 4309 615 4394 ipsum
633 4327 829 4394 organeum
844 4327 974 4395 ponere
991 4310 1030 4375 in
1045 4328 1127 4377 casa
1151 4308 1306 4395 illorum,
1324 4311 1410 4376 tuno
1427 4308 1500 4376 illis
1514 4314 1549 4376 61
1565 4310 1639 4376 suis
1664 4309 1828 4376 eredibus
1851 4309 1968 4395 ipsum
1983 4327 2182 4397 organeum
2207 4313 2343 4394 ponant

496 4461 594 4527 intus
609 4480 692 4529 oasa
708 4481 773 4528 sua
789 4462 881 4548 quod
905 4462 1084 4546 abuerint,
1102 4461 1140 4526 in
1157 4460 1231 4528 alia
1256 4463 1361 4527 rebus
1384 4463 1499 4530 eidem
1521 4463 1667 4530 ecclesie
1691 4464 1784 4550 quod
1810 4463 1881 4529 illis
1906 4462 2006 4528 modo
2023 4463 2198 4550 retinunt,
2215 4470 2251 4531 61
2267 4463 2342 4550 1066

496 4614 619 4680 vinum
642 4615 847 4682 annualiter
864 4614 1003 4682 salvum
1020 4615 1170 4701 faciant,
1187 4616 1298 4682 donec
1315 4635 1396 4702 pars
1422 4614 1534 4701 ipsius
1558 4615 1703 4684 ecclesie
1728 4615 1809 4683 illut
1827 4615 1909 4682 indo
1926 4615 2062 4700 tulerit,
2080 4617 2214 4700 absque
2240 4617 2347 4704 dego-

499 4770 721 4836 necationem
745 4775 781 4837 et
805 4771 890 4856 igno
913 4775 948 4837 et
964 4789 1096 4855 mures;
1121 4775 1156 4837 61
1180 4772 1210 4837 61
1236 4770 1416 4838 volueriut
1440 4789 1522 4855 pars
1548 4769 1660 4856 ipsius
1684 4769 1832 4836 ecclesie
1857 4769 1973 4855 ipsum
1997 4787 2196 4856 organeum
2219 4782 2254 4838 61
2271 4770 2346 4856 1060

500 4923 624 4990 vinum
650 4941 818 5008 reponere
843 4924 888 4992 ad
912 4925 986 5010 ipso
1010 4923 1197 4992 cellarium
1221 4943 1338 5011 suum,
1365 4931 1448 4992 tuno
1473 4924 1546 4990 illis
1563 4929 1599 4991 61
1614 4923 1688 4990 suis
1713 4922 1903 4990 heredibus
1927 4925 2081 4992 debeant
2104 4929 2249 5010 portare
2266 4925 2346 5010 ipsa

501 5076 659 5142 sortione
683 5076 725 5142 de
745 5077 819 5161 ipso
834 5075 970 5162 vinum,
988 5075 1079 5160 quod
1096 5075 1139 5142 ad
1156 5093 1239 5160 pars
1257 5075 1368 5160 ipsius
1384 5075 1530 5142 ecclesie
1549 5077 1629 5144 inde
1646 5078 1818 5163 evenerit,
1835 5079 1880 5146 ad
1898 5077 1972 5164 ipso
1997 5078 2197 5164 cellarium;
2214 5081 2250 5145 et
2264 5076 2347 5142 dum

506 5224 635 5296 ibidem
667 5228 806 5297 steterit
832 5229 905 5315 ipso
931 5230 1076 5295 missum
1108 5227 1218 5315 ipsius
1243 5249 1305 5314 per
1337 5228 1516 5296 vindemie
1541 5247 1604 5316 pro
1632 5189 1875 5317 recipiendum
1900 5232 1977 5318 ipsa
2000 5230 2194 5298 sortionem
2218 5249 2283 5299 sua
2306 5230 2349 5298 de

504 5388 581 5472 ipso
606 5387 744 5471 vinum,
760 5385 831 5452 illis
854 5403 935 5451 eum
959 5385 1099 5451 nutrire
1122 5383 1316 5451 secundum
1333 5401 1435 5450 suam
1450 5383 1732 5470 possibilitatem,
1748 5387 1783 5450 61
1798 5384 1906 5451 deant
1920 5385 1954 5450 ei
1971 5384 2229 5470 palinentatica
2247 5385 2352 5452 iuxta

502 5539 694 5626 rationem,
719 5538 819 5606 etde
843 5538 936 5623 quod
964 5537 1001 5604 in
1028 5537 1106 5621 ipsa
1129 5537 1234 5602 rebus
1257 5533 1513 5602 seminaverint
1536 5537 1661 5602 amodo
1676 5540 1712 5603 61
1727 5556 1876 5623 semper,
1901 5537 2009 5604 deant
2033 5535 2115 5602 inde
2139 5535 2351 5603 terraticum

507 5696 703 5762 secundum
728 5694 1019 5762 consuetudinem
1043 5693 1085 5759 de
1110 5693 1185 5778 ipso
1210 5692 1324 5758 locum
1348 5691 1392 5756 ad
1416 5708 1500 5776 pars
1524 5689 1636 5776 ipsius
1660 5690 1820 5777 ecclesie;
1837 5696 1873 5758 61
1888 5693 1919 5758 61
1936 5690 1983 5757 da
1999 5691 2066 5776 ipsi
2084 5689 2252 5756 tridecim
2267 5689 2354 5755 anni

507 5849 691 5916 noluerint
715 5847 788 5916 illis
812 5849 917 5916 rebus
942 5849 1021 5932 ipsa
1046 5854 1165 5914 tenere
1189 5850 1226 5913 et
1243 5845 1418 5928 lavorare,
1433 5843 1565 5911 liceant
1582 5844 1654 5911 illis
1670 5849 1705 5911 et
1721 5843 1795 5910 suis
1812 5843 1976 5912 eredibus
1994 5843 2074 5912 inde
2094 5844 2220 5912 tollere
2236 5841 2357 5910 omnia
