<?xml version="1.0" encoding="UTF-8"?>
<!DOCTYPE html PUBLIC "-//W3C//DTD XHTML 1.0 Transitional//EN"
    "http://www.w3.org/TR/xhtml1/DTD/xhtml1-transitional.dtd">
<html xmlns="http://www.w3.org/1999/xhtml" xml:lang="en" lang="en">
 <head>
  <title>
</title>
<meta http-equiv="Content-Type" content="text/html;charset=utf-8" />
  <meta name='ocr-system' content='tesseract 3.04.00' />
  <meta name='ocr-capabilities' content='ocr_page ocr_carea ocr_par ocr_line ocrx_word'/>
</head>
<body>
  <div class='ocr_page' id='page_1' title='image "./codexdiplomatic05aragoog_0314.png"; bbox 0 0 5376 7104; ppageno 0'>
   <div class='ocr_carea' id='block_1_1' title="bbox 899 554 1522 658">
    <p class='ocr_par' dir='ltr' id='par_1_1' title="bbox 899 554 1522 658">
     <span class='ocr_line' id='line_1_1' title="bbox 899 554 1522 658; baseline 0.018 -11"><span class='ocrx_word' id='word_1_1' title='bbox 899 641 902 648; x_wconf 85' lang='grc'><em>,</em></span> <span class='ocrx_word' id='word_1_2' title='bbox 1013 578 1418 658; x_wconf 73' lang='lat' dir='ltr'><strong>orreovlrvous</strong></span> <span class='ocrx_word' id='word_1_3' title='bbox 1518 554 1522 562; x_wconf 83' lang='grc'><strong>’</strong></span> 
     </span>
    </p>
   </div>
   <div class='ocr_carea' id='block_1_2' title="bbox 1064 917 1369 1225">
    <p class='ocr_par' dir='ltr' id='par_1_2' title="bbox 1064 917 1369 1225">
     <span class='ocr_line' id='line_1_2' title="bbox 1064 917 1369 1002; baseline -0.016 -4"><span class='ocrx_word' id='word_1_4' title='bbox 1064 917 1369 1002; x_wconf 79' lang='lat' dir='ltr'><strong>mcxcvn.</strong></span> 
     </span>
     <span class='ocr_line' id='line_1_3' title="bbox 1070 1075 1352 1225; baseline -0.018 -3"><span class='ocrx_word' id='word_1_5' title='bbox 1070 1145 1124 1222; x_wconf 81' lang='grc' dir='ltr'><strong>Α.</strong></span> <span class='ocrx_word' id='word_1_6' title='bbox 1151 1145 1202 1222; x_wconf 85' lang='lat' dir='ltr'><strong>o.</strong></span> <span class='ocrx_word' id='word_1_7' title='bbox 1230 1075 1352 1225; x_wconf 66' lang='lat'>1017}</span> 
     </span>
    </p>
   </div>
   <div class='ocr_carea' id='block_1_3' title="bbox 333 1339 2145 1495">
    <p class='ocr_par' dir='ltr' id='par_1_3' title="bbox 333 1339 2145 1495">
     <span class='ocr_line' id='line_1_4' title="bbox 333 1339 2145 1495; baseline 0.012 -39"><span class='ocrx_word' id='word_1_8' title='bbox 333 1339 370 1478; x_wconf 83' lang='lat'>†</span> <span class='ocrx_word' id='word_1_9' title='bbox 396 1391 437 1459; x_wconf 90' lang='lat' dir='ltr'><strong>ln</strong></span> <span class='ocrx_word' id='word_1_10' title='bbox 461 1393 609 1463; x_wconf 89' lang='lat' dir='ltr'><strong>nomine</strong></span> <span class='ocrx_word' id='word_1_11' title='bbox 632 1394 767 1466; x_wconf 90' lang='lat' dir='ltr'><strong>domini</strong></span> <span class='ocrx_word' id='word_1_12' title='bbox 791 1397 919 1468; x_wconf 92' lang='lat' dir='ltr'><strong>domno</strong></span> <span class='ocrx_word' id='word_1_13' title='bbox 941 1399 1047 1468; x_wconf 85' lang='lat' dir='ltr'>basili</span> <span class='ocrx_word' id='word_1_14' title='bbox 1070 1401 1195 1473; x_wconf 89' lang='lat' dir='ltr'><strong>dibina</strong></span> <span class='ocrx_word' id='word_1_15' title='bbox 1217 1401 1340 1493; x_wconf 84' lang='lat' dir='ltr'><strong>gratia</strong></span> <span class='ocrx_word' id='word_1_16' title='bbox 1356 1403 1550 1492; x_wconf 90' lang='lat' dir='ltr'><strong>imperator</strong></span> <span class='ocrx_word' id='word_1_17' title='bbox 1567 1409 1736 1495; x_wconf 79' lang='lat' dir='ltr'><strong>augusto,</strong></span> <span class='ocrx_word' id='word_1_18' title='bbox 1753 1405 1818 1477; x_wconf 91' lang='lat' dir='ltr'><strong>deo</strong></span> <span class='ocrx_word' id='word_1_19' title='bbox 1834 1405 2026 1495; x_wconf 89' lang='lat' dir='ltr'><strong>propitius,</strong></span> <span class='ocrx_word' id='word_1_20' title='bbox 2041 1425 2145 1480; x_wconf 83' lang='lat' dir='ltr'><strong>sexa-</strong></span> 
     </span>
    </p>
   </div>
   <div class='ocr_carea' id='block_1_4' title="bbox 210 1539 2166 5312">
    <p class='ocr_par' dir='ltr' id='par_1_4' title="bbox 210 1539 2166 5312">
     <span class='ocr_line' id='line_1_5' title="bbox 287 1539 2166 1648; baseline 0.011 -39"><span class='ocrx_word' id='word_1_21' title='bbox 287 1539 429 1630; x_wconf 84' lang='lat' dir='ltr'><strong>gesimo</strong></span> <span class='ocrx_word' id='word_1_22' title='bbox 455 1561 551 1614; x_wconf 90' lang='lat' dir='ltr'><strong>anno</strong></span> <span class='ocrx_word' id='word_1_23' title='bbox 574 1545 719 1633; x_wconf 88' lang='lat' dir='ltr'><strong>imperii</strong></span> <span class='ocrx_word' id='word_1_24' title='bbox 741 1548 834 1636; x_wconf 83' lang='lat' dir='ltr'><strong>eius,</strong></span> <span class='ocrx_word' id='word_1_25' title='bbox 858 1555 893 1620; x_wconf 90' lang='lat' dir='ltr'><strong>et</strong></span> <span class='ocrx_word' id='word_1_26' title='bbox 916 1570 997 1620; x_wconf 89' lang='lat' dir='ltr'><strong>cum</strong></span> <span class='ocrx_word' id='word_1_27' title='bbox 1020 1572 1062 1622; x_wconf 91' lang='lat' dir='ltr'><strong>eo</strong></span> <span class='ocrx_word' id='word_1_28' title='bbox 1085 1558 1262 1642; x_wconf 81' lang='lat' dir='ltr'>regnante</span> <span class='ocrx_word' id='word_1_29' title='bbox 1284 1555 1412 1626; x_wconf 91' lang='lat' dir='ltr'><strong>domno</strong></span> <span class='ocrx_word' id='word_1_30' title='bbox 1430 1560 1657 1628; x_wconf 90' lang='lat' dir='ltr'><strong>constantino</strong></span> <span class='ocrx_word' id='word_1_31' title='bbox 1673 1559 1785 1630; x_wconf 78' lang='lat' dir='ltr'><strong>irater</strong></span> <span class='ocrx_word' id='word_1_32' title='bbox 1800 1559 1891 1648; x_wconf 87' lang='lat' dir='ltr'><strong>eius,</strong></span> <span class='ocrx_word' id='word_1_33' title='bbox 1908 1559 2166 1631; x_wconf 77' lang='lat' dir='ltr'><strong>sanctissimis·</strong></span> 
     </span>
     <span class='ocr_line' id='line_1_6' title="bbox 289 1695 2139 1800; baseline 0.01 -39"><span class='ocrx_word' id='word_1_34' title='bbox 289 1695 568 1782; x_wconf 82' lang='lat' dir='ltr'><strong>imperatoribus</strong></span> <span class='ocrx_word' id='word_1_35' title='bbox 590 1701 737 1790; x_wconf 76' lang='lat' dir='ltr'><strong>nostriS,</strong></span> <span class='ocrx_word' id='word_1_36' title='bbox 760 1721 881 1773; x_wconf 88' lang='lat' dir='ltr'><strong>mense</strong></span> <span class='ocrx_word' id='word_1_37' title='bbox 904 1705 1085 1793; x_wconf 89' lang='lat' dir='ltr'><strong>ianuario,</strong></span> <span class='ocrx_word' id='word_1_38' title='bbox 1109 1707 1376 1794; x_wconf 88' lang='lat' dir='ltr'><strong>quintadecima</strong></span> <span class='ocrx_word' id='word_1_39' title='bbox 1399 1708 1606 1779; x_wconf 81' lang='lat' dir='ltr'><strong>indictione.</strong></span> <span class='ocrx_word' id='word_1_40' title='bbox 1632 1713 1707 1800; x_wconf 84' lang='lat' dir='ltr'><strong>Ego</strong></span> <span class='ocrx_word' id='word_1_41' title='bbox 1730 1710 1861 1780; x_wconf 88' lang='lat' dir='ltr'><strong>mulier</strong></span> <span class='ocrx_word' id='word_1_42' title='bbox 1884 1709 2029 1781; x_wconf 92' lang='lat' dir='ltr'><strong>nomine</strong></span> <span class='ocrx_word' id='word_1_43' title='bbox 2052 1712 2139 1782; x_wconf 83' lang='lat' dir='ltr'><strong>alte-</strong></span> 
     </span>
     <span class='ocr_line' id='line_1_7' title="bbox 288 1827 2139 1944; baseline 0.01 -30"><span class='ocrx_word' id='word_1_44' title='bbox 288 1847 380 1916; x_wconf 88' lang='lat' dir='ltr'><strong>rada</strong></span> <span class='ocrx_word' id='word_1_45' title='bbox 403 1849 482 1918; x_wconf 89' lang='lat' dir='ltr'><strong>filia</strong></span> <span class='ocrx_word' id='word_1_46' title='bbox 506 1855 686 1940; x_wconf 89' lang='lat' dir='ltr'><strong>quondam</strong></span> <span class='ocrx_word' id='word_1_47' title='bbox 711 1855 878 1944; x_wconf 90' lang='lat' dir='ltr'><strong>landoni,</strong></span> <span class='ocrx_word' id='word_1_48' title='bbox 903 1859 965 1943; x_wconf 90' lang='lat' dir='ltr'><strong>qui</strong></span> <span class='ocrx_word' id='word_1_49' title='bbox 989 1877 1068 1927; x_wconf 89' lang='lat' dir='ltr'><strong>sum</strong></span> <span class='ocrx_word' id='word_1_50' title='bbox 1093 1864 1352 1930; x_wconf 84' lang='lat' dir='ltr'><strong>commorantes</strong></span> <span class='ocrx_word' id='word_1_51' title='bbox 1376 1861 1476 1929; x_wconf 90' lang='lat' dir='ltr'><strong>intus</strong></span> <span class='ocrx_word' id='word_1_52' title='bbox 1498 1861 1643 1932; x_wconf 88' lang='lat' dir='ltr'><strong>cibitate</strong></span> <span class='ocrx_word' id='word_1_53' title='bbox 1668 1862 1804 1932; x_wconf 89' lang='lat' dir='ltr'><strong>luceria</strong></span> <span class='ocrx_word' id='word_1_54' title='bbox 1828 1867 1864 1933; x_wconf 88' lang='lat' dir='ltr'><strong>et</strong></span> <span class='ocrx_word' id='word_1_55' title='bbox 1886 1827 1979 1934; x_wconf 82' lang='lat' dir='ltr'><strong>uxor</strong></span> <span class='ocrx_word' id='word_1_56' title='bbox 2001 1863 2139 1933; x_wconf 90' lang='lat' dir='ltr'><strong>scilicet</strong></span> 
     </span>
     <span class='ocr_line' id='line_1_8' title="bbox 288 1999 2142 2104; baseline 0.011 -37"><span class='ocrx_word' id='word_1_57' title='bbox 288 1999 385 2087; x_wconf 88' lang='lat' dir='ltr'><strong>gutti</strong></span> <span class='ocrx_word' id='word_1_58' title='bbox 409 2002 477 2070; x_wconf 89' lang='lat' dir='ltr'><strong>filii</strong></span> <span class='ocrx_word' id='word_1_59' title='bbox 500 2003 664 2092; x_wconf 87' lang='lat' dir='ltr'><strong>iohanni,</strong></span> <span class='ocrx_word' id='word_1_60' title='bbox 688 2005 830 2076; x_wconf 90' lang='lat' dir='ltr'><strong>declaro</strong></span> <span class='ocrx_word' id='word_1_61' title='bbox 852 2010 950 2077; x_wconf 90' lang='lat' dir='ltr'><strong>enim</strong></span> <span class='ocrx_word' id='word_1_62' title='bbox 973 2030 1028 2080; x_wconf 91' lang='lat' dir='ltr'><strong>me</strong></span> <span class='ocrx_word' id='word_1_63' title='bbox 1052 2013 1292 2100; x_wconf 81' lang='lat' dir='ltr'><strong>pertinentem</strong></span> <span class='ocrx_word' id='word_1_64' title='bbox 1315 2013 1426 2082; x_wconf 86' lang='lat' dir='ltr'><strong>michi</strong></span> <span class='ocrx_word' id='word_1_65' title='bbox 1449 2017 1557 2084; x_wconf 83' lang='lat' dir='ltr'><strong>abere</strong></span> <span class='ocrx_word' id='word_1_66' title='bbox 1581 2035 1604 2085; x_wconf 89' lang='lat' dir='ltr'><strong>a</strong></span> <span class='ocrx_word' id='word_1_67' title='bbox 1627 2016 1981 2086; x_wconf 80' lang='lat' dir='ltr'><strong>landonolfus-verus</strong></span> <span class='ocrx_word' id='word_1_68' title='bbox 1998 2035 2142 2104; x_wconf 82' lang='lat' dir='ltr'><strong>germa-</strong></span> 
     </span>
     <span class='ocr_line' id='line_1_9' title="bbox 291 2153 2133 2257; baseline 0.01 -38"><span class='ocrx_word' id='word_1_69' title='bbox 291 2168 367 2220; x_wconf 90' lang='lat' dir='ltr'><strong>nus</strong></span> <span class='ocrx_word' id='word_1_70' title='bbox 389 2153 569 2241; x_wconf 85' lang='lat' dir='ltr'><strong>aliquanti</strong></span> <span class='ocrx_word' id='word_1_71' title='bbox 593 2155 735 2224; x_wconf 83' lang='lat' dir='ltr'><strong>ordines</strong></span> <span class='ocrx_word' id='word_1_72' title='bbox 759 2157 927 2228; x_wconf 88' lang='lat' dir='ltr'><strong>devince</strong></span> <span class='ocrx_word' id='word_1_73' title='bbox 950 2161 989 2228; x_wconf 91' lang='lat' dir='ltr'><strong>in</strong></span> <span class='ocrx_word' id='word_1_74' title='bbox 1013 2163 1116 2233; x_wconf 84' lang='lat' dir='ltr'><strong>excla</strong></span> <span class='ocrx_word' id='word_1_75' title='bbox 1138 2163 1202 2235; x_wconf 88' lang='lat' dir='ltr'><strong>illa</strong></span> <span class='ocrx_word' id='word_1_76' title='bbox 1226 2185 1308 2251; x_wconf 89' lang='lat' dir='ltr'><strong>pars</strong></span> <span class='ocrx_word' id='word_1_77' title='bbox 1330 2165 1436 2235; x_wconf 88' lang='lat' dir='ltr'><strong>dubio</strong></span> <span class='ocrx_word' id='word_1_78' title='bbox 1460 2169 1614 2255; x_wconf 90' lang='lat' dir='ltr'><strong>salsula,</strong></span> <span class='ocrx_word' id='word_1_79' title='bbox 1639 2169 1677 2236; x_wconf 93' lang='lat' dir='ltr'><strong>in</strong></span> <span class='ocrx_word' id='word_1_80' title='bbox 1701 2169 1821 2237; x_wconf 89' lang='lat' dir='ltr'><strong>vicum</strong></span> <span class='ocrx_word' id='word_1_81' title='bbox 1843 2169 1906 2257; x_wconf 92' lang='lat' dir='ltr'><strong>qui</strong></span> <span class='ocrx_word' id='word_1_82' title='bbox 1929 2169 2064 2238; x_wconf 91' lang='lat' dir='ltr'><strong>dicitur</strong></span> <span class='ocrx_word' id='word_1_83' title='bbox 2087 2170 2133 2238; x_wconf 92' lang='lat' dir='ltr'><strong>ad</strong></span> 
     </span>
     <span class='ocr_line' id='line_1_10' title="bbox 289 2304 2132 2409; baseline 0.009 -39"><span class='ocrx_word' id='word_1_84' title='bbox 289 2304 364 2391; x_wconf 91' lang='lat' dir='ltr'><strong>ipse</strong></span> <span class='ocrx_word' id='word_1_85' title='bbox 388 2307 506 2395; x_wconf 85' lang='lat' dir='ltr'><strong>vinee,</strong></span> <span class='ocrx_word' id='word_1_86' title='bbox 531 2329 600 2394; x_wconf 88' lang='lat' dir='ltr'><strong>que</strong></span> <span class='ocrx_word' id='word_1_87' title='bbox 623 2311 777 2380; x_wconf 89' lang='lat' dir='ltr'><strong>hisdiota</strong></span> <span class='ocrx_word' id='word_1_88' title='bbox 800 2314 908 2381; x_wconf 90' lang='lat' dir='ltr'><strong>vinea</strong></span> <span class='ocrx_word' id='word_1_89' title='bbox 931 2315 1042 2384; x_wconf 87' lang='lat' dir='ltr'><strong>michi</strong></span> <span class='ocrx_word' id='word_1_90' title='bbox 1065 2317 1212 2386; x_wconf 88' lang='lat' dir='ltr'><strong>vindere</strong></span> <span class='ocrx_word' id='word_1_91' title='bbox 1235 2336 1434 2406; x_wconf 86' lang='lat' dir='ltr'><strong>congruum</strong></span> <span class='ocrx_word' id='word_1_92' title='bbox 1456 2324 1523 2407; x_wconf 88' lang='lat' dir='ltr'><strong>est,</strong></span> <span class='ocrx_word' id='word_1_93' title='bbox 1548 2325 1583 2389; x_wconf 91' lang='lat' dir='ltr'><strong>et</strong></span> <span class='ocrx_word' id='word_1_94' title='bbox 1600 2320 1708 2388; x_wconf 91' lang='lat' dir='ltr'><strong>michi</strong></span> <span class='ocrx_word' id='word_1_95' title='bbox 1723 2320 1855 2390; x_wconf 84' lang='lat' dir='ltr'><strong>exinde</strong></span> <span class='ocrx_word' id='word_1_96' title='bbox 1871 2339 1951 2392; x_wconf 89' lang='lat' dir='ltr'><strong>mea</strong></span> <span class='ocrx_word' id='word_1_97' title='bbox 1965 2323 2132 2409; x_wconf 80' lang='lat' dir='ltr'><strong>congrui-</strong></span> 
     </span>
     <span class='ocr_line' id='line_1_11' title="bbox 288 2460 2138 2558; baseline 0.008 -35"><span class='ocrx_word' id='word_1_98' title='bbox 288 2460 363 2525; x_wconf 85' lang='lat' dir='ltr'><strong>tate</strong></span> <span class='ocrx_word' id='word_1_99' title='bbox 386 2460 654 2544; x_wconf 87' lang='lat' dir='ltr'><strong>perflciendam.</strong></span> <span class='ocrx_word' id='word_1_100' title='bbox 679 2463 737 2530; x_wconf 86' lang='lat' dir='ltr'><strong>Set</strong></span> <span class='ocrx_word' id='word_1_101' title='bbox 759 2462 945 2532; x_wconf 88' lang='lat' dir='ltr'><strong>audientes</strong></span> <span class='ocrx_word' id='word_1_102' title='bbox 969 2484 1032 2534; x_wconf 89' lang='lat' dir='ltr'><strong>nos</strong></span> <span class='ocrx_word' id='word_1_103' title='bbox 1056 2485 1100 2535; x_wconf 87' lang='lat' dir='ltr'><strong>ea</strong></span> <span class='ocrx_word' id='word_1_104' title='bbox 1123 2486 1192 2553; x_wconf 92' lang='lat' dir='ltr'><strong>que</strong></span> <span class='ocrx_word' id='word_1_105' title='bbox 1224 2469 1377 2537; x_wconf 85' lang='lat' dir='ltr'><strong>inferius</strong></span> <span class='ocrx_word' id='word_1_106' title='bbox 1394 2470 1466 2542; x_wconf 81' lang='lat' dir='ltr'><strong>,lex</strong></span> <span class='ocrx_word' id='word_1_107' title='bbox 1490 2471 1819 2558; x_wconf 81' lang='lat' dir='ltr'><strong>langnobardorum</strong></span> <span class='ocrx_word' id='word_1_108' title='bbox 1849 2471 1893 2540; x_wconf 90' lang='lat' dir='ltr'><strong>de</strong></span> <span class='ocrx_word' id='word_1_109' title='bbox 1923 2472 2138 2540; x_wconf 87' lang='lat' dir='ltr'><strong>mulieribus</strong></span> 
     </span>
     <span class='ocr_line' id='line_1_12' title="bbox 287 2609 2143 2708; baseline 0.009 -36"><span class='ocrx_word' id='word_1_110' title='bbox 287 2609 462 2694; x_wconf 90' lang='lat' dir='ltr'><strong>continet,</strong></span> <span class='ocrx_word' id='word_1_111' title='bbox 489 2614 528 2678; x_wconf 88' lang='lat' dir='ltr'><strong>ut</strong></span> <span class='ocrx_word' id='word_1_112' title='bbox 550 2612 582 2678; x_wconf 90' lang='lat' dir='ltr'><strong>si</strong></span> <span class='ocrx_word' id='word_1_113' title='bbox 606 2630 677 2696; x_wconf 91' lang='lat' dir='ltr'><strong>qua</strong></span> <span class='ocrx_word' id='word_1_114' title='bbox 701 2612 829 2682; x_wconf 92' lang='lat' dir='ltr'><strong>mulier</strong></span> <span class='ocrx_word' id='word_1_115' title='bbox 852 2632 910 2681; x_wconf 89' lang='lat' dir='ltr'><strong>res</strong></span> <span class='ocrx_word' id='word_1_116' title='bbox 934 2632 1017 2683; x_wconf 89' lang='lat' dir='ltr'><strong>suas</strong></span> <span class='ocrx_word' id='word_1_117' title='bbox 1040 2618 1249 2687; x_wconf 85' lang='lat' dir='ltr'><strong>venundare</strong></span> <span class='ocrx_word' id='word_1_118' title='bbox 1272 2619 1436 2708; x_wconf 87' lang='lat' dir='ltr'><strong>voluerit,</strong></span> <span class='ocrx_word' id='word_1_119' title='bbox 1461 2621 1595 2688; x_wconf 87' lang='lat' dir='ltr'><strong>nonin</strong></span> <span class='ocrx_word' id='word_1_120' title='bbox 1620 2623 1791 2690; x_wconf 90' lang='lat' dir='ltr'><strong>absconso</strong></span> <span class='ocrx_word' id='word_1_121' title='bbox 1814 2626 1867 2690; x_wconf 91' lang='lat' dir='ltr'><strong>set</strong></span> <span class='ocrx_word' id='word_1_122' title='bbox 1895 2620 1934 2688; x_wconf 90' lang='lat' dir='ltr'><strong>in</strong></span> <span class='ocrx_word' id='word_1_123' title='bbox 1959 2621 2143 2707; x_wconf 83' lang='lat' dir='ltr'><strong>presentia</strong></span> 
     </span>
     <span class='ocr_line' id='line_1_13' title="bbox 287 2757 2132 2862; baseline 0.009 -37"><span class='ocrx_word' id='word_1_124' title='bbox 287 2757 415 2848; x_wconf 88' lang='lat' dir='ltr'><strong>iudici,</strong></span> <span class='ocrx_word' id='word_1_125' title='bbox 442 2781 504 2830; x_wconf 89' lang='lat' dir='ltr'><strong>seu</strong></span> <span class='ocrx_word' id='word_1_126' title='bbox 529 2765 597 2830; x_wconf 92' lang='lat' dir='ltr'><strong>duo</strong></span> <span class='ocrx_word' id='word_1_127' title='bbox 620 2764 676 2832; x_wconf 92' lang='lat' dir='ltr'><strong>vel</strong></span> <span class='ocrx_word' id='word_1_128' title='bbox 699 2769 772 2834; x_wconf 89' lang='lat' dir='ltr'><strong>tres</strong></span> <span class='ocrx_word' id='word_1_129' title='bbox 795 2771 963 2853; x_wconf 86' lang='lat' dir='ltr'><strong>parentes</strong></span> <span class='ocrx_word' id='word_1_130' title='bbox 985 2785 1067 2835; x_wconf 91' lang='lat' dir='ltr'><strong>suos</strong></span> <span class='ocrx_word' id='word_1_131' title='bbox 1081 2787 1201 2837; x_wconf 88' lang='lat' dir='ltr'><strong>secum</strong></span> <span class='ocrx_word' id='word_1_132' title='bbox 1217 2771 1336 2857; x_wconf 88' lang='lat' dir='ltr'><strong>abeat,</strong></span> <span class='ocrx_word' id='word_1_133' title='bbox 1353 2772 1432 2840; x_wconf 91' lang='lat' dir='ltr'><strong>ldeo</strong></span> <span class='ocrx_word' id='word_1_134' title='bbox 1447 2771 1516 2840; x_wconf 83' lang='lat' dir='ltr'><strong>feci</strong></span> <span class='ocrx_word' id='word_1_135' title='bbox 1531 2773 1662 2841; x_wconf 83' lang='lat' dir='ltr'><strong>exinde</strong></span> <span class='ocrx_word' id='word_1_136' title='bbox 1679 2772 1845 2842; x_wconf 90' lang='lat' dir='ltr'><strong>notitiam</strong></span> <span class='ocrx_word' id='word_1_137' title='bbox 1860 2773 2019 2859; x_wconf 90' lang='lat' dir='ltr'><strong>predicto</strong></span> <span class='ocrx_word' id='word_1_138' title='bbox 2034 2775 2132 2862; x_wconf 85' lang='lat' dir='ltr'><strong>gutli</strong></span> 
     </span>
     <span class='ocr_line' id='line_1_14' title="bbox 210 2917 2135 3015; baseline 0.007 -33"><span class='ocrx_word' id='word_1_139' title='bbox 210 2995 213 3000; x_wconf 23' lang='lat'>¹</span> <span class='ocrx_word' id='word_1_140' title='bbox 288 2917 358 2985; x_wconf 93' lang='lat' dir='ltr'><strong>viri</strong></span> <span class='ocrx_word' id='word_1_141' title='bbox 382 2919 450 2986; x_wconf 90' lang='lat' dir='ltr'><strong>mei</strong></span> <span class='ocrx_word' id='word_1_142' title='bbox 476 2939 583 3006; x_wconf 89' lang='lat' dir='ltr'><strong>quam</strong></span> <span class='ocrx_word' id='word_1_143' title='bbox 608 2925 644 2989; x_wconf 89' lang='lat' dir='ltr'><strong>et</strong></span> <span class='ocrx_word' id='word_1_144' title='bbox 669 2925 809 2992; x_wconf 84' lang='lat' dir='ltr'><strong>cotonei</strong></span> <span class='ocrx_word' id='word_1_145' title='bbox 834 2923 906 2991; x_wconf 85' lang='lat' dir='ltr'><strong>filio</strong></span> <span class='ocrx_word' id='word_1_146' title='bbox 929 2924 1080 2992; x_wconf 88' lang='lat' dir='ltr'><strong>simeoni</strong></span> <span class='ocrx_word' id='word_1_147' title='bbox 1097 2927 1134 2992; x_wconf 90' lang='lat' dir='ltr'><strong>et</strong></span> <span class='ocrx_word' id='word_1_148' title='bbox 1151 2923 1245 3012; x_wconf 89' lang='lat' dir='ltr'><strong>petri</strong></span> <span class='ocrx_word' id='word_1_149' title='bbox 1265 2924 1338 2992; x_wconf 90' lang='lat' dir='ltr'><strong>filio</strong></span> <span class='ocrx_word' id='word_1_150' title='bbox 1356 2924 1503 2994; x_wconf 91' lang='lat' dir='ltr'><strong>iohanni</strong></span> <span class='ocrx_word' id='word_1_151' title='bbox 1521 2925 1674 2994; x_wconf 90' lang='lat' dir='ltr'><strong>clericus</strong></span> <span class='ocrx_word' id='word_1_152' title='bbox 1689 2943 1794 2994; x_wconf 90' lang='lat' dir='ltr'><strong>verus</strong></span> <span class='ocrx_word' id='word_1_153' title='bbox 1810 2945 2004 3014; x_wconf 83' lang='lat' dir='ltr'><strong>germanus</strong></span> <span class='ocrx_word' id='word_1_154' title='bbox 2019 2945 2135 3015; x_wconf 74' lang='lat' dir='ltr'><strong>meuS,</strong></span> 
     </span>
     <span class='ocr_line' id='line_1_15' title="bbox 288 3073 2137 3166; baseline 0.006 -28"><span class='ocrx_word' id='word_1_155' title='bbox 288 3079 328 3140; x_wconf 89' lang='lat' dir='ltr'><strong>ut</strong></span> <span class='ocrx_word' id='word_1_156' title='bbox 351 3073 460 3140; x_wconf 91' lang='lat' dir='ltr'><strong>michi</strong></span> <span class='ocrx_word' id='word_1_157' title='bbox 486 3075 642 3159; x_wconf 87' lang='lat' dir='ltr'><strong>predicte</strong></span> <span class='ocrx_word' id='word_1_158' title='bbox 666 3076 810 3143; x_wconf 90' lang='lat' dir='ltr'><strong>mulieri</strong></span> <span class='ocrx_word' id='word_1_159' title='bbox 836 3076 932 3147; x_wconf 89' lang='lat' dir='ltr'><strong>iusta</strong></span> <span class='ocrx_word' id='word_1_160' title='bbox 955 3077 1070 3165; x_wconf 77' lang='lat' dir='ltr'><strong>legem</strong></span> <span class='ocrx_word' id='word_1_161' title='bbox 1093 3078 1195 3147; x_wconf 87' lang='lat' dir='ltr'><strong>fleret</strong></span> <span class='ocrx_word' id='word_1_162' title='bbox 1217 3078 1500 3166; x_wconf 80' lang='lat' dir='ltr'><strong>consentientes3</strong></span> <span class='ocrx_word' id='word_1_163' title='bbox 1525 3083 1565 3146; x_wconf 90' lang='lat' dir='ltr'><strong>at</strong></span> <span class='ocrx_word' id='word_1_164' title='bbox 1588 3079 1642 3147; x_wconf 93' lang='lat' dir='ltr'><strong>illi</strong></span> <span class='ocrx_word' id='word_1_165' title='bbox 1660 3080 1769 3148; x_wconf 91' lang='lat' dir='ltr'><strong>michi</strong></span> <span class='ocrx_word' id='word_1_166' title='bbox 1784 3081 2045 3150; x_wconf 89' lang='lat' dir='ltr'><strong>consentientes</strong></span> <span class='ocrx_word' id='word_1_167' title='bbox 2062 3081 2137 3151; x_wconf 77' lang='lat' dir='ltr'><strong>me-</strong></span> 
     </span>
     <span class='ocr_line' id='line_1_16' title="bbox 287 3227 2139 3332; baseline 0.007 -45"><span class='ocrx_word' id='word_1_168' title='bbox 287 3227 388 3292; x_wconf 91' lang='lat' dir='ltr'><strong>runt.</strong></span> <span class='ocrx_word' id='word_1_169' title='bbox 412 3227 552 3294; x_wconf 89' lang='lat' dir='ltr'><strong>Interea</strong></span> <span class='ocrx_word' id='word_1_170' title='bbox 575 3245 649 3296; x_wconf 89' lang='lat' dir='ltr'><strong>una</strong></span> <span class='ocrx_word' id='word_1_171' title='bbox 672 3239 754 3294; x_wconf 84' lang='lat' dir='ltr'><strong>cum</strong></span> <span class='ocrx_word' id='word_1_172' title='bbox 778 3227 865 3316; x_wconf 88' lang='lat' dir='ltr'><strong>ipsis</strong></span> <span class='ocrx_word' id='word_1_173' title='bbox 887 3233 923 3296; x_wconf 94' lang='lat' dir='ltr'><strong>et</strong></span> <span class='ocrx_word' id='word_1_174' title='bbox 945 3247 1026 3296; x_wconf 85' lang='lat' dir='ltr'><strong>curn</strong></span> <span class='ocrx_word' id='word_1_175' title='bbox 1049 3229 1170 3298; x_wconf 90' lang='lat' dir='ltr'><strong>eodem</strong></span> <span class='ocrx_word' id='word_1_176' title='bbox 1193 3229 1247 3296; x_wconf 90' lang='lat' dir='ltr'><strong>vir</strong></span> <span class='ocrx_word' id='word_1_177' title='bbox 1271 3249 1396 3318; x_wconf 89' lang='lat' dir='ltr'><strong>meus,</strong></span> <span class='ocrx_word' id='word_1_178' title='bbox 1419 3233 1602 3319; x_wconf 88' lang='lat' dir='ltr'><strong>presentia</strong></span> <span class='ocrx_word' id='word_1_179' title='bbox 1625 3232 1808 3320; x_wconf 82' lang='lat' dir='ltr'><strong>magclsrit</strong></span> <span class='ocrx_word' id='word_1_180' title='bbox 1833 3231 1962 3300; x_wconf 88' lang='lat' dir='ltr'><strong>iudicis</strong></span> <span class='ocrx_word' id='word_1_181' title='bbox 1990 3231 2139 3332; x_wconf 85' lang='lat' dir='ltr'><strong>etaliis</strong></span> 
     </span>
     <span class='ocr_line' id='line_1_17' title="bbox 287 3379 2139 3474; baseline 0.006 -30"><span class='ocrx_word' id='word_1_182' title='bbox 287 3379 482 3450; x_wconf 89' lang='lat' dir='ltr'><strong>nobiliores</strong></span> <span class='ocrx_word' id='word_1_183' title='bbox 506 3381 710 3450; x_wconf 86' lang='lat' dir='ltr'><strong>hominibus</strong></span> <span class='ocrx_word' id='word_1_184' title='bbox 733 3385 796 3470; x_wconf 92' lang='lat' dir='ltr'><strong>qui</strong></span> <span class='ocrx_word' id='word_1_185' title='bbox 820 3383 879 3452; x_wconf 91' lang='lat' dir='ltr'><strong>hic</strong></span> <span class='ocrx_word' id='word_1_186' title='bbox 903 3387 1024 3453; x_wconf 90' lang='lat' dir='ltr'><strong>subter</strong></span> <span class='ocrx_word' id='word_1_187' title='bbox 1047 3384 1240 3472; x_wconf 85' lang='lat' dir='ltr'><strong>conscripti</strong></span> <span class='ocrx_word' id='word_1_188' title='bbox 1263 3390 1361 3473; x_wconf 87' lang='lat' dir='ltr'><strong>sunt,</strong></span> <span class='ocrx_word' id='word_1_189' title='bbox 1384 3386 1529 3474; x_wconf 91' lang='lat' dir='ltr'><strong>ibimus,</strong></span> <span class='ocrx_word' id='word_1_190' title='bbox 1554 3393 1591 3456; x_wconf 90' lang='lat' dir='ltr'><strong>et</strong></span> <span class='ocrx_word' id='word_1_191' title='bbox 1614 3390 1708 3455; x_wconf 91' lang='lat' dir='ltr'><strong>hanc</strong></span> <span class='ocrx_word' id='word_1_192' title='bbox 1731 3405 1876 3456; x_wconf 90' lang='lat' dir='ltr'><strong>causam</strong></span> <span class='ocrx_word' id='word_1_193' title='bbox 1899 3390 1952 3456; x_wconf 91' lang='lat' dir='ltr'><strong>eis</strong></span> <span class='ocrx_word' id='word_1_194' title='bbox 1975 3407 2038 3474; x_wconf 88' lang='lat' dir='ltr'><strong>per</strong></span> <span class='ocrx_word' id='word_1_195' title='bbox 2056 3391 2139 3457; x_wconf 90' lang='lat' dir='ltr'><strong>hor-</strong></span> 
     </span>
     <span class='ocr_line' id='line_1_18' title="bbox 286 3533 2137 3627; baseline 0.005 -27"><span class='ocrx_word' id='word_1_196' title='bbox 286 3533 406 3603; x_wconf 91' lang='lat' dir='ltr'><strong>dinem</strong></span> <span class='ocrx_word' id='word_1_197' title='bbox 430 3537 695 3625; x_wconf 88' lang='lat' dir='ltr'><strong>intimabimus,</strong></span> <span class='ocrx_word' id='word_1_198' title='bbox 719 3545 827 3625; x_wconf 90' lang='lat' dir='ltr'><strong>atque</strong></span> <span class='ocrx_word' id='word_1_199' title='bbox 849 3539 984 3626; x_wconf 86' lang='lat' dir='ltr'><strong>prefato</strong></span> <span class='ocrx_word' id='word_1_200' title='bbox 1008 3537 1119 3606; x_wconf 90' lang='lat' dir='ltr'><strong>iudici</strong></span> <span class='ocrx_word' id='word_1_201' title='bbox 1135 3540 1408 3626; x_wconf 88' lang='lat' dir='ltr'><strong>obsecrabimus‚</strong></span> <span class='ocrx_word' id='word_1_202' title='bbox 1434 3544 1473 3609; x_wconf 89' lang='lat' dir='ltr'><strong>ut</strong></span> <span class='ocrx_word' id='word_1_203' title='bbox 1495 3539 1603 3608; x_wconf 91' lang='lat' dir='ltr'><strong>michi</strong></span> <span class='ocrx_word' id='word_1_204' title='bbox 1621 3540 1781 3627; x_wconf 87' lang='lat' dir='ltr'><strong>predicte</strong></span> <span class='ocrx_word' id='word_1_205' title='bbox 1804 3538 1947 3608; x_wconf 88' lang='lat' dir='ltr'><strong>mulieri</strong></span> <span class='ocrx_word' id='word_1_206' title='bbox 1965 3540 2060 3610; x_wconf 88' lang='lat' dir='ltr'><strong>iusta</strong></span> <span class='ocrx_word' id='word_1_207' title='bbox 2075 3560 2137 3610; x_wconf 90' lang='lat' dir='ltr'><strong>ea·</strong></span> 
     </span>
     <span class='ocr_line' id='line_1_19' title="bbox 286 3686 2135 3777; baseline 0.003 -25"><span class='ocrx_word' id='word_1_208' title='bbox 286 3686 368 3754; x_wconf 90' lang='lat' dir='ltr'><strong>dem</strong></span> <span class='ocrx_word' id='word_1_209' title='bbox 392 3687 506 3775; x_wconf 85' lang='lat' dir='ltr'><strong>legem</strong></span> <span class='ocrx_word' id='word_1_210' title='bbox 529 3691 694 3776; x_wconf 87' lang='lat' dir='ltr'><strong>preberet</strong></span> <span class='ocrx_word' id='word_1_211' title='bbox 717 3689 903 3760; x_wconf 89' lang='lat' dir='ltr'><strong>licentiam</strong></span> <span class='ocrx_word' id='word_1_212' title='bbox 927 3691 1110 3759; x_wconf 85' lang='lat' dir='ltr'><strong>vindendi.</strong></span> <span class='ocrx_word' id='word_1_213' title='bbox 1136 3690 1323 3758; x_wconf 87' lang='lat' dir='ltr'><strong>Prcdictus</strong></span> <span class='ocrx_word' id='word_1_214' title='bbox 1350 3691 1471 3776; x_wconf 85' lang='lat' dir='ltr'><strong>iudex,</strong></span> <span class='ocrx_word' id='word_1_215' title='bbox 1496 3692 1580 3770; x_wconf 92' lang='lat' dir='ltr'><strong>dum</strong></span> <span class='ocrx_word' id='word_1_216' title='bbox 1604 3708 1661 3756; x_wconf 90' lang='lat' dir='ltr'><strong>mc</strong></span> <span class='ocrx_word' id='word_1_217' title='bbox 1678 3690 1781 3774; x_wconf 92' lang='lat' dir='ltr'><strong>vidit,</strong></span> <span class='ocrx_word' id='word_1_218' title='bbox 1798 3689 1992 3777; x_wconf 83' lang='lat' dir='ltr'><strong>diligenter</strong></span> <span class='ocrx_word' id='word_1_219' title='bbox 2008 3711 2063 3760; x_wconf 90' lang='lat' dir='ltr'><strong>me</strong></span> <span class='ocrx_word' id='word_1_220' title='bbox 2080 3689 2135 3757; x_wconf 91' lang='lat' dir='ltr'><strong>in-</strong></span> 
     </span>
     <span class='ocr_line' id='line_1_20' title="bbox 287 3841 2133 3933; baseline 0.002 -26"><span class='ocrx_word' id='word_1_221' title='bbox 287 3841 452 3930; x_wconf 87' lang='lat' dir='ltr'><strong>quisibit,</strong></span> <span class='ocrx_word' id='word_1_222' title='bbox 476 3861 522 3912; x_wconf 90' lang='lat' dir='ltr'><strong>ne</strong></span> <span class='ocrx_word' id='word_1_223' title='bbox 545 3845 636 3914; x_wconf 84' lang='lat' dir='ltr'><strong>sorte</strong></span> <span class='ocrx_word' id='word_1_224' title='bbox 660 3848 705 3914; x_wconf 88' lang='lat' dir='ltr'><strong>ab</strong></span> <span class='ocrx_word' id='word_1_225' title='bbox 729 3847 805 3932; x_wconf 89' lang='lat' dir='ltr'><strong>ipso</strong></span> <span class='ocrx_word' id='word_1_226' title='bbox 827 3847 904 3913; x_wconf 91' lang='lat' dir='ltr'><strong>viro</strong></span> <span class='ocrx_word' id='word_1_227' title='bbox 928 3863 1017 3933; x_wconf 90' lang='lat' dir='ltr'><strong>mec,</strong></span> <span class='ocrx_word' id='word_1_228' title='bbox 1043 3849 1107 3914; x_wconf 88' lang='lat' dir='ltr'><strong>aut</strong></span> <span class='ocrx_word' id='word_1_229' title='bbox 1122 3863 1144 3914; x_wconf 91' lang='lat' dir='ltr'><strong>a</strong></span> <span class='ocrx_word' id='word_1_230' title='bbox 1160 3847 1288 3932; x_wconf 88' lang='lat' dir='ltr'><strong>quabis</strong></span> <span class='ocrx_word' id='word_1_231' title='bbox 1304 3845 1472 3930; x_wconf 89' lang='lat' dir='ltr'><strong>ominem,</strong></span> <span class='ocrx_word' id='word_1_232' title='bbox 1490 3843 1647 3930; x_wconf 89' lang='lat' dir='ltr'><strong>aliquam</strong></span> <span class='ocrx_word' id='word_1_233' title='bbox 1664 3847 1804 3929; x_wconf 89' lang='lat' dir='ltr'><strong>pateret</strong></span> <span class='ocrx_word' id='word_1_234' title='bbox 1819 3842 2038 3912; x_wconf 89' lang='lat' dir='ltr'><strong>violentiam.</strong></span> <span class='ocrx_word' id='word_1_235' title='bbox 2057 3844 2133 3930; x_wconf 82' lang='lat' dir='ltr'><strong>Ego</strong></span> 
     </span>
     <span class='ocr_line' id='line_1_21' title="bbox 287 3994 2137 4087; baseline 0.002 -27"><span class='ocrx_word' id='word_1_236' title='bbox 287 4014 374 4063; x_wconf 88' lang='lat' dir='ltr'><strong>vero</strong></span> <span class='ocrx_word' id='word_1_237' title='bbox 396 4015 489 4068; x_wconf 88' lang='lat' dir='ltr'><strong>vona</strong></span> <span class='ocrx_word' id='word_1_238' title='bbox 512 4017 592 4067; x_wconf 88' lang='lat' dir='ltr'><strong>mea</strong></span> <span class='ocrx_word' id='word_1_239' title='bbox 613 3999 772 4068; x_wconf 90' lang='lat' dir='ltr'><strong>indicabi</strong></span> <span class='ocrx_word' id='word_1_240' title='bbox 790 4019 866 4069; x_wconf 89' lang='lat' dir='ltr'><strong>esse</strong></span> <span class='ocrx_word' id='word_1_241' title='bbox 883 4000 1096 4087; x_wconf 88' lang='lat' dir='ltr'><strong>volumptate</strong></span> <span class='ocrx_word' id='word_1_242' title='bbox 1121 4001 1255 4084; x_wconf 88' lang='lat' dir='ltr'><strong>absque</strong></span> <span class='ocrx_word' id='word_1_243' title='bbox 1271 3997 1347 4064; x_wconf 89' lang='lat' dir='ltr'><strong>ulla</strong></span> <span class='ocrx_word' id='word_1_244' title='bbox 1363 3995 1545 4064; x_wconf 90' lang='lat' dir='ltr'><strong>violentia.</strong></span> <span class='ocrx_word' id='word_1_245' title='bbox 1560 3994 1745 4064; x_wconf 88' lang='lat' dir='ltr'><strong>Predictus</strong></span> <span class='ocrx_word' id='word_1_246' title='bbox 1761 3995 1887 4082; x_wconf 81' lang='lat' dir='ltr'><strong>iudex,</strong></span> <span class='ocrx_word' id='word_1_247' title='bbox 1904 3995 1989 4064; x_wconf 90' lang='lat' dir='ltr'><strong>dum</strong></span> <span class='ocrx_word' id='word_1_248' title='bbox 2004 3998 2137 4084; x_wconf 89' lang='lat' dir='ltr'><strong>absque</strong></span> 
     </span>
     <span class='ocr_line' id='line_1_22' title="bbox 289 4147 2132 4238; baseline 0.002 -25"><span class='ocrx_word' id='word_1_249' title='bbox 289 4147 364 4215; x_wconf 91' lang='lat' dir='ltr'><strong>ulla</strong></span> <span class='ocrx_word' id='word_1_250' title='bbox 388 4148 560 4218; x_wconf 91' lang='lat' dir='ltr'><strong>violentia</strong></span> <span class='ocrx_word' id='word_1_251' title='bbox 583 4167 648 4218; x_wconf 90' lang='lat' dir='ltr'><strong>nos</strong></span> <span class='ocrx_word' id='word_1_252' title='bbox 671 4169 747 4221; x_wconf 90' lang='lat' dir='ltr'><strong>csse</strong></span> <span class='ocrx_word' id='word_1_253' title='bbox 770 4153 1012 4238; x_wconf 85' lang='lat' dir='ltr'><strong>conspexisset</strong></span> <span class='ocrx_word' id='word_1_254' title='bbox 1035 4153 1072 4218; x_wconf 93' lang='lat' dir='ltr'><strong>et</strong></span> <span class='ocrx_word' id='word_1_255' title='bbox 1095 4168 1186 4217; x_wconf 89' lang='lat' dir='ltr'><strong>vona</strong></span> <span class='ocrx_word' id='word_1_256' title='bbox 1209 4167 1288 4218; x_wconf 86' lang='lat' dir='ltr'><strong>mea</strong></span> <span class='ocrx_word' id='word_1_257' title='bbox 1311 4149 1514 4235; x_wconf 81' lang='lat' dir='ltr'><strong>agnobisset</strong></span> <span class='ocrx_word' id='word_1_258' title='bbox 1529 4147 1759 4233; x_wconf 90' lang='lat' dir='ltr'><strong>volumptate,</strong></span> <span class='ocrx_word' id='word_1_259' title='bbox 1780 4147 1858 4216; x_wconf 92' lang='lat' dir='ltr'><strong>ideo</strong></span> <span class='ocrx_word' id='word_1_260' title='bbox 1874 4147 1984 4217; x_wconf 89' lang='lat' dir='ltr'><strong>michi</strong></span> <span class='ocrx_word' id='word_1_261' title='bbox 2002 4149 2132 4217; x_wconf 86' lang='lat' dir='ltr'><strong>firman</strong></span> 
     </span>
     <span class='ocr_line' id='line_1_23' title="bbox 287 4301 2134 4392; baseline 0.003 -26"><span class='ocrx_word' id='word_1_262' title='bbox 287 4301 456 4372; x_wconf 90' lang='lat' dir='ltr'><strong>vindendi</strong></span> <span class='ocrx_word' id='word_1_263' title='bbox 482 4306 610 4374; x_wconf 87' lang='lat' dir='ltr'><strong>tribuit</strong></span> <span class='ocrx_word' id='word_1_264' title='bbox 634 4307 829 4377; x_wconf 88' lang='lat' dir='ltr'><strong>licentiam.</strong></span> <span class='ocrx_word' id='word_1_265' title='bbox 854 4309 936 4375; x_wconf 90' lang='lat' dir='ltr'><strong>Post</strong></span> <span class='ocrx_word' id='word_1_266' title='bbox 959 4323 1113 4392; x_wconf 91' lang='lat' dir='ltr'><strong>namque</strong></span> <span class='ocrx_word' id='word_1_267' title='bbox 1136 4307 1281 4391; x_wconf 89' lang='lat' dir='ltr'><strong>accepta</strong></span> <span class='ocrx_word' id='word_1_268' title='bbox 1304 4303 1489 4372; x_wconf 86' lang='lat' dir='ltr'><strong>licentiam</strong></span> <span class='ocrx_word' id='word_1_269' title='bbox 1512 4305 1558 4370; x_wconf 92' lang='lat' dir='ltr'><strong>ab</strong></span> <span class='ocrx_word' id='word_1_270' title='bbox 1581 4303 1701 4371; x_wconf 91' lang='lat' dir='ltr'><strong>eodem</strong></span> <span class='ocrx_word' id='word_1_271' title='bbox 1719 4301 1837 4371; x_wconf 90' lang='lat' dir='ltr'><strong>iudice</strong></span> <span class='ocrx_word' id='word_1_272' title='bbox 1854 4307 1890 4371; x_wconf 93' lang='lat' dir='ltr'><strong>et</strong></span> <span class='ocrx_word' id='word_1_273' title='bbox 1906 4303 2001 4372; x_wconf 90' lang='lat' dir='ltr'><strong>iusta</strong></span> <span class='ocrx_word' id='word_1_274' title='bbox 2017 4303 2134 4390; x_wconf 85' lang='lat' dir='ltr'><strong>legem</strong></span> 
     </span>
     <span class='ocr_line' id='line_1_24' title="bbox 283 4454 2132 4546; baseline 0.001 -25"><span class='ocrx_word' id='word_1_275' title='bbox 283 4456 395 4524; x_wconf 90' lang='lat' dir='ltr'><strong>michi</strong></span> <span class='ocrx_word' id='word_1_276' title='bbox 418 4458 695 4528; x_wconf 89' lang='lat' dir='ltr'><strong>consentientem</strong></span> <span class='ocrx_word' id='word_1_277' title='bbox 720 4460 795 4546; x_wconf 91' lang='lat' dir='ltr'><strong>ipse</strong></span> <span class='ocrx_word' id='word_1_278' title='bbox 819 4459 873 4527; x_wconf 90' lang='lat' dir='ltr'><strong>vir</strong></span> <span class='ocrx_word' id='word_1_279' title='bbox 897 4477 1020 4543; x_wconf 89' lang='lat' dir='ltr'><strong>meus,</strong></span> <span class='ocrx_word' id='word_1_280' title='bbox 1044 4477 1152 4544; x_wconf 90' lang='lat' dir='ltr'><strong>quam</strong></span> <span class='ocrx_word' id='word_1_281' title='bbox 1175 4463 1211 4525; x_wconf 88' lang='lat' dir='ltr'><strong>et</strong></span> <span class='ocrx_word' id='word_1_282' title='bbox 1234 4457 1414 4525; x_wconf 87' lang='lat' dir='ltr'><strong>iamdictis</strong></span> <span class='ocrx_word' id='word_1_283' title='bbox 1442 4456 1655 4543; x_wconf 88' lang='lat' dir='ltr'><strong>parentibus</strong></span> <span class='ocrx_word' id='word_1_284' title='bbox 1686 4459 1795 4541; x_wconf 88' lang='lat' dir='ltr'><strong>atquc</strong></span> <span class='ocrx_word' id='word_1_285' title='bbox 1824 4454 2132 4524; x_wconf 87' lang='lat' dir='ltr'><strong>consentientibus</strong></span> 
     </span>
     <span class='ocr_line' id='line_1_25' title="bbox 283 4608 2129 4699; baseline 0.001 -24"><span class='ocrx_word' id='word_1_286' title='bbox 283 4609 387 4696; x_wconf 75' lang='lat' dir='ltr'><strong>meiS,</strong></span> <span class='ocrx_word' id='word_1_287' title='bbox 411 4612 474 4696; x_wconf 88' lang='lat' dir='ltr'><strong>qui</strong></span> <span class='ocrx_word' id='word_1_288' title='bbox 498 4631 572 4680; x_wconf 90' lang='lat' dir='ltr'><strong>una</strong></span> <span class='ocrx_word' id='word_1_289' title='bbox 596 4615 780 4681; x_wconf 88' lang='lat' dir='ltr'><strong>nobiscum</strong></span> <span class='ocrx_word' id='word_1_290' title='bbox 803 4630 948 4682; x_wconf 87' lang='lat' dir='ltr'><strong>manum</strong></span> <span class='ocrx_word' id='word_1_291' title='bbox 972 4615 1229 4699; x_wconf 88' lang='lat' dir='ltr'><strong>imposuerunt,</strong></span> <span class='ocrx_word' id='word_1_292' title='bbox 1254 4611 1305 4679; x_wconf 89' lang='lat' dir='ltr'><strong>sic</strong></span> <span class='ocrx_word' id='word_1_293' title='bbox 1328 4611 1432 4680; x_wconf 91' lang='lat' dir='ltr'><strong>nobis</strong></span> <span class='ocrx_word' id='word_1_294' title='bbox 1455 4627 1653 4696; x_wconf 83' lang='lat' dir='ltr'><strong>congruum</strong></span> <span class='ocrx_word' id='word_1_295' title='bbox 1675 4613 1712 4676; x_wconf 88' lang='lat' dir='ltr'><strong>et</strong></span> <span class='ocrx_word' id='word_1_296' title='bbox 1735 4610 1858 4676; x_wconf 91' lang='lat' dir='ltr'><strong>abtum</strong></span> <span class='ocrx_word' id='word_1_297' title='bbox 1882 4626 1958 4676; x_wconf 90' lang='lat' dir='ltr'><strong>csse</strong></span> <span class='ocrx_word' id='word_1_298' title='bbox 1972 4608 2129 4697; x_wconf 88' lang='lat' dir='ltr'><strong>videtur,</strong></span> 
     </span>
     <span class='ocr_line' id='line_1_26' title="bbox 285 4759 2132 4853; baseline 0.001 -27"><span class='ocrx_word' id='word_1_299' title='bbox 285 4779 379 4832; x_wconf 90' lang='lat' dir='ltr'><strong>vona</strong></span> <span class='ocrx_word' id='word_1_300' title='bbox 401 4764 534 4832; x_wconf 88' lang='lat' dir='ltr'><strong>etenim</strong></span> <span class='ocrx_word' id='word_1_301' title='bbox 557 4769 680 4834; x_wconf 89' lang='lat' dir='ltr'><strong>nostra</strong></span> <span class='ocrx_word' id='word_1_302' title='bbox 704 4765 921 4853; x_wconf 89' lang='lat' dir='ltr'><strong>volumptate</strong></span> <span class='ocrx_word' id='word_1_303' title='bbox 947 4783 1010 4851; x_wconf 88' lang='lat' dir='ltr'><strong>per</strong></span> <span class='ocrx_word' id='word_1_304' title='bbox 1034 4765 1129 4832; x_wconf 91' lang='lat' dir='ltr'><strong>hanc</strong></span> <span class='ocrx_word' id='word_1_305' title='bbox 1151 4781 1290 4851; x_wconf 89' lang='lat' dir='ltr'><strong>quoque</strong></span> <span class='ocrx_word' id='word_1_306' title='bbox 1316 4761 1482 4830; x_wconf 90' lang='lat' dir='ltr'><strong>videlicet</strong></span> <span class='ocrx_word' id='word_1_307' title='bbox 1514 4761 1689 4829; x_wconf 88' lang='lat' dir='ltr'><strong>cartulam</strong></span> <span class='ocrx_word' id='word_1_308' title='bbox 1720 4759 1946 4828; x_wconf 90' lang='lat' dir='ltr'><strong>vindedimus</strong></span> <span class='ocrx_word' id='word_1_309' title='bbox 1970 4761 2039 4829; x_wconf 88' lang='lat' dir='ltr'><strong>tibi</strong></span> <span class='ocrx_word' id='word_1_310' title='bbox 2073 4779 2132 4830; x_wconf 89' lang='lat' dir='ltr'><strong>ra·</strong></span> 
     </span>
     <span class='ocr_line' id='line_1_27' title="bbox 282 4913 2133 5007; baseline 0 -24"><span class='ocrx_word' id='word_1_311' title='bbox 282 4917 416 5005; x_wconf 91' lang='lat' dir='ltr'><strong>delpoti</strong></span> <span class='ocrx_word' id='word_1_312' title='bbox 441 4920 515 4986; x_wconf 82' lang='lat' dir='ltr'><strong>illio</strong></span> <span class='ocrx_word' id='word_1_313' title='bbox 540 4921 718 5005; x_wconf 90' lang='lat' dir='ltr'><strong>quondam</strong></span> <span class='ocrx_word' id='word_1_314' title='bbox 740 4920 883 5007; x_wconf 82' lang='lat' dir='ltr'><strong>guantii</strong></span> <span class='ocrx_word' id='word_1_315' title='bbox 908 4923 1088 5007; x_wconf 81' lang='lat' dir='ltr'><strong>integram</strong></span> <span class='ocrx_word' id='word_1_316' title='bbox 1111 4921 1147 4986; x_wconf 89' lang='lat' dir='ltr'><strong>et</strong></span> <span class='ocrx_word' id='word_1_317' title='bbox 1170 4917 1333 4984; x_wconf 81' lang='lat' dir='ltr'><strong>funditus</strong></span> <span class='ocrx_word' id='word_1_318' title='bbox 1357 4916 1437 5002; x_wconf 88' lang='lat' dir='ltr'><strong>ipsa</strong></span> <span class='ocrx_word' id='word_1_319' title='bbox 1460 4913 1631 4983; x_wconf 89' lang='lat' dir='ltr'><strong>iamdicta</strong></span> <span class='ocrx_word' id='word_1_320' title='bbox 1655 4913 1762 4982; x_wconf 90' lang='lat' dir='ltr'><strong>vinea</strong></span> <span class='ocrx_word' id='word_1_321' title='bbox 1777 4932 1847 5000; x_wconf 91' lang='lat' dir='ltr'><strong>que</strong></span> <span class='ocrx_word' id='word_1_322' title='bbox 1863 4917 1945 4983; x_wconf 91' lang='lat' dir='ltr'><strong>abet</strong></span> <span class='ocrx_word' id='word_1_323' title='bbox 1961 4916 2062 4984; x_wconf 88' lang='lat' dir='ltr'><strong>fines.</strong></span> <span class='ocrx_word' id='word_1_324' title='bbox 2084 4918 2133 4984; x_wconf 88' lang='lat' dir='ltr'><strong>De</strong></span> 
     </span>
     <span class='ocr_line' id='line_1_28' title="bbox 281 5066 2129 5157; baseline 0 -22"><span class='ocrx_word' id='word_1_325' title='bbox 281 5071 401 5156; x_wconf 91' lang='lat' dir='ltr'><strong>prima</strong></span> <span class='ocrx_word' id='word_1_326' title='bbox 424 5089 522 5156; x_wconf 80' lang='lat' dir='ltr'><strong>parc,</strong></span> <span class='ocrx_word' id='word_1_327' title='bbox 547 5071 640 5157; x_wconf 90' lang='lat' dir='ltr'><strong>quod</strong></span> <span class='ocrx_word' id='word_1_328' title='bbox 665 5076 719 5140; x_wconf 90' lang='lat' dir='ltr'><strong>est</strong></span> <span class='ocrx_word' id='word_1_329' title='bbox 742 5093 764 5140; x_wconf 91' lang='lat' dir='ltr'><strong>a</strong></span> <span class='ocrx_word' id='word_1_330' title='bbox 786 5073 857 5138; x_wconf 85' lang='lat' dir='ltr'><strong>fine</strong></span> <span class='ocrx_word' id='word_1_331' title='bbox 880 5075 1013 5156; x_wconf 90' lang='lat' dir='ltr'><strong>tuaque</strong></span> <span class='ocrx_word' id='word_1_332' title='bbox 1036 5069 1286 5155; x_wconf 90' lang='lat' dir='ltr'><strong>comparatori,</strong></span> <span class='ocrx_word' id='word_1_333' title='bbox 1311 5066 1393 5135; x_wconf 88' lang='lat' dir='ltr'><strong>inde</strong></span> <span class='ocrx_word' id='word_1_334' title='bbox 1411 5071 1495 5134; x_wconf 86' lang='lat' dir='ltr'><strong>sunt</strong></span> <span class='ocrx_word' id='word_1_335' title='bbox 1518 5066 1563 5136; x_wconf 88' lang='lat' dir='ltr'><strong>ad</strong></span> <span class='ocrx_word' id='word_1_336' title='bbox 1586 5067 1722 5134; x_wconf 88' lang='lat' dir='ltr'><strong>iustum</strong></span> <span class='ocrx_word' id='word_1_337' title='bbox 1746 5070 1991 5135; x_wconf 89' lang='lat' dir='ltr'><strong>mensuratum</strong></span> <span class='ocrx_word' id='word_1_338' title='bbox 2015 5069 2129 5136; x_wconf 92' lang='lat' dir='ltr'><strong>homi-</strong></span> 
     </span>
     <span class='ocr_line' id='line_1_29' title="bbox 281 5218 2127 5312; baseline 0.001 -25"><span class='ocrx_word' id='word_1_339' title='bbox 281 5223 340 5290; x_wconf 86' lang='lat' dir='ltr'><strong>nis</strong></span> <span class='ocrx_word' id='word_1_340' title='bbox 363 5224 552 5293; x_wconf 88' lang='lat' dir='ltr'><strong>mediocris</strong></span> <span class='ocrx_word' id='word_1_341' title='bbox 574 5242 751 5312; x_wconf 89' lang='lat' dir='ltr'><strong>persona,</strong></span> <span class='ocrx_word' id='word_1_342' title='bbox 784 5223 940 5310; x_wconf 90' lang='lat' dir='ltr'><strong>qualiter</strong></span> <span class='ocrx_word' id='word_1_343' title='bbox 970 5222 1008 5288; x_wconf 93' lang='lat' dir='ltr'><strong>in</strong></span> <span class='ocrx_word' id='word_1_344' title='bbox 1040 5221 1118 5308; x_wconf 86' lang='lat' dir='ltr'><strong>ipsa</strong></span> <span class='ocrx_word' id='word_1_345' title='bbox 1146 5224 1250 5308; x_wconf 88' lang='lat' dir='ltr'><strong>porta</strong></span> <span class='ocrx_word' id='word_1_346' title='bbox 1281 5221 1363 5288; x_wconf 90' lang='lat' dir='ltr'><strong>uius</strong></span> <span class='ocrx_word' id='word_1_347' title='bbox 1387 5220 1545 5307; x_wconf 86' lang='lat' dir='ltr'><strong>predicte</strong></span> <span class='ocrx_word' id='word_1_348' title='bbox 1575 5218 1735 5288; x_wconf 89' lang='lat' dir='ltr'><strong>cibitatis</strong></span> <span class='ocrx_word' id='word_1_349' title='bbox 1765 5220 2015 5307; x_wconf 83' lang='lat' dir='ltr'><strong>consignatum</strong></span> <span class='ocrx_word' id='word_1_350' title='bbox 2045 5226 2127 5307; x_wconf 91' lang='lat' dir='ltr'><strong>est,</strong></span> 
     </span>
    </p>
   </div>
   <div class='ocr_carea' id='block_1_5' title="bbox 282 5373 2132 5466">
    <p class='ocr_par' dir='ltr' id='par_1_5' title="bbox 282 5373 2132 5466">
     <span class='ocr_line' id='line_1_30' title="bbox 282 5373 2132 5466; baseline 0 -23"><span class='ocrx_word' id='word_1_351' title='bbox 282 5394 433 5445; x_wconf 90' lang='lat' dir='ltr'><strong>numero</strong></span> <span class='ocrx_word' id='word_1_352' title='bbox 456 5380 554 5466; x_wconf 89' lang='lat' dir='ltr'><strong>passi</strong></span> <span class='ocrx_word' id='word_1_353' title='bbox 579 5377 824 5466; x_wconf 81' lang='lat' dir='ltr'><strong>qnadraginta</strong></span> <span class='ocrx_word' id='word_1_354' title='bbox 846 5375 927 5445; x_wconf 89' lang='lat' dir='ltr'><strong>duo:</strong></span> <span class='ocrx_word' id='word_1_355' title='bbox 952 5376 1000 5442; x_wconf 91' lang='lat' dir='ltr'><strong>De</strong></span> <span class='ocrx_word' id='word_1_356' title='bbox 1023 5374 1178 5442; x_wconf 88' lang='lat' dir='ltr'><strong>secunda</strong></span> <span class='ocrx_word' id='word_1_357' title='bbox 1201 5392 1355 5460; x_wconf 88' lang='lat' dir='ltr'><strong>namque</strong></span> <span class='ocrx_word' id='word_1_358' title='bbox 1378 5393 1473 5461; x_wconf 89' lang='lat' dir='ltr'><strong>pars,</strong></span> <span class='ocrx_word' id='word_1_359' title='bbox 1498 5373 1590 5461; x_wconf 89' lang='lat' dir='ltr'><strong>quod</strong></span> <span class='ocrx_word' id='word_1_360' title='bbox 1606 5378 1660 5442; x_wconf 88' lang='lat' dir='ltr'><strong>est</strong></span> <span class='ocrx_word' id='word_1_361' title='bbox 1676 5393 1698 5442; x_wconf 88' lang='lat' dir='ltr'><strong>a</strong></span> <span class='ocrx_word' id='word_1_362' title='bbox 1714 5374 1831 5442; x_wconf 87' lang='lat' dir='ltr'><strong>medio</strong></span> <span class='ocrx_word' id='word_1_363' title='bbox 1854 5374 1972 5441; x_wconf 88' lang='lat' dir='ltr'><strong>limite</strong></span> <span class='ocrx_word' id='word_1_364' title='bbox 1997 5377 2035 5442; x_wconf 89' lang='lat' dir='ltr'><strong>et</strong></span> <span class='ocrx_word' id='word_1_365' title='bbox 2060 5375 2132 5444; x_wconf 88' lang='lat' dir='ltr'><strong>flne</strong></span> 
     </span>
    </p>
   </div>
   <div class='ocr_carea' id='block_1_6' title="bbox 281 5527 2322 5619">
    <p class='ocr_par' dir='ltr' id='par_1_6' title="bbox 281 5527 2322 5619">
     <span class='ocr_line' id='line_1_31' title="bbox 281 5527 2322 5619; baseline -0.002 -21"><span class='ocrx_word' id='word_1_366' title='bbox 281 5535 421 5618; x_wconf 87' lang='lat' dir='ltr'><strong>tuaque</strong></span> <span class='ocrx_word' id='word_1_367' title='bbox 446 5531 698 5619; x_wconf 85' lang='lat' dir='ltr'><strong>comparatori,</strong></span> <span class='ocrx_word' id='word_1_368' title='bbox 724 5530 806 5601; x_wconf 91' lang='lat' dir='ltr'><strong>inde</strong></span> <span class='ocrx_word' id='word_1_369' title='bbox 830 5535 914 5599; x_wconf 88' lang='lat' dir='ltr'><strong>sunt</strong></span> <span class='ocrx_word' id='word_1_370' title='bbox 937 5530 1032 5616; x_wconf 88' lang='lat' dir='ltr'><strong>passi</strong></span> <span class='ocrx_word' id='word_1_371' title='bbox 1058 5529 1200 5616; x_wconf 84' lang='lat' dir='ltr'><strong>viginti:</strong></span> <span class='ocrx_word' id='word_1_372' title='bbox 1225 5531 1274 5597; x_wconf 89' lang='lat' dir='ltr'><strong>De</strong></span> <span class='ocrx_word' id='word_1_373' title='bbox 1291 5527 1401 5598; x_wconf 88' lang='lat' dir='ltr'><strong>tertia</strong></span> <span class='ocrx_word' id='word_1_374' title='bbox 1425 5546 1507 5596; x_wconf 92' lang='lat' dir='ltr'><strong>vero</strong></span> <span class='ocrx_word' id='word_1_375' title='bbox 1530 5547 1628 5616; x_wconf 88' lang='lat' dir='ltr'><strong>pars,</strong></span> <span class='ocrx_word' id='word_1_376' title='bbox 1652 5529 1745 5614; x_wconf 92' lang='lat' dir='ltr'><strong>quod</strong></span> <span class='ocrx_word' id='word_1_377' title='bbox 1768 5533 1822 5596; x_wconf 92' lang='lat' dir='ltr'><strong>est</strong></span> <span class='ocrx_word' id='word_1_378' title='bbox 1844 5549 1866 5596; x_wconf 91' lang='lat' dir='ltr'><strong>a</strong></span> <span class='ocrx_word' id='word_1_379' title='bbox 1889 5527 1960 5596; x_wconf 88' lang='lat' dir='ltr'><strong>fine</strong></span> <span class='ocrx_word' id='word_1_380' title='bbox 1976 5528 2055 5615; x_wconf 90' lang='lat' dir='ltr'><strong>ipsa</strong></span> <span class='ocrx_word' id='word_1_381' title='bbox 2070 5527 2132 5598; x_wconf 89' lang='lat' dir='ltr'><strong>via</strong></span> <span class='ocrx_word' id='word_1_382' title='bbox 2250 5549 2254 5568; x_wconf 64' lang='lat'><em>*</em></span> <span class='ocrx_word' id='word_1_383' title='bbox 2318 5583 2322 5590; x_wconf 92' lang='lat'><strong>.</strong></span> 
     </span>
    </p>
   </div>
   <div class='ocr_carea' id='block_1_7' title="bbox 279 5682 2131 6057">
    <p class='ocr_par' dir='ltr' id='par_1_7' title="bbox 279 5682 2131 6057">
     <span class='ocr_line' id='line_1_32' title="bbox 279 5682 2127 5773; baseline -0.001 -21"><span class='ocrx_word' id='word_1_384' title='bbox 279 5686 426 5772; x_wconf 87' lang='lat' dir='ltr'><strong>puplica</strong></span> <span class='ocrx_word' id='word_1_385' title='bbox 444 5703 513 5771; x_wconf 90' lang='lat' dir='ltr'><strong>que</strong></span> <span class='ocrx_word' id='word_1_386' title='bbox 529 5687 628 5756; x_wconf 89' lang='lat' dir='ltr'><strong>vadit</strong></span> <span class='ocrx_word' id='word_1_387' title='bbox 651 5687 747 5757; x_wconf 79' lang='lat' dir='ltr'><strong>infra</strong></span> <span class='ocrx_word' id='word_1_388' title='bbox 763 5687 837 5773; x_wconf 89' lang='lat' dir='ltr'><strong>ipse</strong></span> <span class='ocrx_word' id='word_1_389' title='bbox 852 5687 968 5772; x_wconf 89' lang='lat' dir='ltr'><strong>vinee,</strong></span> <span class='ocrx_word' id='word_1_390' title='bbox 993 5682 1076 5751; x_wconf 90' lang='lat' dir='ltr'><strong>inde</strong></span> <span class='ocrx_word' id='word_1_391' title='bbox 1091 5687 1174 5751; x_wconf 90' lang='lat' dir='ltr'><strong>sunt</strong></span> <span class='ocrx_word' id='word_1_392' title='bbox 1189 5683 1286 5770; x_wconf 88' lang='lat' dir='ltr'><strong>passi</strong></span> <span class='ocrx_word' id='word_1_393' title='bbox 1301 5684 1568 5770; x_wconf 81' lang='lat' dir='ltr'><strong>quinquaginta</strong></span> <span class='ocrx_word' id='word_1_394' title='bbox 1583 5699 1667 5749; x_wconf 89' lang='lat' dir='ltr'><strong>uno:</strong></span> <span class='ocrx_word' id='word_1_395' title='bbox 1685 5684 1732 5750; x_wconf 89' lang='lat' dir='ltr'><strong>De</strong></span> <span class='ocrx_word' id='word_1_396' title='bbox 1747 5685 1877 5768; x_wconf 86' lang='lat' dir='ltr'><strong>quarta</strong></span> <span class='ocrx_word' id='word_1_397' title='bbox 1892 5686 2013 5751; x_wconf 88' lang='lat' dir='ltr'><strong>autem</strong></span> <span class='ocrx_word' id='word_1_398' title='bbox 2028 5701 2127 5772; x_wconf 88' lang='lat' dir='ltr'><strong>pars,</strong></span> 
     </span>
     <span class='ocr_line' id='line_1_33' title="bbox 279 5831 2131 5928; baseline 0 -26"><span class='ocrx_word' id='word_1_399' title='bbox 279 5837 371 5922; x_wconf 88' lang='lat' dir='ltr'><strong>quod</strong></span> <span class='ocrx_word' id='word_1_400' title='bbox 396 5841 450 5906; x_wconf 88' lang='lat' dir='ltr'><strong>est</strong></span> <span class='ocrx_word' id='word_1_401' title='bbox 473 5858 496 5908; x_wconf 89' lang='lat' dir='ltr'><strong>a</strong></span> <span class='ocrx_word' id='word_1_402' title='bbox 519 5839 592 5908; x_wconf 87' lang='lat' dir='ltr'><strong>fine</strong></span> <span class='ocrx_word' id='word_1_403' title='bbox 615 5841 693 5928; x_wconf 91' lang='lat' dir='ltr'><strong>ipsa</strong></span> <span class='ocrx_word' id='word_1_404' title='bbox 715 5839 846 5907; x_wconf 87' lang='lat' dir='ltr'><strong>trasita</strong></span> <span class='ocrx_word' id='word_1_405' title='bbox 870 5837 913 5905; x_wconf 92' lang='lat' dir='ltr'><strong>de</strong></span> <span class='ocrx_word' id='word_1_406' title='bbox 936 5839 1011 5925; x_wconf 91' lang='lat' dir='ltr'><strong>ipse</strong></span> <span class='ocrx_word' id='word_1_407' title='bbox 1035 5836 1137 5903; x_wconf 89' lang='lat' dir='ltr'><strong>vinee</strong></span> <span class='ocrx_word' id='word_1_408' title='bbox 1164 5839 1202 5903; x_wconf 87' lang='lat' dir='ltr'><strong>ct</strong></span> <span class='ocrx_word' id='word_1_409' title='bbox 1226 5836 1301 5922; x_wconf 88' lang='lat' dir='ltr'><strong>ipso</strong></span> <span class='ocrx_word' id='word_1_410' title='bbox 1325 5839 1431 5921; x_wconf 91' lang='lat' dir='ltr'><strong>puteo</strong></span> <span class='ocrx_word' id='word_1_411' title='bbox 1455 5837 1492 5902; x_wconf 89' lang='lat' dir='ltr'><strong>et</strong></span> <span class='ocrx_word' id='word_1_412' title='bbox 1508 5832 1580 5901; x_wconf 82' lang='lat' dir='ltr'><strong>ilne</strong></span> <span class='ocrx_word' id='word_1_413' title='bbox 1597 5831 1675 5920; x_wconf 89' lang='lat' dir='ltr'><strong>ipsa</strong></span> <span class='ocrx_word' id='word_1_414' title='bbox 1700 5835 1804 5902; x_wconf 90' lang='lat' dir='ltr'><strong>vinea</strong></span> <span class='ocrx_word' id='word_1_415' title='bbox 1821 5833 1971 5904; x_wconf 87' lang='lat' dir='ltr'><strong>iohanni</strong></span> <span class='ocrx_word' id='word_1_416' title='bbox 1995 5834 2062 5903; x_wconf 86' lang='lat' dir='ltr'><strong>tilii</strong></span> <span class='ocrx_word' id='word_1_417' title='bbox 2079 5836 2131 5904; x_wconf 93' lang='lat' dir='ltr'><strong>io-</strong></span> 
     </span>
     <span class='ocr_line' id='line_1_34' title="bbox 469 5987 1935 6057; baseline -0.008 0"><span class='ocrx_word' id='word_1_418' title='bbox 469 6001 539 6057; x_wconf 79' lang='lat' dir='ltr'><strong>lon.</strong></span> <span class='ocrx_word' id='word_1_419' title='bbox 560 6011 596 6052; x_wconf 86' lang='lat' dir='ltr'><strong>vv.</strong></span> <span class='ocrx_word' id='word_1_420' title='bbox 1901 5987 1935 6046; x_wconf 77' lang='lat'><strong>35</strong></span> 
     </span>
    </p>
   </div>
   <div class='ocr_carea' id='block_1_8' title="bbox 0 0 2692 7104">
    <p class='ocr_par' dir='ltr' id='par_1_8' title="bbox 0 0 2692 7104">
     <span class='ocr_line' id='line_1_35' title="bbox 0 0 2692 7104; baseline 0 2"><span class='ocrx_word' id='word_1_421' title='bbox 0 0 2692 7104; x_wconf 95' lang='lat' dir='ltr'><strong> </strong></span> 
     </span>
    </p>
   </div>
  </div>
 </body>
</html>
