5334 7098
987 476 1392 609 nrrtounrrcus

1057 971 1315 1054 DCLXV.

1041 1234 1095 1310 A.
1124 1231 1175 1310 D.
1204 1229 1328 1312 1013.

304 1471 338 1614 †
363 1528 402 1592 ln
428 1523 569 1593 nomine
593 1525 727 1594 domini
753 1527 920 1596 vicesimo
944 1533 1071 1614 quarto
1095 1546 1190 1596 anno
1214 1527 1435 1614 principatus
1461 1529 1580 1598 domni
1605 1529 1719 1598 nostrl
1742 1527 1924 1616 guaimari
1955 1528 2101 1615 gloriosi

259 1681 449 1768 principie,
474 1680 594 1748 Mense
619 1680 821 1768 ianuarius,
846 1681 1033 1750 undecima
1059 1680 1264 1749 indictione.
1290 1681 1456 1768 Ydeoque
1481 1699 1546 1769 ego
1570 1682 1644 1749 rico
1668 1681 1766 1749 lilius
1782 1683 1961 1767 quondam
1978 1683 2114 1750 falconi

258 1835 447 1921 presbiteri
471 1833 674 1920 claresacic,
699 1837 869 1922 quoniam
885 1833 994 1903 michi
1012 1838 1066 1903 est
1082 1835 1284 1922 pertinente
1308 1838 1415 1905 abere
1440 1839 1546 1904 rebus
1569 1857 1592 1905 a
1615 1856 1698 1924 pars
1722 1836 1920 1922 supradicti
1945 1837 2111 1923 genitori

259 2005 337 2056 ineo
360 1988 399 2055 in
424 1988 539 2055 locum
562 1990 780 2077 campilianu
803 1991 1023 2059 salernitane
1048 1991 1192 2074 finibus,
1217 1994 1253 2056 et
1276 2007 1475 2075 congruum
1499 1989 1607 2056 rnichi
1641 1993 1694 2056 est
1725 1991 1855 2058 exinde
1889 1991 2113 2060 benumdarc

258 2145 427 2231 anelaye
450 2145 525 2214 fllia
548 2145 693 2214 landolfi
709 2152 744 2215 et
761 2145 865 2214 uxori
882 2149 974 2233 petri
991 2146 1056 2213 filii
1074 2147 1254 2214 mauronti
1280 2163 1352 2214 una
1375 2143 1477 2230 pecia
1500 2145 1542 2210 de
1567 2149 1664 2212 terra
1689 2147 1801 2214 bacua
1817 2149 1854 2213 et
1870 2165 1951 2212 cum
1967 2146 2115 2214 arbori-

262 2302 340 2386 bus,
366 2289 568 2385 quod'abeo
583 2299 622 2365 in
640 2297 849 2366 iamdictum
873 2296 987 2363 locum
1011 2297 1246 2384 campiliauu,
1269 2299 1361 2384 quod
1378 2299 1492 2367 tribus
1509 2299 1674 2386 partibus
1691 2299 1898 2366 coniuntum
1917 2303 2023 2367 estat
2041 2301 2114 2365 due

264 2451 377 2537 ipsius
401 2449 507 2537 petri,
531 2455 567 2518 et
590 2431 644 2518 est
667 2469 729 2536 per
753 2452 817 2517 hec
842 2451 1036 2517 mensoria.
1062 2455 1091 2516 A
1108 2469 1191 2536 pars
1208 2451 1399 2522 occidentis
1423 2455 1517 2540 passi
1542 2452 1673 2540 biginti
1699 2455 1779 2520 duo:
1799 2455 1829 2518 A
1847 2470 1931 2538 pers
1949 2451 2119 2518 meridie-

261 2624 342 2672 rum
366 2607 463 2691 passi
487 2605 605 2674 decem
631 2610 666 2672 et
689 2606 803 2672 hecto:
822 2609 851 2672 A
868 2624 952 2691 pars
967 2604 1115 2672 orientis
1130 2604 1212 2672 inde
1228 2607 1322 2692 passi
1339 2607 1400 2676 alii
1419 2609 1539 2676 decern
1562 2613 1598 2676 et
1614 2611 1716 2674 hocto
1732 2613 1767 2674 et
1784 2607 1938 2674 medium
1956 2625 2118 2692 passum:

262 2763 292 2826 A
315 2778 399 2846 pars
422 2760 721 2846 septemtrionalis
745 2761 815 2826 fine
839 2761 898 2826 bia
916 2759 1050 2844 antica,
1069 2758 1151 2826 inde
1167 2759 1260 2845 passi
1279 2762 1443 2828 sedecim.
1461 2764 1586 2829 Totum
1604 2767 1848 2830 mensuratum
1867 2765 1905 2829 at
1925 2761 2017 2828 iusto
2034 2781 2119 2847 pas-

148 2999 151 3003 ,
260 2934 340 2984 sum
364 2913 512 2982 homiui.
538 2916 712 3000 Ynterea,
736 2915 829 2981 sicut
852 2913 960 2981 michi
985 2931 1181 3000 congruum
1205 2917 1271 3001 est,
1296 2918 1388 2984 bona
1411 2936 1490 2984 mea
1512 2917 1695 2984 boluntate
1729 2935 1792 3002 per
1817 2918 1909 2984 hauc
1935 2915 2115 2984 cartulam

266 3069 476 3139 benumdedi
502 3074 609 3157 atque
632 3077 671 3139 at
695 3089 830 3156 semper
847 3069 1048 3137 habendum
1064 3071 1234 3134 confirmo
1250 3049 1314 3136 tibi
1332 3067 1503 3137 iamdicta
1519 3070 1704 3155 Ymelayte
1722 3075 1795 3138 tota
1812 3077 1847 3137 et
1866 3069 1992 3138 inclita
2010 3070 2119 3157 pecia

258 3226 301 3293 de
325 3229 438 3312 terra,
463 3231 503 3294 ut
525 3225 697 3309 diximuS,
722 3241 784 3309 per
810 3221 1015 3308 supradicte
1040 3224 1123 3288 finis
1146 3227 1181 3290 et
1206 3223 1411 3310 memoriis
1436 3245 1516 3291 curn
1532 3226 1654 3292 omnia
1672 3226 1767 3292 intro
1783 3243 1820 3291 se
1839 3225 2031 3292 abentibus
2049 3243 2124 3292 om-
2154 3255 2158 3262 ·

265 3383 441 3468 nibusque
464 3381 540 3448 suis
563 3380 807 3468 pertinentiis,
832 3383 868 3444 et
892 3397 972 3444 cum
997 3381 1073 3446 vice
1097 3380 1139 3445 de
1156 3381 1215 3446 via
1231 3399 1308 3447 sua.
1335 3381 1430 3448 Unde
1448 3379 1584 3447 nullam
1600 3379 1723 3466 michi,
1740 3385 1802 3447 aut
1822 3382 1992 3448 uxoribus
2010 3384 2121 3466 meis,

261 3542 328 3605 aut
351 3538 508 3623 quolibet
530 3536 749 3623 hominibus
776 3537 829 3603 vel
855 3541 893 3603 in
918 3535 1042 3621 quavis
1068 3535 1230 3621 partibus
1255 3536 1401 3620 restitit,
1427 3539 1490 3603 aut
1514 3535 1666 3602 dicimus
1690 3553 1875 3602 remanere
1901 3537 2120 3617 sortionem;

264 3696 344 3778 Set,
368 3693 462 3760 sicut
486 3693 648 3779 superius
671 3690 850 3776 diximus,
884 3686 1049 3756 inclitum
1081 3685 1163 3752 illut
1189 3685 1254 3752 tibi
1279 3685 1590 3768 confirmabimus,
1616 3686 1661 3751 At
1691 3685 1865 3751 securiter
1896 3693 1932 3752 et
1964 3685 2123 3754 tirmiter

263 3848 386 3914 amodo
410 3853 446 3916 et
471 3866 608 3933 semper
630 3850 670 3914 tu
693 3843 899 3930 supradicta
922 3841 1107 3925 Ymelayte
1132 3860 1240 3925 quam
1264 3847 1299 3908 et
1323 3841 1393 3908 tuis
1410 3839 1600 3908 heredibus
1628 3838 1793 3907 inclitum
1817 3839 1899 3908 illut
1922 3843 2117 3928 abendunr,

263 4001 534 4088 dominandum,
556 3999 820 4086 possidendum,
845 3996 967 4063 omnia
989 3995 1119 4062 exinde
1143 3995 1344 4062 iaciendum
1368 3993 1461 4080 quod
1485 3993 1550 4061 tibi
1574 3995 1698 4079 tuique
1715 3993 1906 4062 heredibus
1924 3997 2117 4082 placuerit,

265 4173 398 4242 apsque
422 4153 518 4222 omni
542 4153 800 4222 contrarietate
817 4149 871 4218 vel
891 4148 1122 4235 requisitione
1140 4165 1229 4232 mea,
1247 4147 1301 4213 rel
1318 4146 1360 4214 de
1377 4165 1472 4214 meos
1488 4145 1579 4213 filios
1596 4149 1631 4212 et
1648 4146 1807 4233 heredes,
1825 4151 1888 4215 aut
1904 4149 2034 4233 cuique
2052 4151 2114 4214 ho-

268 4310 435 4377 rninibus.
451 4309 550 4378 Unde
567 4325 632 4394 pro
647 4303 929 4375 confirmandam
946 4309 981 4369 et
997 4300 1288 4370 staviliscendam
1304 4302 1397 4367 hanc
1414 4318 1492 4368 inea
1507 4299 1740 4386 uindictioue,
1758 4317 1853 4367 nunc
1870 4321 1891 4369 a
1908 4307 2113 4387 presentem

265 4465 381 4548 recepi
406 4483 429 4529 a
452 4465 488 4530 te
512 4459 681 4529 iamdicta
703 4453 889 4542 Ymelayte
914 4475 976 4542 per
1001 4453 1221 4541 apsolutione
1244 4453 1441 4541 supradicti
1458 4452 1527 4518 viri
1542 4453 1597 4520 tui
1614 4457 1788 4520 statutum
1801 4455 1968 4540 pretium,
1986 4477 2010 4540 y
2027 4461 2118 4522 sunt

264 4618 346 4688 auri
371 4616 441 4686 tari
465 4617 548 4685 boni
572 4633 758 4684 numerum
783 4611 1065 4700 quattuordecim
1091 4611 1128 4676 in
1152 4609 1265 4676 omnis
1288 4606 1595 4693 deliberationem,
1618 4607 1712 4674 sicut
1730 4607 1826 4674 inter
1844 4625 1906 4674 nos
1924 4613 2113 4678 conbenit:

267 4774 436 4859 finitoque
459 4790 543 4839 vero
566 4771 719 4858 pretium
743 4770 858 4854 ipsum
883 4769 970 4852 aput
994 4782 1056 4830 uos
1079 4783 1121 4832 ea
1145 4764 1289 4850 quidem
1313 4764 1478 4830 videlicet
1502 4764 1654 4847 ratione,
1687 4769 1723 4832 et
1753 4784 1815 4850 per
1851 4767 1943 4833 bona
1978 4771 2122 4835 cornhe-

266 4926 408 4996 nieutia
432 4925 567 5014 guadia
590 4922 656 4992 tibi
680 4923 848 4990 iamdicte
872 4919 1014 4988 mulieri
1039 4919 1132 5003 dedi,
1156 4924 1191 4986 et
1216 4918 1445 4985 mediatorem
1462 4918 1528 4984 tibi
1546 4919 1648 5004 posui
1673 4919 1859 5006 meipsun13
1885 4927 1920 4988 et
1946 4941 2009 5007 per
2037 4922 2119 5009 ipsa

267 5079 404 5165 guadia
427 5082 492 5146 etc.
520 5080 688 5163 Sequitur
709 5079 874 5144 constratu
896 5075 1071 5156 farnaclo,
1095 5073 1234 5136 statuto
1249 5071 1384 5134 nrrrlcta
1397 5069 1529 5154 ciqirtti
1545 5070 1631 5134 curt
1648 5069 1843 5135 solidorum
1859 5077 2124 5139 constantinic-

269 5254 410 5304 ncrant.
437 5240 472 5302 et
494 5232 617 5301 taliter
641 5233 796 5299 scribere
820 5230 1027 5315 rogabimus
1052 5232 1083 5292 te
1110 5227 1296 5310 iaquintus
1320 5223 1495 5308 notarim,
1520 5225 1668 5290 hactum
1690 5226 1845 5292 salerno.

315 5361 446 5478 †Ego
469 5389 599 5458 achino
662 5371 666 5382 ’

315 5519 344 5634 †
371 5565 436 5633 ego
460 5547 528 5614 leri
551 5545 735 5613 diaconus.
