5310 7080
546 523 613 594 128
1181 523 1353 598 CODEX
1387 523 1651 599 clquSls

464 819 469 828 ,
494 747 677 836 completi,
693 753 730 818 et
746 750 777 818 si
793 748 980 834 redierint,
997 753 1060 818 aut
1083 748 1127 818 de
1151 749 1230 837 ipsa
1253 750 1359 839 culpa
1383 750 1523 822 liverati
1545 752 1695 839 luerint,
1717 755 1754 820 et
1773 747 1954 820 boluerint
1976 749 2055 834 ipsa
2078 749 2184 816 rebus
2206 744 2345 817 recolli·

493 921 593 991 gere,
610 903 775 972 inclitum
793 902 878 972 illut
902 902 1114 992 recolligant
1133 904 1171 972 in
1196 906 1438 992 suprascripto
1461 905 1631 980 hordine:
1657 907 1799 974 tantum
1832 903 1908 990 ipso
1938 918 2074 971 annum
2106 899 2199 988 quod
2229 899 2344 970 rodie-

496 1057 588 1152 rint,
613 1057 644 1124 si
670 1057 869 1126 laboratum
893 1057 1016 1144 fuerit,
1039 1057 1147 1128 liceat
1168 1056 1268 1145 prius
1291 1057 1351 1125 ille
1375 1058 1436 1145 qui
1460 1075 1519 1126 eos
1541 1057 1771 1144 laboraverit,
1796 1053 2004 1143 recolligere
2029 1053 2104 1141 ipso
2120 1051 2290 1140 frudium,
2305 1057 2342 1122 et

493 1210 545 1278 sic
569 1211 674 1278 rebus
697 1210 777 1296 ipsa
800 1207 1024 1297 recolligant.
1048 1208 1147 1278 Unde
1177 1211 1216 1278 in
1247 1228 1289 1279 eo
1317 1210 1465 1281 hordine
1488 1230 1552 1299 per
1577 1228 1669 1280 vona
1691 1206 1954 1278 combenientia
1976 1205 2111 1295 guadia
2142 1205 2244 1274 nobis
2267 1204 2342 1293 ipse

494 1363 659 1431 maranci
682 1363 857 1450 presbiter
880 1363 978 1433 dedit
1002 1368 1037 1432 et
1059 1364 1232 1434 mediator
1256 1365 1359 1433 nobis
1381 1366 1498 1452 posuit
1520 1368 1660 1434 amatus
1682 1363 1725 1432 de
1750 1365 1826 1450 ipso
1849 1362 1965 1429 locum
1981 1359 2077 1430 nlius
2106 1357 2283 1448 garoiali3
2307 1362 2343 1428 et

492 1535 554 1603 per
579 1518 655 1604 ipsa
679 1519 815 1606 guadia
837 1517 1012 1607 obligavit
1032 1537 1072 1588 se
1095 1524 1131 1588 et
1153 1537 1235 1588 suos
1257 1520 1392 1608 eredeS,
1417 1523 1457 1590 ut
1480 1521 1510 1589 si
1535 1520 1672 1610 taliter,
1696 1525 1790 1592 sicut
1813 1519 1978 1610 superius
2001 1518 2150 1607 legitur,
2173 1515 2276 1582 nobis
2299 1517 2336 1584 et

492 1670 538 1739 ed
560 1689 645 1758 pars
669 1673 783 1760 ipsius
805 1673 951 1743 ecclesie
974 1691 1045 1741 non
1067 1674 1314 1762 adimpleverit
1345 1679 1381 1744 et
1411 1675 1542 1763 aliquit
1571 1677 1614 1745 de
1637 1674 1758 1746 omnia
1785 1673 2029 1762 suprascripta
2050 1668 2338 1754 contradixerit,

496 1839 707 1912 componere
723 1829 826 1896 nobis
850 1828 906 1895 vel
930 1828 974 1898 ad
991 1847 1076 1916 pars
1101 1827 1212 1916 ipsius
1236 1830 1383 1900 ecclesie
1407 1829 1674 1918 quinquaginta
1698 1830 1780 1898 auri
1802 1827 1932 1897 solidos
1955 1825 2188 1896 costantinos.
2211 1825 2248 1891 et
2271 1840 2341 1892 une

494 1980 789 2050 brebemsoribsi
813 1998 879 2070 ego
903 1982 1088 2051 dauferius
1110 1981 1275 2051 notarius
1300 1982 1360 2068 qni
1384 1981 1547 2051 interlui.

537 2103 568 2219 †
594 2134 668 2221 Ego
691 2135 820 2206 ioanne

540 2259 570 2374 †
598 2287 671 2371 ligo
695 2307 814 2358 sessus
839 2290 1006 2358 clericae.

1323 2795 1506 2878 DCXI.

1269 3055 1322 3131 A.
1350 3053 1401 3131 D.
1431 3052 1558 3134 1009.

534 3299 635 3438 †ln
658 3349 802 3418 nomine
834 3346 968 3416 domini
992 3345 1159 3414 bicesinro
1191 3362 1286 3414 anno
1317 3344 1539 3434 principatus
1567 3346 1687 3416 domni
1719 3349 1832 3417 nostri
1855 3349 2038 3436 guaimari
2062 3351 2210 3438 gloriosi
2238 3355 2339 3440 prin·

487 3505 596 3592 cipis,
620 3522 740 3572 mense
764 3503 974 3589 ianuariuS,
999 3500 1150 3588 septima
1173 3500 1380 3570 indictione.
1414 3505 1704 3572 memoratorium
1735 3504 1831 3574 factu
1862 3505 2009 3575 anobis
2040 3506 2211 3577 iohannes
2239 3509 2336 3581 dlius

488 3657 666 3744 quondam
688 3656 772 3723 miri
797 3659 832 3723 et
855 3655 908 3722 leo
931 3652 1028 3722 filius
1049 3651 1244 3739 romoaldi,
1268 3670 1309 3721 eo
1332 3653 1424 3739 quod
1448 3659 1533 3723 ante
1556 3657 1737 3742 presentia
1767 3658 1899 3728 maioni
1931 3659 2124 3747 presbiteri
2146 3667 2183 3732 et
2207 3665 2328 3732 abbati

490 3811 639 3880 ecclesie
663 3809 778 3880 sancti
803 3807 975 3895 maximi,
999 3811 1036 3876 et
1059 3811 1143 3875 ante
1166 3825 1248 3875 eum
1272 3805 1476 3875 astantibus
1498 3809 1691 3896 subscripti
1723 3813 1830 3879 testes
1842 3861 1851 3898 ,
1876 3830 1939 3898 per
1963 3815 2057 3886 bona
2078 3816 2338 3888 combenientia

487 3962 638 4034 tradidit
659 3963 761 4032 nobis
784 3962 969 4050 iaquintus
991 3960 1162 4030 diaconus
1184 3963 1221 4028 et
1243 3958 1446 4047 primicerio
1469 3961 1581 4047 ipsius
1604 3964 1764 4052 ecclesie,
1780 3981 1854 4035 una
1876 3985 1958 4034 cum
1983 3985 2024 4035 eo
2047 3967 2185 4038 adesset
2207 3973 2328 4056 petrus

488 4135 622 4204 comes,
646 4117 705 4204 qui
730 4120 785 4186 est
814 4116 1003 4186 adbocator
1026 4118 1063 4183 et
1087 4131 1199 4181 unum
1221 4111 1265 4180 de
1287 4111 1437 4180 dominii
1462 4113 1576 4200 ipsius
1598 4114 1757 4202 ecclesie,
1782 4133 1857 4185 una
1879 4118 1982 4205 pecie
2003 4117 2047 4187 de
2069 4123 2169 4190 terra
2192 4123 2253 4208 qui
2276 4125 2330 4190 est

486 4239 715 4357 pastenatum
739 4273 939 4356 arbustum,
963 4267 1201 4354 pertinentem
1227 4264 1341 4352 ipsius
1363 4264 1510 4333 ecclesie
1533 4264 1576 4332 de
1600 4263 1714 4334 locum
1739 4265 1896 4354 nucerie,
1926 4269 1987 4337 ubi
2016 4271 2233 4342 barbaciano
2248 4269 2337 4342 dici·

487 4430 560 4516 tur,
584 4447 608 4496 a
631 4427 756 4494 subtus
778 4423 929 4492 eeclesia
952 4422 1067 4490 sancti
1091 4419 1193 4489 dabit
1217 4434 1289 4485 non
1314 4418 1467 4486 multum
1490 4419 1595 4506 longe
1613 4421 1658 4486 ab
1674 4418 1753 4506 ipsa
1767 4419 1933 4507 eeclesia,
1949 4422 2041 4508 quod
2057 4423 2132 4511 ipse
2149 4425 2337 4513 iaquintus

490 4579 661 4650 diaconus
691 4580 730 4646 in
762 4577 975 4646 beneficium
999 4575 1132 4644 retinet
1163 4575 1209 4643 da
1240 4591 1325 4660 pars
1364 4571 1477 4659 ipsius
1500 4571 1649 4640 ecclesie
1678 4590 1740 4658 per
1763 4590 1803 4639 ec
1826 4571 1909 4641 finis
1932 4577 1970 4642 et
1992 4579 2183 4648 mensurie:
2208 4600 2231 4649 a
2251 4599 2336 4668 pars

491 4731 791 4822 septemtrionalis
813 4733 885 4800 fine
907 4731 968 4800 bia
991 4729 1135 4816 puplica
1157 4727 1322 4814 antiqua,
1346 4729 1399 4794 est
1423 4745 1486 4813 per
1510 4729 1693 4797 mensuria
1715 4747 1779 4815 per
1803 4729 1880 4816 ipsa
1897 4729 1968 4801 fine
1983 4734 2078 4819 passi
2102 4737 2336 4824 septuaginta

491 4893 577 4956 tres:
602 4908 625 4956 a
646 4903 731 4974 pars
754 4885 946 4954 occidentis
968 4883 1138 4970 quomodo
1153 4882 1286 4950 fossatu
1301 4881 1484 4967 discernit,
1502 4886 1587 4949 sunt
1600 4880 1730 4952 exinde
1745 4883 1839 4969 paesi
1863 4884 2129 4972 quinquaginta
2154 4886 2329 4974 quadtuor

492 5046 529 5112 et
553 5041 757 5110 rebolbente
781 5045 927 5127 aparte
950 5038 1100 5107 meridie
1123 5055 1185 5124 per
1209 5036 1279 5104 fine
1303 5035 1346 5102 de
1370 5034 1492 5102 eredes
1514 5033 1669 5123 guaiferi
1693 5035 1859 5124 castaldi,
1874 5041 1960 5105 sunt
1975 5055 2038 5124 per
2055 5041 2133 5128 ipsa
2150 5041 2222 5110 line
2238 5041 2334 5130 passi

493 5197 652 5284 triginta
669 5211 747 5279 sex,
764 5197 800 5260 et
814 5189 1019 5259 rebolbente
1033 5189 1138 5276 quasi
1155 5189 1195 5258 in
1210 5205 1293 5277 pars
1307 5189 1500 5257 occidentis
1513 5207 1576 5277 per
1592 5190 1670 5277 ipsa
1685 5192 1768 5278 fine,
1782 5193 1867 5260 sunt
1882 5191 1965 5261 inde
1981 5193 2078 5280 passi
2093 5194 2337 5285 quadraginta

490 5369 567 5420 sex:
585 5369 608 5418 a
623 5365 708 5436 pars
723 5345 871 5414 meridie
887 5344 1060 5432 quomodo
1076 5345 1151 5430 ipso
1167 5345 1352 5412 arbustum
1368 5341 1411 5410 de
1427 5342 1505 5428 ipsa
1520 5341 1643 5411 eredes
1657 5342 1813 5430 gualieri
1828 5343 2014 5434 discernit,
2031 5353 2116 5417 sunt
2130 5367 2194 5438 per
2208 5351 2285 5438 ipsa
2300 5351 2342 5418 d·

490 5522 536 5572 ne
552 5503 647 5590 passi
663 5502 929 5590 quinquaginta
944 5498 1132 5586 quadtuor:
1149 5501 1287 5586 aparte
1302 5496 1447 5566 meridie
1463 5497 1605 5567 exiente
1622 5515 1732 5586 usque
1747 5500 1786 5568 in
1801 5499 1862 5570 bia
1877 5501 2032 5590 puplica:
2047 5520 2166 5590 apars
2189 5507 2344 5575 orientis

491 5657 562 5726 tine
574 5657 653 5744 ipsa
667 5657 738 5744 bia,
755 5661 839 5724 sunt
854 5675 916 5743 per
929 5656 1006 5742 ipsa
1020 5654 1091 5721 fine
1107 5651 1202 5738 passi
1219 5649 1349 5737 biginti
1366 5650 1447 5740 duo,
1464 5653 1500 5718 et
1515 5651 1717 5721 rebolbente
1733 5672 1756 5722 a
1771 5673 1856 5741 pars
1870 5657 2171 5742 septemtrionalis
2187 5677 2251 5747 per
2266 5657 2340 5729 dne

492 5808 535 5877 de
558 5811 679 5880 eredes
702 5809 814 5900 ipsius
835 5807 989 5897 guaiferi
1023 5811 1105 5874 sunt
1128 5803 1221 5892 passi
1250 5803 1369 5873 decem
1393 5811 1428 5874 et
1450 5813 1548 5894 octo;
1571 5813 1606 5874 et
1630 5808 1833 5878 rebolbente
1856 5815 1892 5878 et
1914 5810 2150 5882 descendente
2180 5831 2243 5900 per
2266 5812 2341 5882 line
