5318 7102
825 593 828 601 -
927 549 1093 621 {stituit
1126 553 1429 627 uttauuuttt'tt
1744 563 1750 572 “
2009 563 2055 632 ‘ii

246 767 416 840 utinen
443 768 602 840 homines
629 771 688 862 qui
714 773 926 844 monasterio
953 772 1130 868 regulares
1161 777 1366 848 commende
1393 777 1562 870 posuerit,
1583 787 1617 850 et
1636 802 1690 850 res
1709 803 1789 852 suas
1817 779 1946 854 ibidem
1973 783 2103 878 deliga-

295 928 384 1000 verit
410 928 639 1022 promissione
666 931 770 1016 sacta,
800 932 992 1002 secundum
1021 934 1140 1026 regula
1167 931 1312 1006 firmiter
1337 943 1491 1009 teneant.

246 1088 290 1157 Ut
316 1086 434 1156 nullus
461 1083 577 1159 ebrius
604 1111 667 1158 sua
694 1111 799 1160 causa
826 1091 934 1182 possit
960 1089 1179 1184 conquirere,
1202 1114 1265 1162 nec
1287 1094 1525 1166 testimonium
1544 1097 1674 1182 dicere,
1695 1119 1759 1168 nec
1778 1098 1915 1170 comitis
1937 1098 2102 1194 placitum

295 1245 418 1317 habeat
445 1246 512 1318 nisi
540 1248 678 1317 ieiunus
704 1241 741 1342 ¹).

246 1407 289 1478 Ut
315 1407 500 1478 ministerii
528 1406 780 1500 distringantur
797 1405 820 1502 ²)
840 1407 895 1478 vel
921 1407 1047 1480 ceteris
1066 1407 1264 1482 hominibus
1283 1421 1421 1506 propter
1440 1415 1625 1486 utilitatem
1645 1425 1813 1500 nostram,
1834 1417 1901 1488 Iter
1919 1418 2101 1512 agentibus

293 1564 411 1634 nuilus
438 1565 620 1634 mansione
646 1563 885 1634 contradicere
912 1575 1100 1658 presumat.

247 1724 290 1822 Ut
316 1723 433 1794 nuilus
461 1723 502 1795 ad
529 1723 693 1819 placitum
719 1721 916 1812 banniatur,
944 1720 968 1820 ³)
995 1724 1062 1796 nisi
1090 1727 1148 1818 qui
1175 1749 1315 1798 causam
1335 1752 1432 1799 suam
1451 1731 1598 1824 quaerit,
1629 1739 1688 1804 aut
1705 1732 1734 1803 si
1753 1732 1794 1804 ab
1812 1733 1912 1804 alteri
1931 1757 2099 1826 quaerere

292 1883 427 1956 debeat.
456 1883 616 1977 Exceptis
642 1882 775 1953 scavini
802 1889 910 1978 septe,
940 1885 998 1977 qui
1027 1884 1061 1954 in
1089 1884 1184 1954 omni
1210 1886 1337 1980 placita
1363 1910 1440 1958 esse
1467 1886 1615 1960 debeant
1641 1881 1678 1984 ⁴).

243 2043 286 2114 Ut
311 2043 429 2113 nulius
456 2049 631 2136 presumat
656 2065 717 2134 per
744 2043 813 2113 vita
840 2045 945 2138 regis,
974 2044 1030 2115 vel
1057 2043 1208 2116 tiliorum
1235 2047 1311 2116 eius
1339 2045 1453 2117 iurare
1479 2041 1517 2140 ⁵).

245 2201 292 2271 De
320 2200 439 2271 liberis
465 2199 663 2272 hominibus
689 2201 748 2293 qui
775 2223 879 2272 uxore
906 2200 1080 2273 fiscalinas
1107 2205 1232 2298 regias,
1261 2212 1295 2275 et
1321 2206 1467 2277 seminas
1494 2204 1621 2278 liberas
1648 2206 1821 2294 similiter,
1852 2208 1911 2300 qui
1937 2207 2097 2279 homines

291 2360 466 2433 fiscalinos
493 2361 606 2456 regios
632 2362 827 2455 accipiunt,
856 2363 900 2433 Ut
926 2362 967 2432 de
994 2361 1185 2434 hereditate
1213 2370 1435 2456 parentorum
1471 2363 1525 2434 vel
1553 2386 1657 2434 causa
1687 2365 1879 2457 querenda,
1909 2390 1973 2437 neo
1998 2368 2097 2440 testi-

290 2523 406 2592 monia
432 2521 574 2615 probare
602 2518 807 2592 abiciantur.
837 2521 905 2591 Sed
932 2521 1019 2592 tales
1045 2519 1148 2590 ctiam
1176 2518 1275 2590 nobis
1301 2542 1407 2591 causa
1424 2519 1506 2590 ordo
1525 2529 1719 2606 serventur,
1749 2521 1861 2614 qualis
1880 2531 1914 2595 et
1939 2532 2095 2596 anteces-

210 2689 212 2693 ’
290 2681 426 2754 soribus
452 2681 580 2752 nostris
606 2692 780 2751 servatum
807 2702 882 2750 esse
909 2681 1149 2773 cognorimus,
1170 2679 1213 2749 Ut
1239 2701 1343 2748 causa
1370 2700 1435 2770 que
1462 2678 1529 2748 duc
1552 2677 1647 2774 (qnae
1673 2680 1811 2774 adduct)
1839 2704 1955 2752 coram
1974 2683 2093 2755 comiti

290 2865 359 2913 nou
386 2840 464 2925 tuit,
493 2841 535 2910 Et
560 2838 614 2909 his
640 2841 699 2933 qui
726 2841 890 2911 reclamat
915 2847 1052 2933 propter
1078 2861 1139 2908 sua
1167 2835 1343 2918 violentia,
1363 2835 1433 2905 Aut
1450 2837 1668 2907 contumacia
1686 2837 1804 2910 comiti
1823 2839 1902 2908 inde
1921 2841 2092 2933 appellare

286 3001 474 3087 noluerint,
503 3000 630 3070 iterum
657 2999 774 3070 comiti
802 2999 1104 3069 commendaretur
1130 2989 1167 3090 ⁰).

238 3159 453 3251 Quicumque
486 3157 693 3230 beneficium
720 3158 903 3228 occasione
931 3156 1058 3250 proprii
1086 3155 1108 3250 7)
1135 3155 1311 3226 desertum
1337 3152 1495 3223 hahuerit
1522 3153 1611 3223 intra
1637 3177 1779 3242 annum,
1808 3164 1986 3251 postquam
2014 3161 2045 3230 ei
2074 3187 2092 3233 a

288 3321 420 3404 comiti,
449 3319 505 3389 vel
523 3342 541 3388 a
560 3320 665 3388 misso
692 3325 823 3402 nostro,
844 3317 971 3388 Notum
998 3318 1129 3386 iactum
1148 3314 1266 3398 suerit,
1288 3323 1321 3384 et
1339 3313 1438 3383 ilium
1458 3312 1679 3383 emcndatum
1697 3337 1766 3385 non
1785 3313 1957 3404 habuerit,
1979 3318 2091 3413 ipsum

288 3477 495 3550 beneficium
523 3477 682 3549 admittat
707 3479 744 3572 ε).

236 3637 274 3711 Iu
300 3657 434 3712 uourun
459 3655 581 3709 oouuu
609 3653 736 3708 uosrru
763 3634 864 3708 Iussu
891 3653 1049 3718 cuarsrr,
1079 3633 1224 3706 itarolus
1251 3630 1370 3702 divino
1397 3655 1416 3702 a
1443 3631 1506 3702 deo
1534 3639 1740 3716 coronatus,
1779 3634 1954 3712 Romnum
1980 3627 2089 3718 nunus

275 4111 297 4190 ¹)
320 4110 403 4171 Mur.
429 4109 536 4171 CXIV.

273 4255 296 4330 ²)
318 4255 438 4316 insece
462 4253 494 4313 di
511 4259 549 4316 ut
568 4249 747 4316 ministerii
769 4248 1013 4328 distringantur
1034 4249 1058 4309 il
1081 4248 1163 4309 Mur.
1190 4247 1280 4308 nelis
1303 4247 1397 4324 legge
1423 4246 1503 4309 CXV
1527 4247 1586 4307 ha:
1612 4249 1654 4310 ut
1675 4246 1783 4311 Missis
1804 4247 1930 4312 nostris
1960 4247 2087 4312 discur-

230 4399 397 4464 rentibus.

271 4549 295 4626 8)
316 4547 504 4620 banniatur,
528 4546 590 4610 hoc
612 4551 664 4609 est
687 4545 880 4609 advocetur.
903 4544 997 4622 (itur.
1022 4561 1095 4621 pag.
1120 4541 1181 4603 tos
1203 4542 1287 4601 Nota
1302 4539 1364 4618 47).

272 4695 295 4772 Ι)
317 4694 400 4754 Mur.
427 4694 534 4756 CXVI.

270 4839 295 4920 ε)
317 4840 404 4900 Mur.
427 4838 550 4900 CXVII.

271 4987 295 5065 θ)
317 4989 441 5059 Questa
463 4985 558 5061 legge
582 4982 671 5043 nelle
695 4981 812 5042 ultime
835 4981 948 5061 parole
973 4980 1126 5050 scitante,
1152 4979 1240 5050 cioe,
1266 4977 1410 5041 de—-Ut
1432 4993 1529 5040 cause
1534 5023 1609 5036 ......
1615 4978 1901 5042 commendaretur
1922 4981 2085 5044 concorde

230 5129 317 5192 colla
339 5129 436 5208 legge
460 5126 587 5191 CXVIII
610 5127 663 5190 del
686 5129 770 5189 Mur.

270 5275 293 5354 ¹)
316 5298 332 5334 u
359 5274 437 5336 Cod.
462 5277 589 5337 Estens.
613 5273 810 5352 Quicumque
831 5270 987 5334 hahuerit
1007 5269 1202 5332 beneficium
1223 5268 1393 5332 occasione
1415 5265 1543 5346 proprii
1565 5266 1750 5330 desertum:
1781 5270 1838 5330 hoe
1869 5277 1914 5331 est
1936 5291 1971 5332 eo
2000 5273 2086 5350 quod

228 5445 244 5480 «
270 5429 371 5482 totum
393 5441 496 5512 sutem!
509 5422 652 5483 studium
675 5421 844 5497 impendat
866 5420 904 5480 io
926 5419 1062 5479 Attootts
1080 5416 1229 5494 propriis
1252 5413 1448 5484 eaecotendis,
1467 5412 1590 5492 abjecto
1611 5415 1700 5473 omni
1717 5432 1798 5475 euro
1812 5413 1981 5491 Beneficii,
1999 5419 2085 5496 quod

227 5592 244 5626 «
270 5589 290 5629 α
312 5567 397 5644 Repe
419 5568 547 5645 recipit.
572 5567 660 5628 Hine
681 5583 745 5626 voc
767 5562 973 5644 proprietas,
998 5559 1130 5641 proprio
1150 5557 1226 5636 jure
1247 5555 1435 5636 possidere,
1460 5557 1583 5618 hahere
1605 5555 1646 5620 ad
1668 5557 1855 5636 proprium,
1888 5559 1928 5622 de
1950 5561 2084 5641 proprie

230 5733 245 5768 «
270 5711 406 5776 donare.
430 5713 524 5792 (Mur.
549 5729 621 5790 pag.
646 5711 708 5773 108
730 5711 813 5770 Note
834 5707 896 5786 50).

268 5857 292 5939 ⁸)
313 5859 396 5920 Mur.
424 5857 533 5920 cxlx.
