5318 7102
611 533 658 608 58
1310 529 1673 605 CAPITULARIA

611 758 642 830 si
668 755 876 830 coniunctus
893 759 917 852 ¹)
944 756 1073 830 luerint
1099 754 1224 828 salsum
1251 753 1410 828 dississet
1434 753 1688 842 testimonium,
1708 755 1801 827 unde
1828 755 2020 828 secundum
2038 753 2150 850 legem
2169 757 2422 853 compositione

608 917 709 1012 plena
734 910 880 989 reddere
905 916 1014 1011 possit
1038 909 1076 1009 ²).
1358 881 1360 886 Ι

559 1075 767 1163 Statuimus,
789 1084 827 1150 ut
844 1076 1014 1150 iuratores
1042 1100 1163 1150 omnes
1189 1076 1294 1150 simul
1321 1078 1449 1162 iurent,
1479 1085 1516 1147 ut
1542 1076 1753 1170 quicumque
1780 1083 2050 1160 sacramentum,
2083 1075 2138 1146 uel
2164 1075 2319 1150 debitum
2339 1093 2420 1154 ante
2455 1138 2461 1147 .

609 1235 693 1308 solis
724 1257 886 1308 occasum
914 1235 1131 1331 persolverit,
1160 1258 1305 1308 securus
1333 1234 1412 1306 inde
1440 1234 1484 1308 sit
1508 1241 1547 1329 8),

560 1393 706 1469 Videtur
732 1395 845 1482 nobis,
874 1404 912 1468 ut
937 1397 1147 1490 quicumque
1176 1395 1264 1466 liber
1291 1395 1471 1490 ingeniose
1497 1398 1533 1464 in
1560 1393 1743 1466 seruitium
1768 1391 1875 1464 alicui
1901 1393 2083 1467 tradiderit
2110 1393 2163 1466 his
2189 1394 2248 1489 q'ui
2267 1418 2348 1466 eum
2366 1417 2424 1467 rc-

605 1556 710 1650 cepit‚
739 1554 804 1626 hoc
830 1555 922 1649 quod
948 1553 1007 1626 ille
1034 1555 1069 1625 in
1096 1554 1277 1627 seruitium
1305 1577 1342 1626 se
1368 1553 1512 1626 tradidit
1530 1555 1564 1624 in
1583 1552 1936 1648 publicaperantiqua
1954 1553 2207 1626 consuetudine
2227 1553 2340 1626 Iacere
2359 1555 2421 1626 de-

605 1711 695 1802 beat,
725 1712 866 1811 impleat
890 1716 928 1810 ⁴).

558 1872 607 1944 De
632 1871 685 1945 his
712 1873 770 1966 qui
798 1873 1023 1969 propietatem
1049 1898 1147 1947 suam
1174 1873 1300 1946 liabent
1325 1881 1359 1946 et
1385 1880 1597 1968 expontanea
1614 1871 1720 1944 alicui
1739 1869 1914 1966 delegant,
1934 1871 1977 1943 Et
1994 1881 2111 1966 postea
2135 1873 2375 1947 fraudulenter
2391 1879 2415 1971 ⁵)

603 2035 645 2106 ab
671 2033 738 2107 alio
765 2035 879 2129 aIIquo
907 2035 1080 2130 ignoranti
1106 2035 1216 2131 pretio
1242 2036 1285 2105 dc
1310 2035 1449 2106 easdem
1477 2056 1532 2104 res
1559 2030 1796 2104 venundantes
1823 2031 2021 2126 accipiunt,
2050 2041 2085 2105 et
2110 2032 2164 2104 his
2189 2039 2246 2106 cui
2273 2037 2414 2107 easdem

604 2217 660 2266 res
685 2194 781 2289 prius
808 2195 950 2270 traditas
977 2196 1119 2281 luerint,
1147 2195 1290 2290 Cognito
1317 2195 1467 2289 negotio,
1497 2215 1627 2265 annum
1654 2193 1828 2286 integrum
1854 2193 1963 2264 silens
1987 2216 2057 2264 non
2083 2195 2341 2279 contradixerit,
2362 2207 2416 2271 set

600 2361 739 2448 propter
765 2353 996 2425 iniussionem
1021 2362 1154 2440 tacens,
1183 2362 1222 2425 ut
1246 2362 1401 2448 tempore
1428 2352 1587 2424 inludere
1606 2351 1714 2446 possit
1730 2352 1769 2446 ⁰),
1791 2350 1827 2422 Si
1853 2350 1944 2422 inlra
1969 2352 2078 2446 patria
2096 2375 2225 2426 annum
2244 2356 2410 2450 spatium,

602 2518 641 2584 ut
667 2511 799 2600 dictum
827 2521 890 2598 est,
920 2513 1039 2600 fuerit,
1068 2514 1163 2609 prior
1188 2511 1328 2586 traditio
1347 2511 1455 2583 nichil
1475 2509 1596 2583 valeat.
1626 2509 1687 2580 lllc
1714 2530 1796 2579 vero
1815 2507 1874 2600 qui
1893 2515 1969 2603 post
1987 2510 2096 2604 prima
2114 2511 2337 2584 traditionem
2356 2537 2411 2586 res

602 2668 813 2755 vendiderit,
844 2670 881 2743 Si
907 2670 1028 2742 bibens
1055 2669 1284 2765 conprobatus
1310 2669 1416 2741 luerit
1433 2669 1520 2740 hanc
1540 2665 1733 2738 iniussione
1758 2665 1911 2752 lecisset,
1937 2665 2091 2738 bannum
2109 2679 2304 2764 componat,
2326 2671 2414 2743 idest

600 2845 645 2897 ux
671 2826 816 2912 solidos;
838 2828 866 2898 si
895 2851 977 2899 vero
1003 2825 1154 2899 bannum
1181 2811 1250 2898 non
1271 2827 1441 2913 habuerit,
1471 2825 1698 2898 verberentur
1723 2827 1760 2920 Ἰ).
1787 2790 1794 2802 ’

549 2982 767 3079 Quicumque
793 3007 854 3080 per
879 2984 991 3080 legem
1018 2992 1156 3080 propter
1173 2983 1240 3054 alia
1258 2985 1499 3079 contempione
1518 3007 1632 3078 pugna
1651 2983 1755 3055 luerit
1773 2983 1935 3070 iudicata,
1956 2997 2070 3079 preter
2088 2983 2303 3072 infidelitate,
2324 3011 2405 3059 oum

598 3141 749 3215 fustibus
767 3151 932 3240 pugnent,
961 3141 1050 3215 sicut
1076 3147 1110 3212 in
1138 3143 1327 3238 capitulare
1353 3143 1529 3216 dominico
1556 3143 1651 3237 prius
1677 3143 1906 3216 constitutum
1933 3143 1999 3216 luit
2024 3145 2062 3240 8).

550 3299 599 3372 Dc
625 3301 781 3396 lugitibis
806 3303 1029 3398 precipimus,
1057 3311 1096 3374 ut
1122 3302 1271 3375 ministri
1298 3301 1489 3398 reipublice
1515 3301 1556 3374 ab
1581 3302 1721 3374 homine
1739 3305 1763 3397 θ)
1784 3301 1950 3398 lugitibus
1976 3303 2086 3376 nichil
2113 3305 2297 3401 accipiant,
2327 3331 2408 3380 cum

547 3431 560 3498 Ἰ
603 3460 792 3534 reddiderit
818 3485 897 3534 eum
925 3459 976 3557 ¹⁰).

552 3618 696 3694 Videtur
721 3621 821 3694 nobis
848 3623 890 3694 de
917 3623 1126 3710 aldionibus,
1156 3633 1205 3713 ut,
1235 3626 1326 3697 siout
1351 3623 1406 3695 lex
1432 3623 1545 3708 habet,
1576 3623 1622 3694 ita
1648 3623 1751 3695 faciat
1769 3624 1818 3717 Η).

548 3977 998 3990 m

586 4254 608 4334 ¹)
631 4253 836 4317 coniunctus:
862 4253 1067 4316 convinctus,

584 4399 608 4478 2)
629 4398 713 4458 Mur.
739 4399 868 4458 XXVII.

584 4543 609 4624 3)
630 4545 714 4605 lllur.
738 4543 883 4610 XXVIII.

583 4681 607 4770 4)
629 4690 712 4751 Mur.
738 4692 850 4753 XXIX.
876 4693 925 4752 Cf.
951 4691 996 4752 ih.
1021 4691 1104 4752 Nota
1125 4691 1175 4770 30)
1198 4707 1270 4770 pag.
1295 4689 1367 4752 239.

581 4837 606 4918 ὅ)
628 4839 673 4900 La
695 4839 811 4918 parole
829 4838 1064 4903 fraudulenter
1086 4857 1202 4901 manca
1224 4837 1278 4900 nel
1301 4838 1470 4911 Illuratori;
1496 4855 1547 4896 ma
1571 4839 1600 4897 si
1624 4838 1719 4915 legge
1745 4839 1800 4900 nei
1825 4839 1936 4902 Codici
1959 4842 2074 4902 Esten.
2101 4859 2119 4901 e
2144 4841 2300 4901 Ambrcs,

581 4981 607 5064 ο)
629 4985 748 5046 Incero
774 4986 806 5045 di
829 4993 884 5049 sot
906 4991 1044 5066 propter
1066 4983 1277 5048 iniussionem
1299 4990 1424 5058 tacens,
1448 4991 1486 5046 ut
1506 4991 1654 5063 tempore
1675 4982 1828 5047 inludere
1844 4983 1949 5064 possit
1964 4985 1987 5045 il
2003 4986 2086 5048 Mur.
2113 4987 2167 5049 ha:
2185 4985 2243 5050 sed
2258 4993 2402 5067 propter

540 5127 731 5194 illusionem
754 5137 871 5194 tacens
893 5131 1009 5205 luerit,
1033 5137 1070 5193 ut
1092 5138 1250 5195 amtorem
1273 5129 1418 5195 illudere
1441 5131 1556 5209 possit.

583 5277 606 5357 1)
628 5277 711 5337 Illur.
737 5277 835 5338 XXX.

584 5421 608 5502 8)
630 5423 714 5482 Mur.
738 5423 852 5484 XXXI.

578 5571 604 5650 ⁹)
627 5571 746 5633 Invece
772 5569 803 5630 di
827 5570 869 5632 ab
891 5569 1019 5634 homine
1044 5569 1065 5630 il
1090 5570 1173 5630 Mur.
1198 5569 1251 5628 lra:
1276 5584 1295 5629 a
1318 5567 1462 5632 Domino.

584 5719 621 5797 ¹⁰)
643 5718 726 5778 Mur.
750 5717 881 5782 XXXII.

583 5862 619 5942 ΙΙ)
641 5861 724 5924 Mur.
749 5864 894 5924 XXXIII.
