5376 7104
993 602 1402 678 DIPLOMATICUS
2003 549 2074 684 239

267 832 369 900 etde
393 829 520 899 vestris
541 828 707 898 eredibus
730 828 778 898 sit
799 829 966 916 potestati
979 849 989 917 ;
1015 831 1180 918 completi
1203 851 1287 901 vero
1312 831 1381 919 ipsi
1405 833 1603 920 supradicti
1637 839 1770 921 septem
1794 836 1880 905 anni
1908 839 1950 905 tu
1974 837 2121 926 quidem

267 982 393 1072 georgi
416 988 453 1052 et
475 981 548 1053 tuis
571 981 738 1052 eredibus
762 983 900 1052 abeatis
924 985 999 1052 tota
1022 983 1101 1070 ipsa
1124 983 1223 1054 clusa
1246 985 1442 1074 pastinata,
1467 991 1503 1056 et
1527 992 1694 1076 operata,
1717 993 1754 1057 et
1777 990 1866 1058 bene
1890 993 2057 1062 conciata
2073 995 2118 1063 de

268 1156 375 1225 super
399 1139 436 1204 et
458 1137 502 1205 de
524 1141 672 1223 supter,
703 1135 796 1204 sicut
818 1134 915 1204 locus
937 1136 1011 1222 ipse
1035 1139 1219 1225 meruerit,
1252 1145 1287 1207 et
1317 1137 1409 1207 detis
1433 1117 1640 1211 annualiter
1664 1147 1752 1212 natu
1777 1147 1947 1214 nascente
1970 1145 2120 1216 tertiam

270 1294 410 1378 partem
434 1289 477 1357 de
501 1289 576 1375 ipso
599 1291 685 1356 bino
706 1293 742 1358 et
764 1289 920 1357 frudium
945 1288 991 1358 ad
1015 1307 1097 1376 pars
1120 1289 1232 1358 nostri
1261 1291 1479 1376 monasterii,
1504 1290 1547 1358 de
1570 1296 1744 1378 quantum
1768 1294 1898 1364 exinde
1921 1298 2046 1368 toliere
2083 1305 2121 1368 et

273 1443 381 1512 abere
405 1425 614 1529 potueritis,
646 1445 682 1508 et
712 1457 776 1508 nos
802 1442 900 1508 vobis
935 1439 1017 1508 illut
1046 1441 1268 1509 defensemus
1300 1439 1466 1510 inclitum
1497 1442 1542 1512 da
1571 1444 1686 1512 omnis
1717 1448 1853 1517 omines
1882 1452 1928 1519 ab
1951 1454 2120 1542 omnique

267 1593 443 1683 partibus,
467 1613 550 1661 cum
572 1593 737 1681 introitu,
762 1596 798 1661 et
820 1591 936 1678 exitu,
960 1595 997 1660 et
1018 1609 1099 1658 cum
1114 1591 1192 1659 bice
1207 1591 1250 1660 de
1266 1592 1327 1658 bia
1342 1610 1421 1678 sua,
1438 1597 1474 1661 et
1489 1611 1570 1660 cum
1586 1595 1708 1663 omnia
1730 1596 1829 1667 inira
1851 1617 1888 1666 se
1912 1603 2116 1692 abentibus;

268 1749 363 1836 quod
385 1748 417 1815 si
440 1748 523 1816 illut
547 1749 587 1815 in
611 1747 814 1835 supradicto
836 1746 961 1815 ordine
984 1764 1048 1814 nos
1076 1749 1113 1814 et
1135 1745 1266 1813 nostris
1297 1747 1556 1814 successoribus
1585 1753 1621 1816 et
1644 1768 1729 1834 pars
1762 1752 1872 1819 nostri
1907 1759 2118 1828 monasterii

268 1901 432 1970 inclitum
463 1898 531 1968 tivi
563 1899 687 1987 georgi
721 1901 757 1966 et
780 1897 825 1966 ad
849 1897 923 1965 tuis
953 1897 1117 1966 aradibus
1147 1896 1311 1965 inclitum
1341 1914 1413 1964 non
1442 1897 1759 1990 defensaberimus,
1783 1908 1818 1972 et
1842 1909 2028 1978 retornare
2053 1929 2117 1980 seu

269 2057 451 2123 remobere
474 2052 555 2121 illut
577 2052 826 2138 quesierimus,
850 2054 916 2118 aut
939 2049 1107 2118 forsitans
1131 2049 1230 2117 vobis
1245 2050 1302 2118 vel
1316 2049 1448 2120 exinde
1463 2056 1547 2121 ante
1564 2053 1633 2140 ipsi
1650 2056 1846 2142 supradicti
1871 2065 2006 2148 septem
2023 2066 2112 2134 anni

272 2206 405 2294 aliquit
427 2204 550 2274 tollere
574 2209 638 2274 aut
660 2209 825 2272 contrare
848 2203 1106 2289 quesierimus,
1130 2207 1165 2271 et
1187 2203 1432 2290 quodcumque
1455 2206 1676 2274 causationis
1700 2209 1872 2279 adbersus
1896 2216 1957 2282 bos
1981 2215 2114 2286 exinde

269 2361 497 2430 omiserimus
519 2378 583 2446 per
605 2375 667 2424 vos
688 2357 793 2444 ipsos,
818 2358 883 2426 aut
898 2372 961 2440 per
977 2354 1203 2424 summissam
1225 2360 1392 2443 vestram,
1410 2356 1488 2424 ideo
1503 2362 1587 2426 ante
1606 2360 1729 2471 omnia
1744 2367 1779 2429 et
1793 2379 1856 2448 per
1876 2383 2003 2434 vonam
2020 2386 2114 2436 com-

269 2514 490 2584 benientiam
513 2513 632 2600 obligo
655 2529 712 2579 me
734 2511 795 2598 qui
820 2510 1046 2598 supradictus
1070 2511 1225 2578 iohanne
1248 2509 1382 2576 domini
1406 2507 1528 2595 gratia
1551 2511 1687 2596 abbas,
1720 2517 1756 2581 et
1778 2519 1912 2585 nostris
1934 2537 2117 2591 successo·

268 2669 385 2755 ribus,
408 2674 445 2735 et
465 2685 548 2752 pars
571 2665 682 2733 nostri
706 2662 925 2749 monasterii,
949 2679 1157 2748 componere
1180 2662 1245 2730 tivi
1268 2662 1391 2750 georgi
1416 2669 1452 2732 et
1474 2663 1520 2732 ad
1543 2664 1616 2733 tuis
1639 2667 1814 2755 eredibus,
1839 2675 1874 2738 at
1897 2672 1955 2739 cui
1979 2675 2115 2765 scripto

270 2823 337 2892 isto
360 2823 439 2890 bice
462 2823 584 2890 vestra
606 2819 646 2886 in
669 2835 780 2886 manu
803 2819 985 2905 paruerit,
1008 2817 1273 2904 quinquaginta
1303 2817 1405 2885 aurei
1436 2815 1540 2885 solidi
1562 2821 1795 2888 constantini.
1821 2825 1924 2910 Nam,
1949 2826 1978 2892 si
2003 2827 2046 2896 de
2069 2851 2113 2901 ac

167 2994 170 2998 ·
267 2981 369 3047 terra
391 2975 495 3045 exire
517 2971 722 3058 bolueritis,
748 2973 859 3038 totum
881 2976 917 3040 et
939 2989 962 3039 a
984 2970 1144 3038 funditus
1167 2971 1246 3057 ipsa
1268 2970 1429 3057 predicta
1451 2973 1558 3040 rebus
1581 2974 1716 3060 absque
1739 2977 1853 3062 pretio
1883 2983 2043 3052 rebertat
2069 2987 2115 3054 ad

267 3149 354 3218 pars
369 3129 483 3198 nostri
498 3126 720 3214 monasterii,
735 3127 883 3213 excepto
895 3123 972 3210 ipsa
984 3123 1143 3210 mobilia,
1160 3122 1344 3192 licentiam
1358 3125 1495 3193 abeatis
1511 3126 1641 3195 exinde
1658 3128 1781 3198 tollere
1797 3135 1833 3200 et
1849 3133 1966 3205 facere
1983 3140 2115 3210 exinde

269 3303 338 3372 que
362 3282 561 3352 bolucritis:
586 3285 704 3369 preter
727 3279 804 3365 ipso
819 3279 997 3367 palmento
1011 3283 1047 3346 et
1063 3277 1140 3364 ipsa
1156 3294 1241 3344 casa
1256 3274 1468 3363 relinquatis
1484 3277 1523 3342 in
1539 3283 1659 3348 nostro
1674 3287 1903 3372 monasterio;
1921 3292 1956 3357 et
1971 3294 2115 3376 quando

267 3453 328 3503 vos
350 3435 406 3504 vel
431 3435 561 3503 vestris
584 3433 749 3502 eredibus
765 3433 804 3500 in
820 3449 862 3500 ac
878 3434 975 3500 terra
998 3428 1133 3498 rebersi
1155 3428 1309 3516 fueritis,
1326 3448 1407 3497 cum
1430 3430 1536 3516 quale
1560 3431 1743 3502 edificium
1758 3436 1841 3506 illut
1857 3458 1969 3527 usque
1986 3445 2026 3512 in
2043 3451 2117 3517 tres

264 3591 353 3661 anni
379 3588 614 3674 inueneritiS,
637 3589 768 3670 iterum
798 3584 880 3652 illut
902 3581 1119 3670 recolligatis
1143 3589 1179 3650 et
1201 3583 1374 3670 teneatis,
1398 3585 1492 3652 sicut
1514 3586 1680 3672 superius
1710 3588 1846 3658 dictum
1874 3599 1949 3682 est;
1976 3604 2115 3669 namsi

265 3763 380 3832 supra
403 3747 475 3810 tres
499 3740 587 3810 anni
604 3739 777 3808 steteritis
800 3739 897 3806 etin
920 3737 991 3805 ista
1014 3741 1113 3807 terra
1136 3753 1207 3803 non
1232 3737 1437 3824 parueritis,
1463 3736 1540 3823 ipsa
1563 3739 1721 3824 predicta
1744 3745 1850 3812 rebus
1877 3748 1925 3815 sit
1952 3750 1993 3816 in
2016 3759 2117 3837 pote-

264 3903 359 3968 state
382 3895 534 3984 predicti
557 3893 779 3978 monasterii;
804 3893 898 3960 unde
913 3889 1048 3978 guadia
1064 3889 1129 3957 tivi
1145 3891 1269 3977 georgi
1284 3891 1372 3960 dare
1387 3892 1533 3961 fecimus
1551 3893 1667 3980 ipsum
1690 3900 1853 3966 nostrum
1878 3906 2114 3996 prepositum,

264 4061 301 4124 et
325 4053 558 4122 mediatorem
581 4049 711 4118 exinde
733 4047 798 4114 tivi
822 4047 947 4134 georgi
970 4045 1055 4114 dare
1079 4045 1224 4113 fecimus
1247 4046 1363 4132 ipsum
1386 4047 1581 4135 predictum
1605 4054 1787 4139 nostrum,
1815 4061 1851 4124 et
1880 4059 2112 4132 mediatorem

264 4205 399 4276 exinde
422 4205 489 4272 tivi
513 4201 696 4290 posuimus
719 4199 815 4286 sergi
839 4197 1037 4266 surrentini
1053 4197 1165 4266 filium
1181 4198 1330 4268 iohanni
1355 4199 1568 4290 surrentini,
1585 4206 1621 4271 et
1636 4224 1699 4292 per
1716 4225 1857 4276 omnem
1872 4230 2007 4282 annum
2022 4215 2117 4286 detis
2199 4193 2205 4204 ⁸

262 4360 310 4429 ad
334 4377 418 4446 pars
441 4355 553 4426 nostri
581 4354 789 4424 monasterii
813 4353 984 4422 terratico
1007 4351 1183 4439 quadtuor
1207 4353 1358 4424 modiola
1381 4355 1423 4422 de
1447 4375 1561 4442 grano
1578 4363 1698 4428 etuno
1713 4363 1786 4432 tari
1802 4364 1899 4451 dato,
1915 4371 1952 4435 et
1967 4370 2117 4439 serbitio

263 4513 409 4582 faciatis
433 4513 472 4579 in
496 4513 617 4579 nostro
639 4505 869 4593 monasterio,
892 4505 984 4572 sicut
1006 4523 1143 4592 semper
1167 4504 1224 4574 usi
1247 4506 1366 4575 fuistis
1389 4509 1526 4598 facere,
1550 4518 1586 4582 et
1611 4514 1733 4584 taliter
1758 4518 1885 4606 scripsi
1910 4539 1976 4608 ego
2000 4523 2119 4592 roffrit

263 4665 443 4753 presbiter
466 4666 502 4731 et
524 4664 701 4749 notarius,
725 4664 826 4731 actus
849 4659 1007 4746 iucanie,
1032 4660 1094 4746 qui
1117 4659 1280 4729 interfui.

317 4791 349 4908 †
375 4835 441 4907 ego
465 4816 569 4886 disiio
591 4817 768 4904 presbiter

314 4943 346 5058 †
372 4987 438 5060 ego
462 4969 635 5040 iohannes
660 4968 868 5037 cusentinus
891 4971 1012 5037 testea.
