5318 7102
931 597 1112 670 REGUM
1146 596 1473 670 rnnucuuuu

961 952 1269 1042 PIPINUS
1312 951 1462 1040 REX

283 1299 417 1374 lncrrrr
444 1315 616 1370 carrruua
640 1315 748 1370 rrrrur
774 1313 1083 1370 sxeuuunurrssrur
1110 1313 1214 1371 neers
1240 1296 1276 1390 ¹).

284 1458 330 1534 Ut
355 1456 525 1532 aecclesia
543 1457 786 1554 baptismales,
815 1481 878 1529 seu
903 1457 1061 1531 oraculas
1086 1459 1124 1554 ¹),
1153 1463 1192 1530 ut
1208 1455 1276 1550 ·qui
1303 1479 1343 1530 ea
1369 1482 1387 1530 a
1412 1455 1517 1550 longo
1542 1463 1698 1552 tempore
1729 1463 2036 1543 restauraverunt,
2064 1480 2143 1532 mox

332 1619 458 1692 iterum
489 1626 684 1691 restaurare
716 1618 876 1707 debeant,
904 1626 938 1690 et
963 1625 1033 1690 tam
1067 1619 1177 1691 curtis
1210 1615 1305 1712 regia
1331 1639 1433 1711 quam
1460 1624 1495 1690 et
1519 1615 1764 1711 langobardos,
1792 1615 1897 1690 talem
1924 1615 1971 1688 ibi
1996 1614 2144 1690 habeant

334 1777 583 1862 dominatione,
612 1776 749 1869 qualem
775 1775 960 1847 illorum'a
985 1775 1088 1871 longo
1113 1783 1267 1872 tempore
1293 1777 1359 1848 luit
1385 1778 1601 1850 consuetudo
1616 1779 1656 1872 ⁸).

279 1936 325 2010 Ut
350 1934 532 2032 pontifices
558 1935 695 2008 ordinet
720 1943 754 2007 et
779 1935 938 2031 disponat
964 1935 1203 2030 unusquisque
1231 1957 1310 2007 suas
1336 1933 1524 2007 aecclesias
1550 1935 1719 2008 canonico
1746 1935 1867 2008 ordine
1895 1945 1929 2010 et
1947 1936 2146 2010 sacerdotes

293 2169 295 2172 .
327 2097 383 2169 uel
410 2097 543 2169 claeros
568 2095 809 2190 constringant
835 2095 1002 2168 canonice
1028 2094 1177 2166 hivendo
1204 2094 1338 2182 ordine,
1367 2103 1402 2167 et
1427 2091 1456 2166 si
1476 2093 1555 2188 quis
1573 2092 1727 2191 pontifex
1744 2094 1858 2168 cleros
1876 2119 1958 2168 suos
1975 2096 2145 2169 canonice

332 2256 454 2328 ordine
481 2256 690 2350 distringere
716 2255 878 2341 uoluerit,
906 2264 942 2327 et
966 2253 1008 2326 ad
1034 2253 1228 2326 secularem
1252 2255 1277 2347 ⁸)
1304 2254 1509 2349 pertraxerit
1533 2252 1710 2342 habitum,
1738 2255 1829 2348 quod
1856 2277 2006 2329 canones
2032 2257 2147 2332 cleros

331 2415 445 2486 lacere
472 2416 642 2511 prohibet,
671 2438 789 2488 comes
816 2412 874 2507 qui
902 2415 938 2485 in
964 2414 1042 2486 loco
1069 2413 1201 2486 luerint
1227 2386 1418 2500 ordinatus,
1452 2411 1593 2510 drgatur
1620 2413 1699 2487 illos
1727 2413 1761 2485 in
1789 2415 1951 2488 omnibus
1978 2417 2021 2488 ad
2047 2439 2146 2490 suam

330 2583 474 2668 partem,
503 2575 594 2647 sicut
619 2583 654 2646 et
679 2574 738 2646 alii
765 2574 970 2647 exercitales
996 2568 1035 2670 ³).

282 2736 494 2811 ltlonasteria
520 2738 674 2811 uirorum
701 2745 735 2810 et
761 2737 970 2834 puellarum,
1000 2751 1070 2811 tam
1097 2739 1154 2834 qui
1181 2738 1217 2808 in
1245 2737 1388 2810 mundio
1414 2735 1531 2832 palatii
1558 2760 1635 2810 esse
1662 2747 1868 2826 noscuntur,
1897 2740 1952 2811 uel
1978 2741 2082 2812 etiam
2108 2740 2145 2814 in

260 2995 262 3000 Ι
325 2899 428 2970 domo
454 2897 679 2993 episcopales,
709 2921 771 2970 seu
798 2907 832 2970 et
858 2899 900 2969 de
918 2898 1064 2992 reliquis
1081 2895 1280 2970 hominibus
1298 2919 1374 2968 esse
1392 2895 1570 2968 inuenitur
1589 2897 1844 2991 unusquisque,
1865 2897 1901 2968 in
1924 2899 2025 2971 cuius
2043 2922 2145 2971 mun-

331 3059 428 3130 dium
455 3071 548 3145 sum,
576 3067 614 3132 ut
640 3059 845 3154 regulariter
870 3059 1000 3132 vibant.
1030 3057 1143 3131 Simul
1169 3065 1204 3129 et
1229 3055 1444 3142 sinodochia,
1465 3055 1654 3130 cuiuslibet
1672 3056 1812 3132 lrancos
1838 3059 1873 3129 in
1901 3057 2064 3132 omnibus
2090 3081 2146 3154 pa·

334 3227 475 3292 scantur
501 3220 591 3292 iusta
617 3219 757 3293 illorum
783 3219 1049 3314 possivilitatem
1076 3198 1117 3315 ⁸).

282 3379 328 3452 Ut
353 3379 395 3450 de
422 3379 673 3452 restauratione
699 3378 941 3466 ecclesiarum,
970 3379 1026 3450 uel
1052 3387 1154 3474 ponte
1182 3376 1396 3464 laciendum,
1425 3377 1492 3449 Aut
1518 3383 1622 3449 strata
1649 3377 1909 3450 restaurandam
1927 3381 2069 3455 omnino
2088 3405 2148 3478 ge·

297 3739 737 3750 ————

332 4017 355 4097 ¹)
377 4017 501 4090 Questa
524 4015 660 4076 rubrica
683 4033 748 4076 non
772 4016 800 4076 si
823 4015 919 4094 legge
943 4014 999 4076 nel
1021 4013 1192 4087 Muratori,
1225 4013 1281 4076 nel
1311 4012 1408 4092 quale
1433 4015 1443 4073 i
1467 4013 1645 4094 Capitolari
1674 3992 1707 4074 di
1730 4013 1848 4094 Pipino
1881 4029 1960 4074 sono
1990 4011 2145 4092 stampati

286 4160 377 4224 nella
400 4161 501 4222 citata
524 4179 625 4242 opera
649 4160 736 4222 dalla
758 4179 832 4242 pag.
857 4161 920 4224 118
943 4160 1008 4221 alla
1030 4178 1103 4242 pag.
1128 4159 1202 4223 125.

326 4307 352 4387 ²)
376 4329 390 4364 a
414 4306 483 4368 Hoc
505 4313 551 4368 est
573 4307 809 4371 Parioclriales.
834 4306 974 4372 oracula
994 4326 1083 4380 vero,
1107 4308 1176 4368 sive
1200 4305 1365 4377 Oratoria,
1396 4304 1496 4366 AEdes
1518 4323 1651 4376 sacrae,
1669 4303 1746 4382 jure
1768 4302 1962 4366 Paroalaiali
1984 4310 2143 4378 carolites,

288 4475 302 4512 a
334 4452 626 4532 acceptorumque
648 4454 686 4512 ia
706 4453 812 4532 fando
834 4471 891 4515 sao
913 4452 1082 4532 Magnetes
1104 4458 1264 4514 aestruere
1287 4456 1524 4514 consueverant
1547 4473 1576 4511 u.
1600 4451 1696 4531 (Mur.
1720 4467 1794 4531 pag.
1819 4451 1881 4514 118
1901 4451 1986 4513 Nota
2005 4449 2048 4532 2).

330 4597 354 4678 ⁸)
374 4598 458 4659 Mur.
483 4597 626 4677 Pippiai
646 4597 769 4660 ltaliae
789 4553 893 4678 Regis
908 4597 1006 4678 Leges
1027 4597 1069 4659 N.
1092 4599 1124 4660 ’1.

326 4747 351 4828 ⁸)
372 4749 438 4811 Per
460 4747 491 4806 la
514 4748 667 4825 migliore
692 4747 907 4824 intelligente
929 4746 962 4808 di
984 4755 1102 4826 questo
1124 4746 1221 4826 luogo
1244 4749 1437 4829 riportiamo
1460 4748 1484 4809 il
1507 4753 1593 4810 testo
1614 4748 1850 4822 Muratoriano,
1874 4749 1932 4829 pitu
1954 4747 1985 4810 la
1999 4748 2083 4810 Nota
2097 4750 2139 4829 3),

286 4894 348 4958 che
372 4895 404 4956 to
427 4894 570 4956 illustra.
594 4893 635 4957 Et
654 4894 684 4958 si
706 4893 779 4974 quis
801 4893 949 4960 Pontifex
970 4895 1113 4961 elericos
1135 4915 1212 4964 suos
1234 4897 1389 4965 canonico
1410 4899 1525 4964 ordine
1546 4897 1749 4979 distringere
1771 4897 1939 4975 valuerit,
1971 4899 2144 4966 anathema

285 5041 339 5107 sit.
363 5041 404 5106 nt
424 5041 453 5106 si
475 5043 527 5110 illi
549 5043 591 5106 ad
613 5043 799 5110 secularem
803 5091 975 5107 .......
1001 5047 1111 5107 Testa.
1137 5068 1152 5104 «
1170 5045 1242 5109 Nora
1264 5053 1336 5109 erat
1357 5046 1512 5126 Pippiai,
1537 5047 1709 5126 Principis
1731 5047 1899 5119 secularis,
1924 5047 2146 5110 anathematis

285 5213 300 5249 a
321 5209 464 5270 poenam
484 5193 648 5264 indicare
671 5194 805 5272 ideaque
826 5191 924 5255 verba
945 5194 1023 5255 laceo
1046 5194 1168 5256 absona
1190 5213 1228 5256 aa
1249 5193 1399 5259 tollenda
1419 5197 1553 5275 quiaque
1573 5198 1731 5276 fateatur.
1756 5193 1798 5256 Et
1818 5213 1934 5257 reuera
1963 5194 2080 5256 absum
2102 5193 2143 5256 ab

285 5362 301 5398 «
324 5341 479 5402 Editioae
500 5339 639 5414 Balutii,
663 5347 694 5404 et
716 5362 738 5405 a
761 5341 933 5406 codicibus
956 5343 1066 5404 Estea.
1090 5347 1121 5403 et
1141 5341 1285 5404 Ambrae.
1308 5341 1366 5404 ubi
1388 5343 1527 5422 legitur:
1551 5339 1755 5421 &stringere
1775 5340 1924 5407 volucrit
1944 5343 1995 5422 (et
2017 5359 2141 5420 aequa-

285 5504 382 5565 euam
402 5484 561 5561 noluerit,
584 5493 621 5548 at
642 5489 733 5550 edita
754 5489 883 5570 lrabeat)
904 5495 940 5552 et
961 5486 1014 5551 illi
1035 5487 1219 5553 secularem
1233 5497 1292 5550 etc.
1310 5488 1351 5550 N.
1368 5485 1395 5548 ll
1419 5493 1531 5550 nostro
1554 5487 1675 5551 Codice
1698 5487 1813 5569 percio
1837 5488 2001 5552 concorda
2022 5487 2139 5569 piena·

287 5637 399 5694 mente
423 5633 612 5698 cuiCodici
635 5635 777 5696 Estense
802 5634 843 5697 ed
866 5634 1098 5698 Ambrosiano

329 5776 354 5858 ⁸)
375 5779 459 5840 Mur.
484 5779 525 5841 ΙΙ.

327 5925 351 6004 ⁸)
373 5925 435 5988 Nel
458 5927 615 5990 Muratori
638 5933 756 6007 questo
779 5926 965 6009 Capitolare
989 5929 1007 5988 d
1031 5927 1136 5991 diviso
1159 5929 1194 5990 in
1216 5928 1280 5992 due
1304 5931 1393 6014 leggi
1416 5931 1461 5996 111
1485 5951 1503 5996 e
1527 5932 1581 5993 IV.

480 6081 550 6135 Tora.
572 6093 608 6133 ru.
