<?xml version="1.0" encoding="UTF-8"?>
<!DOCTYPE html PUBLIC "-//W3C//DTD XHTML 1.0 Transitional//EN"
    "http://www.w3.org/TR/xhtml1/DTD/xhtml1-transitional.dtd">
<html xmlns="http://www.w3.org/1999/xhtml" xml:lang="en" lang="en">
 <head>
  <title>
</title>
<meta http-equiv="Content-Type" content="text/html;charset=utf-8" />
  <meta name='ocr-system' content='tesseract 3.04.00' />
  <meta name='ocr-capabilities' content='ocr_page ocr_carea ocr_par ocr_line ocrx_word'/>
</head>
<body>
  <div class='ocr_page' id='page_1' title='image "./codexdiplomatic05aragoog_0223.png"; bbox 0 0 5334 7098; ppageno 0'>
   <div class='ocr_carea' id='block_1_1' title="bbox 621 576 1730 656">
    <p class='ocr_par' dir='ltr' id='par_1_1' title="bbox 621 576 1730 656">
     <span class='ocr_line' id='line_1_1' title="bbox 621 576 1730 656; baseline -0.007 0"><span class='ocrx_word' id='word_1_1' title='bbox 621 585 688 656; x_wconf 73' lang='lat' dir='ltr'><strong>lta</strong></span> <span class='ocrx_word' id='word_1_2' title='bbox 1257 578 1431 652; x_wconf 76' lang='lat' dir='ltr'><strong>tonuit</strong></span> <span class='ocrx_word' id='word_1_3' title='bbox 1465 576 1730 648; x_wconf 73' lang='lat' dir='ltr'><strong>cavensis</strong></span> 
     </span>
    </p>
   </div>
   <div class='ocr_carea' id='block_1_2' title="bbox 567 801 2413 1350">
    <p class='ocr_par' dir='ltr' id='par_1_2' title="bbox 567 801 2413 1350">
     <span class='ocr_line' id='line_1_2' title="bbox 568 801 2413 895; baseline 0.001 -22"><span class='ocrx_word' id='word_1_4' title='bbox 568 806 677 893; x_wconf 84' lang='lat' dir='ltr'><strong>citur,</strong></span> <span class='ocrx_word' id='word_1_5' title='bbox 701 807 832 876; x_wconf 86' lang='lat' dir='ltr'><strong>finibus</strong></span> <span class='ocrx_word' id='word_1_6' title='bbox 855 807 1000 878; x_wconf 90' lang='lat' dir='ltr'><strong>nuoerie</strong></span> <span class='ocrx_word' id='word_1_7' title='bbox 1023 826 1086 895; x_wconf 89' lang='lat' dir='ltr'><strong>per</strong></span> <span class='ocrx_word' id='word_1_8' title='bbox 1108 809 1173 876; x_wconf 91' lang='lat' dir='ltr'><strong>heo</strong></span> <span class='ocrx_word' id='word_1_9' title='bbox 1195 804 1278 874; x_wconf 90' lang='lat' dir='ltr'><strong>dnis</strong></span> <span class='ocrx_word' id='word_1_10' title='bbox 1294 809 1329 872; x_wconf 89' lang='lat' dir='ltr'><strong>et</strong></span> <span class='ocrx_word' id='word_1_11' title='bbox 1344 801 1536 870; x_wconf 87' lang='lat' dir='ltr'><strong>mensurio:</strong></span> <span class='ocrx_word' id='word_1_12' title='bbox 1554 821 1577 868; x_wconf 87' lang='lat' dir='ltr'><strong>a</strong></span> <span class='ocrx_word' id='word_1_13' title='bbox 1592 821 1675 888; x_wconf 89' lang='lat' dir='ltr'><strong>pars</strong></span> <span class='ocrx_word' id='word_1_14' title='bbox 1699 801 1961 888; x_wconf 77' lang='lat' dir='ltr'><strong>septemtrionis</strong></span> <span class='ocrx_word' id='word_1_15' title='bbox 1986 802 2056 868; x_wconf 85' lang='lat' dir='ltr'><strong>fine</strong></span> <span class='ocrx_word' id='word_1_16' title='bbox 2074 801 2131 868; x_wconf 90' lang='lat' dir='ltr'><strong>via</strong></span> <span class='ocrx_word' id='word_1_17' title='bbox 2155 802 2312 888; x_wconf 85' lang='lat' dir='ltr'><strong>puplica,</strong></span> <span class='ocrx_word' id='word_1_18' title='bbox 2329 813 2413 875; x_wconf 86' lang='lat' dir='ltr'><strong>sunt</strong></span> 
     </span>
     <span class='ocr_line' id='line_1_3' title="bbox 568 950 2412 1048; baseline -0.001 -24"><span class='ocrx_word' id='word_1_19' title='bbox 568 956 651 1026; x_wconf 89' lang='lat' dir='ltr'><strong>inde</strong></span> <span class='ocrx_word' id='word_1_20' title='bbox 674 958 769 1045; x_wconf 89' lang='lat' dir='ltr'><strong>passi</strong></span> <span class='ocrx_word' id='word_1_21' title='bbox 793 959 1023 1048; x_wconf 85' lang='lat' dir='ltr'><strong>hootoaginta</strong></span> <span class='ocrx_word' id='word_1_22' title='bbox 1053 959 1230 1046; x_wconf 86' lang='lat' dir='ltr'><strong>quadtuor</strong></span> <span class='ocrx_word' id='word_1_23' title='bbox 1253 962 1289 1024; x_wconf 92' lang='lat' dir='ltr'><strong>et</strong></span> <span class='ocrx_word' id='word_1_24' title='bbox 1311 954 1486 1023; x_wconf 87' lang='lat' dir='ltr'><strong>medium:</strong></span> <span class='ocrx_word' id='word_1_25' title='bbox 1512 955 1558 1020; x_wconf 92' lang='lat' dir='ltr'><strong>ab</strong></span> <span class='ocrx_word' id='word_1_26' title='bbox 1582 952 1717 1020; x_wconf 89' lang='lat' dir='ltr'><strong>oriente</strong></span> <span class='ocrx_word' id='word_1_27' title='bbox 1750 951 1819 1019; x_wconf 88' lang='lat' dir='ltr'><strong>flne</strong></span> <span class='ocrx_word' id='word_1_28' title='bbox 1842 950 2006 1036; x_wconf 88' lang='lat' dir='ltr'><strong>illorum,</strong></span> <span class='ocrx_word' id='word_1_29' title='bbox 2034 951 2115 1018; x_wconf 92' lang='lat' dir='ltr'><strong>inde</strong></span> <span class='ocrx_word' id='word_1_30' title='bbox 2139 952 2235 1038; x_wconf 85' lang='lat' dir='ltr'><strong>passi</strong></span> <span class='ocrx_word' id='word_1_31' title='bbox 2258 955 2412 1040; x_wconf 85' lang='lat' dir='ltr'><strong>triginta</strong></span> 
     </span>
     <span class='ocr_line' id='line_1_4' title="bbox 567 1101 2413 1194; baseline -0.001 -19"><span class='ocrx_word' id='word_1_32' title='bbox 567 1109 763 1194; x_wconf 92' lang='lat' dir='ltr'><strong>quadtuor:</strong></span> <span class='ocrx_word' id='word_1_33' title='bbox 789 1131 812 1179; x_wconf 90' lang='lat' dir='ltr'><strong>a</strong></span> <span class='ocrx_word' id='word_1_34' title='bbox 834 1110 982 1178; x_wconf 92' lang='lat' dir='ltr'><strong>meridie</strong></span> <span class='ocrx_word' id='word_1_35' title='bbox 1013 1109 1179 1177; x_wconf 90' lang='lat' dir='ltr'><strong>similiter</strong></span> <span class='ocrx_word' id='word_1_36' title='bbox 1204 1111 1274 1177; x_wconf 84' lang='lat' dir='ltr'><strong>dne</strong></span> <span class='ocrx_word' id='word_1_37' title='bbox 1299 1107 1464 1194; x_wconf 91' lang='lat' dir='ltr'><strong>illorum,</strong></span> <span class='ocrx_word' id='word_1_38' title='bbox 1487 1112 1522 1176; x_wconf 92' lang='lat' dir='ltr'><strong>et</strong></span> <span class='ocrx_word' id='word_1_39' title='bbox 1546 1105 1628 1172; x_wconf 91' lang='lat' dir='ltr'><strong>inde</strong></span> <span class='ocrx_word' id='word_1_40' title='bbox 1651 1109 1734 1180; x_wconf 86' lang='lat' dir='ltr'><strong>sunt</strong></span> <span class='ocrx_word' id='word_1_41' title='bbox 1758 1103 1851 1190; x_wconf 92' lang='lat' dir='ltr'><strong>passi</strong></span> <span class='ocrx_word' id='word_1_42' title='bbox 1877 1101 2126 1190; x_wconf 81' lang='lat' dir='ltr'>septuaginta:</span> <span class='ocrx_word' id='word_1_43' title='bbox 2153 1105 2199 1172; x_wconf 91' lang='lat' dir='ltr'><strong>ab</strong></span> <span class='ocrx_word' id='word_1_44' title='bbox 2229 1105 2413 1174; x_wconf 85' lang='lat' dir='ltr'><strong>occidente</strong></span> 
     </span>
     <span class='ocr_line' id='line_1_5' title="bbox 567 1254 2413 1350; baseline -0.003 -21"><span class='ocrx_word' id='word_1_45' title='bbox 567 1260 734 1331; x_wconf 88' lang='lat' dir='ltr'><strong>similiter</strong></span> <span class='ocrx_word' id='word_1_46' title='bbox 757 1265 828 1332; x_wconf 88' lang='lat' dir='ltr'><strong>fine</strong></span> <span class='ocrx_word' id='word_1_47' title='bbox 851 1263 1008 1350; x_wconf 90' lang='lat' dir='ltr'><strong>illorum,</strong></span> <span class='ocrx_word' id='word_1_48' title='bbox 1031 1267 1116 1330; x_wconf 90' lang='lat' dir='ltr'><strong>sunt</strong></span> <span class='ocrx_word' id='word_1_49' title='bbox 1139 1262 1223 1330; x_wconf 89' lang='lat' dir='ltr'><strong>inde</strong></span> <span class='ocrx_word' id='word_1_50' title='bbox 1246 1263 1341 1349; x_wconf 89' lang='lat' dir='ltr'><strong>passi</strong></span> <span class='ocrx_word' id='word_1_51' title='bbox 1366 1261 1496 1347; x_wconf 91' lang='lat' dir='ltr'><strong>viginti</strong></span> <span class='ocrx_word' id='word_1_52' title='bbox 1514 1264 1662 1345; x_wconf 82' lang='lat' dir='ltr'><strong>septem,</strong></span> <span class='ocrx_word' id='word_1_53' title='bbox 1679 1257 1773 1324; x_wconf 85' lang='lat' dir='ltr'><strong>sieut</strong></span> <span class='ocrx_word' id='word_1_54' title='bbox 1790 1255 1872 1323; x_wconf 90' lang='lat' dir='ltr'><strong>inde</strong></span> <span class='ocrx_word' id='word_1_55' title='bbox 1898 1254 2009 1322; x_wconf 91' lang='lat' dir='ltr'><strong>limite</strong></span> <span class='ocrx_word' id='word_1_56' title='bbox 2032 1256 2215 1342; x_wconf 80' lang='lat' dir='ltr'>discernit,</span> <span class='ocrx_word' id='word_1_57' title='bbox 2241 1261 2353 1323; x_wconf 89' lang='lat' dir='ltr'><strong>totum</strong></span> <span class='ocrx_word' id='word_1_58' title='bbox 2369 1257 2413 1324; x_wconf 89' lang='lat' dir='ltr'><strong>ad</strong></span> 
     </span>
    </p>
   </div>
   <div class='ocr_carea' id='block_1_3' title="bbox 567 1407 2413 1501">
    <p class='ocr_par' dir='ltr' id='par_1_3' title="bbox 567 1407 2413 1501">
     <span class='ocr_line' id='line_1_6' title="bbox 567 1407 2413 1501; baseline -0.001 -24"><span class='ocrx_word' id='word_1_59' title='bbox 567 1412 659 1480; x_wconf 89' lang='lat' dir='ltr'><strong>iusto</strong></span> <span class='ocrx_word' id='word_1_60' title='bbox 681 1433 824 1499; x_wconf 85' lang='lat' dir='ltr'><strong>passum</strong></span> <span class='ocrx_word' id='word_1_61' title='bbox 848 1417 999 1501; x_wconf 79' lang='lat' dir='ltr'><strong>homini3</strong></span> <span class='ocrx_word' id='word_1_62' title='bbox 1024 1417 1088 1481; x_wconf 88' lang='lat' dir='ltr'><strong>hec</strong></span> <span class='ocrx_word' id='word_1_63' title='bbox 1112 1430 1195 1480; x_wconf 82' lang='lat' dir='ltr'><strong>vero</strong></span> <span class='ocrx_word' id='word_1_64' title='bbox 1218 1415 1325 1480; x_wconf 90' lang='lat' dir='ltr'><strong>rebus</strong></span> <span class='ocrx_word' id='word_1_65' title='bbox 1347 1430 1411 1498; x_wconf 92' lang='lat' dir='ltr'><strong>per</strong></span> <span class='ocrx_word' id='word_1_66' title='bbox 1435 1410 1602 1480; x_wconf 82' lang='lat' dir='ltr'><strong>iamdicta</strong></span> <span class='ocrx_word' id='word_1_67' title='bbox 1632 1407 1715 1475; x_wconf 85' lang='lat' dir='ltr'><strong>finis</strong></span> <span class='ocrx_word' id='word_1_68' title='bbox 1738 1411 1773 1474; x_wconf 93' lang='lat' dir='ltr'><strong>et</strong></span> <span class='ocrx_word' id='word_1_69' title='bbox 1797 1407 1977 1475; x_wconf 90' lang='lat' dir='ltr'><strong>mensurie</strong></span> <span class='ocrx_word' id='word_1_70' title='bbox 2001 1425 2083 1473; x_wconf 90' lang='lat' dir='ltr'><strong>cum</strong></span> <span class='ocrx_word' id='word_1_71' title='bbox 2113 1407 2234 1474; x_wconf 85' lang='lat' dir='ltr'><strong>omnia</strong></span> <span class='ocrx_word' id='word_1_72' title='bbox 2259 1407 2354 1477; x_wconf 84' lang='lat' dir='ltr'><strong>infra</strong></span> <span class='ocrx_word' id='word_1_73' title='bbox 2377 1427 2413 1476; x_wconf 91' lang='lat' dir='ltr'><strong>se</strong></span> 
     </span>
    </p>
   </div>
   <div class='ocr_carea' id='block_1_4' title="bbox 565 1559 2413 1653">
    <p class='ocr_par' dir='ltr' id='par_1_4' title="bbox 565 1559 2413 1653">
     <span class='ocr_line' id='line_1_7' title="bbox 565 1559 2413 1653; baseline -0.004 -20"><span class='ocrx_word' id='word_1_74' title='bbox 565 1567 767 1653; x_wconf 89' lang='lat' dir='ltr'><strong>abentibus,</strong></span> <span class='ocrx_word' id='word_1_75' title='bbox 792 1572 827 1634; x_wconf 92' lang='lat' dir='ltr'><strong>et</strong></span> <span class='ocrx_word' id='word_1_76' title='bbox 851 1585 932 1634; x_wconf 88' lang='lat' dir='ltr'><strong>eum</strong></span> <span class='ocrx_word' id='word_1_77' title='bbox 955 1569 1031 1634; x_wconf 89' lang='lat' dir='ltr'><strong>vioe</strong></span> <span class='ocrx_word' id='word_1_78' title='bbox 1053 1566 1096 1634; x_wconf 90' lang='lat' dir='ltr'><strong>de</strong></span> <span class='ocrx_word' id='word_1_79' title='bbox 1122 1563 1180 1632; x_wconf 93' lang='lat' dir='ltr'><strong>via</strong></span> <span class='ocrx_word' id='word_1_80' title='bbox 1204 1583 1282 1652; x_wconf 89' lang='lat' dir='ltr'><strong>sua,</strong></span> <span class='ocrx_word' id='word_1_81' title='bbox 1306 1564 1387 1632; x_wconf 92' lang='lat' dir='ltr'><strong>illut</strong></span> <span class='ocrx_word' id='word_1_82' title='bbox 1411 1565 1512 1631; x_wconf 89' lang='lat' dir='ltr'><strong>nobis</strong></span> <span class='ocrx_word' id='word_1_83' title='bbox 1535 1560 1603 1648; x_wconf 90' lang='lat' dir='ltr'><strong>ipsi</strong></span> <span class='ocrx_word' id='word_1_84' title='bbox 1629 1559 1803 1628; x_wconf 90' lang='lat' dir='ltr'><strong>nominati</strong></span> <span class='ocrx_word' id='word_1_85' title='bbox 1828 1559 1990 1644; x_wconf 83' lang='lat' dir='ltr'><strong>germani</strong></span> <span class='ocrx_word' id='word_1_86' title='bbox 2008 1560 2054 1627; x_wconf 92' lang='lat' dir='ltr'><strong>ad</strong></span> <span class='ocrx_word' id='word_1_87' title='bbox 2077 1559 2341 1645; x_wconf 88' lang='lat' dir='ltr'><strong>pastenandum</strong></span> <span class='ocrx_word' id='word_1_88' title='bbox 2356 1579 2413 1628; x_wconf 90' lang='lat' dir='ltr'><strong>ar-</strong></span> 
     </span>
    </p>
   </div>
   <div class='ocr_carea' id='block_1_5' title="bbox 525 1713 2415 5783">
    <p class='ocr_par' dir='ltr' id='par_1_5' title="bbox 525 1713 2415 5783">
     <span class='ocr_line' id='line_1_8' title="bbox 565 1713 2413 1805; baseline -0.001 -22"><span class='ocrx_word' id='word_1_89' title='bbox 565 1717 708 1784; x_wconf 92' lang='lat' dir='ltr'><strong>bustum</strong></span> <span class='ocrx_word' id='word_1_90' title='bbox 732 1718 970 1805; x_wconf 88' lang='lat' dir='ltr'><strong>tradiderunt,</strong></span> <span class='ocrx_word' id='word_1_91' title='bbox 995 1717 1059 1786; x_wconf 87' lang='lat' dir='ltr'><strong>tali</strong></span> <span class='ocrx_word' id='word_1_92' title='bbox 1085 1717 1221 1801; x_wconf 86' lang='lat' dir='ltr'><strong>ordine,</strong></span> <span class='ocrx_word' id='word_1_93' title='bbox 1248 1721 1287 1784; x_wconf 90' lang='lat' dir='ltr'><strong>nt</strong></span> <span class='ocrx_word' id='word_1_94' title='bbox 1309 1717 1433 1785; x_wconf 88' lang='lat' dir='ltr'><strong>amodo</strong></span> <span class='ocrx_word' id='word_1_95' title='bbox 1457 1719 1492 1782; x_wconf 89' lang='lat' dir='ltr'><strong>et</strong></span> <span class='ocrx_word' id='word_1_96' title='bbox 1514 1733 1652 1801; x_wconf 82' lang='lat' dir='ltr'><strong>semper</strong></span> <span class='ocrx_word' id='word_1_97' title='bbox 1675 1715 1771 1782; x_wconf 91' lang='lat' dir='ltr'><strong>omni</strong></span> <span class='ocrx_word' id='word_1_98' title='bbox 1795 1716 1951 1800; x_wconf 91' lang='lat' dir='ltr'><strong>tempore</strong></span> <span class='ocrx_word' id='word_1_99' title='bbox 1976 1713 2108 1781; x_wconf 87' lang='lat' dir='ltr'><strong>liceant</strong></span> <span class='ocrx_word' id='word_1_100' title='bbox 2134 1731 2197 1779; x_wconf 90' lang='lat' dir='ltr'><strong>nos</strong></span> <span class='ocrx_word' id='word_1_101' title='bbox 2221 1718 2257 1781; x_wconf 92' lang='lat' dir='ltr'><strong>et</strong></span> <span class='ocrx_word' id='word_1_102' title='bbox 2282 1717 2413 1784; x_wconf 90' lang='lat' dir='ltr'><strong>nostris</strong></span> 
     </span>
     <span class='ocr_line' id='line_1_9' title="bbox 567 1866 2415 1956; baseline -0.001 -19"><span class='ocrx_word' id='word_1_103' title='bbox 567 1870 761 1938; x_wconf 87' lang='lat' dir='ltr'><strong>heredibus</strong></span> <span class='ocrx_word' id='word_1_104' title='bbox 783 1890 842 1938; x_wconf 89' lang='lat' dir='ltr'><strong>eos</strong></span> <span class='ocrx_word' id='word_1_105' title='bbox 866 1873 1058 1938; x_wconf 90' lang='lat' dir='ltr'><strong>tenendum</strong></span> <span class='ocrx_word' id='word_1_106' title='bbox 1081 1876 1116 1938; x_wconf 90' lang='lat' dir='ltr'><strong>et</strong></span> <span class='ocrx_word' id='word_1_107' title='bbox 1139 1869 1410 1956; x_wconf 90' lang='lat' dir='ltr'><strong>dominandum,</strong></span> <span class='ocrx_word' id='word_1_108' title='bbox 1426 1873 1462 1937; x_wconf 94' lang='lat' dir='ltr'><strong>et</strong></span> <span class='ocrx_word' id='word_1_109' title='bbox 1479 1870 1575 1937; x_wconf 88' lang='lat' dir='ltr'><strong>fovee</strong></span> <span class='ocrx_word' id='word_1_110' title='bbox 1592 1875 1627 1937; x_wconf 89' lang='lat' dir='ltr'><strong>et</strong></span> <span class='ocrx_word' id='word_1_111' title='bbox 1643 1870 1757 1935; x_wconf 88' lang='lat' dir='ltr'><strong>omnis</strong></span> <span class='ocrx_word' id='word_1_112' title='bbox 1781 1873 1900 1935; x_wconf 90' lang='lat' dir='ltr'><strong>nostre</strong></span> <span class='ocrx_word' id='word_1_113' title='bbox 1918 1866 2090 1935; x_wconf 79' lang='lat' dir='ltr'><strong>utilitatis</strong></span> <span class='ocrx_word' id='word_1_114' title='bbox 2114 1867 2217 1936; x_wconf 85' lang='lat' dir='ltr'><strong>iuxta</strong></span> <span class='ocrx_word' id='word_1_115' title='bbox 2241 1870 2415 1936; x_wconf 89' lang='lat' dir='ltr'><strong>rationem</strong></span> 
     </span>
     <span class='ocr_line' id='line_1_10' title="bbox 562 2020 2414 2112; baseline 0 -23"><span class='ocrx_word' id='word_1_116' title='bbox 562 2023 693 2093; x_wconf 89' lang='lat' dir='ltr'><strong>ibidem</strong></span> <span class='ocrx_word' id='word_1_117' title='bbox 719 2024 911 2112; x_wconf 84' lang='lat' dir='ltr'><strong>faciamus,</strong></span> <span class='ocrx_word' id='word_1_118' title='bbox 934 2032 970 2094; x_wconf 91' lang='lat' dir='ltr'><strong>et</strong></span> <span class='ocrx_word' id='word_1_119' title='bbox 991 2043 1127 2112; x_wconf 86' lang='lat' dir='ltr'><strong>semper</strong></span> <span class='ocrx_word' id='word_1_120' title='bbox 1152 2023 1252 2091; x_wconf 92' lang='lat' dir='ltr'><strong>illum</strong></span> <span class='ocrx_word' id='word_1_121' title='bbox 1276 2043 1339 2110; x_wconf 89' lang='lat' dir='ltr'><strong>per</strong></span> <span class='ocrx_word' id='word_1_122' title='bbox 1363 2023 1549 2091; x_wconf 84' lang='lat' dir='ltr'><strong>circuitum</strong></span> <span class='ocrx_word' id='word_1_123' title='bbox 1573 2020 1779 2104; x_wconf 78' lang='lat' dir='ltr'><strong>cludamuS,</strong></span> <span class='ocrx_word' id='word_1_124' title='bbox 1804 2026 1839 2088; x_wconf 93' lang='lat' dir='ltr'><strong>et</strong></span> <span class='ocrx_word' id='word_1_125' title='bbox 1864 2021 2000 2086; x_wconf 88' lang='lat' dir='ltr'><strong>clusum</strong></span> <span class='ocrx_word' id='word_1_126' title='bbox 2023 2023 2213 2106; x_wconf 90' lang='lat' dir='ltr'><strong>abeamus,</strong></span> <span class='ocrx_word' id='word_1_127' title='bbox 2238 2027 2274 2089; x_wconf 91' lang='lat' dir='ltr'><strong>et</strong></span> <span class='ocrx_word' id='word_1_128' title='bbox 2298 2029 2414 2108; x_wconf 90' lang='lat' dir='ltr'><strong>paste-</strong></span> 
     </span>
     <span class='ocr_line' id='line_1_11' title="bbox 561 2173 2409 2260; baseline -0.001 -18"><span class='ocrx_word' id='word_1_129' title='bbox 561 2193 686 2242; x_wconf 88' lang='lat' dir='ltr'><strong>nemus</strong></span> <span class='ocrx_word' id='word_1_130' title='bbox 710 2176 792 2244; x_wconf 91' lang='lat' dir='ltr'><strong>illut</strong></span> <span class='ocrx_word' id='word_1_131' title='bbox 816 2179 962 2245; x_wconf 89' lang='lat' dir='ltr'><strong>arbores</strong></span> <span class='ocrx_word' id='word_1_132' title='bbox 985 2185 1020 2244; x_wconf 91' lang='lat' dir='ltr'><strong>et</strong></span> <span class='ocrx_word' id='word_1_133' title='bbox 1044 2177 1134 2244; x_wconf 91' lang='lat' dir='ltr'><strong>vites</strong></span> <span class='ocrx_word' id='word_1_134' title='bbox 1150 2176 1193 2243; x_wconf 90' lang='lat' dir='ltr'><strong>de</strong></span> <span class='ocrx_word' id='word_1_135' title='bbox 1209 2176 1300 2243; x_wconf 91' lang='lat' dir='ltr'><strong>bono</strong></span> <span class='ocrx_word' id='word_1_136' title='bbox 1324 2173 1456 2242; x_wconf 90' lang='lat' dir='ltr'><strong>vitineo</strong></span> <span class='ocrx_word' id='word_1_137' title='bbox 1478 2192 1541 2242; x_wconf 93' lang='lat' dir='ltr'><strong>seu</strong></span> <span class='ocrx_word' id='word_1_138' title='bbox 1556 2173 1749 2260; x_wconf 82' lang='lat' dir='ltr'><strong>pomiferis3</strong></span> <span class='ocrx_word' id='word_1_139' title='bbox 1767 2173 1817 2239; x_wconf 89' lang='lat' dir='ltr'><strong>sio</strong></span> <span class='ocrx_word' id='word_1_140' title='bbox 1834 2177 1969 2258; x_wconf 90' lang='lat' dir='ltr'><strong>tamen,</strong></span> <span class='ocrx_word' id='word_1_141' title='bbox 1987 2177 2026 2240; x_wconf 92' lang='lat' dir='ltr'><strong>ut</strong></span> <span class='ocrx_word' id='word_1_142' title='bbox 2043 2173 2087 2240; x_wconf 90' lang='lat' dir='ltr'><strong>ad</strong></span> <span class='ocrx_word' id='word_1_143' title='bbox 2104 2173 2266 2260; x_wconf 88' lang='lat' dir='ltr'><strong>completi</strong></span> <span class='ocrx_word' id='word_1_144' title='bbox 2285 2173 2409 2242; x_wconf 90' lang='lat' dir='ltr'><strong>amodo</strong></span> 
     </span>
     <span class='ocr_line' id='line_1_12' title="bbox 560 2327 2410 2414; baseline 0 -20"><span class='ocrx_word' id='word_1_145' title='bbox 560 2327 742 2396; x_wconf 84' lang='lat' dir='ltr'><strong>duodecim</strong></span> <span class='ocrx_word' id='word_1_146' title='bbox 767 2330 856 2398; x_wconf 85' lang='lat' dir='ltr'><strong>anni</strong></span> <span class='ocrx_word' id='word_1_147' title='bbox 879 2348 943 2396; x_wconf 91' lang='lat' dir='ltr'><strong>nos</strong></span> <span class='ocrx_word' id='word_1_148' title='bbox 960 2329 1014 2396; x_wconf 83' lang='lat' dir='ltr'><strong>vel</strong></span> <span class='ocrx_word' id='word_1_149' title='bbox 1031 2327 1164 2394; x_wconf 90' lang='lat' dir='ltr'><strong>nostris</strong></span> <span class='ocrx_word' id='word_1_150' title='bbox 1187 2327 1352 2394; x_wconf 90' lang='lat' dir='ltr'><strong>eredibus</strong></span> <span class='ocrx_word' id='word_1_151' title='bbox 1376 2327 1570 2394; x_wconf 79' lang='lat' dir='ltr'><strong>habeamus</strong></span> <span class='ocrx_word' id='word_1_152' title='bbox 1595 2327 1726 2394; x_wconf 89' lang='lat' dir='ltr'><strong>ibidem</strong></span> <span class='ocrx_word' id='word_1_153' title='bbox 1750 2328 1946 2414; x_wconf 81' lang='lat' dir='ltr'><strong>perlectum</strong></span> <span class='ocrx_word' id='word_1_154' title='bbox 1970 2329 2175 2411; x_wconf 86' lang='lat' dir='ltr'><strong>arbustum,</strong></span> <span class='ocrx_word' id='word_1_155' title='bbox 2194 2345 2254 2394; x_wconf 93' lang='lat' dir='ltr'><strong>seu</strong></span> <span class='ocrx_word' id='word_1_156' title='bbox 2280 2329 2410 2413; x_wconf 91' lang='lat' dir='ltr'><strong>pomis,</strong></span> 
     </span>
     <span class='ocr_line' id='line_1_13' title="bbox 558 2477 2410 2568; baseline 0.001 -22"><span class='ocrx_word' id='word_1_157' title='bbox 558 2481 692 2550; x_wconf 86' lang='lat' dir='ltr'><strong>facturn</strong></span> <span class='ocrx_word' id='word_1_158' title='bbox 716 2485 752 2550; x_wconf 90' lang='lat' dir='ltr'><strong>et</strong></span> <span class='ocrx_word' id='word_1_159' title='bbox 776 2487 962 2568; x_wconf 89' lang='lat' dir='ltr'><strong>operatum</strong></span> <span class='ocrx_word' id='word_1_160' title='bbox 985 2485 1021 2548; x_wconf 91' lang='lat' dir='ltr'><strong>et</strong></span> <span class='ocrx_word' id='word_1_161' title='bbox 1045 2482 1232 2566; x_wconf 88' lang='lat' dir='ltr'><strong>cultatum,</strong></span> <span class='ocrx_word' id='word_1_162' title='bbox 1257 2481 1348 2548; x_wconf 90' lang='lat' dir='ltr'><strong>sicut</strong></span> <span class='ocrx_word' id='word_1_163' title='bbox 1365 2481 1407 2546; x_wconf 93' lang='lat' dir='ltr'><strong>de</strong></span> <span class='ocrx_word' id='word_1_164' title='bbox 1424 2485 1542 2547; x_wconf 90' lang='lat' dir='ltr'><strong>tantos</strong></span> <span class='ocrx_word' id='word_1_165' title='bbox 1559 2496 1673 2546; x_wconf 90' lang='lat' dir='ltr'><strong>annos</strong></span> <span class='ocrx_word' id='word_1_166' title='bbox 1697 2477 1794 2544; x_wconf 87' lang='lat' dir='ltr'><strong>locus</strong></span> <span class='ocrx_word' id='word_1_167' title='bbox 1811 2478 1886 2564; x_wconf 92' lang='lat' dir='ltr'><strong>ipse</strong></span> <span class='ocrx_word' id='word_1_168' title='bbox 1902 2480 2088 2564; x_wconf 89' lang='lat' dir='ltr'><strong>meruerit,</strong></span> <span class='ocrx_word' id='word_1_169' title='bbox 2105 2481 2139 2546; x_wconf 88' lang='lat' dir='ltr'><strong>et</strong></span> <span class='ocrx_word' id='word_1_170' title='bbox 2157 2477 2227 2547; x_wconf 89' lang='lat' dir='ltr'><strong>iam</strong></span> <span class='ocrx_word' id='word_1_171' title='bbox 2245 2480 2283 2544; x_wconf 90' lang='lat' dir='ltr'><strong>in</strong></span> <span class='ocrx_word' id='word_1_172' title='bbox 2301 2485 2410 2548; x_wconf 89' lang='lat' dir='ltr'><strong>antea</strong></span> 
     </span>
     <span class='ocr_line' id='line_1_14' title="bbox 558 2632 2409 2719; baseline 0.002 -21"><span class='ocrx_word' id='word_1_173' title='bbox 558 2632 655 2700; x_wconf 91' lang='lat' dir='ltr'><strong>omni</strong></span> <span class='ocrx_word' id='word_1_174' title='bbox 680 2638 835 2719; x_wconf 89' lang='lat' dir='ltr'><strong>tempore</strong></span> <span class='ocrx_word' id='word_1_175' title='bbox 856 2634 941 2701; x_wconf 88' lang='lat' dir='ltr'><strong>illut</strong></span> <span class='ocrx_word' id='word_1_176' title='bbox 965 2635 1164 2702; x_wconf 91' lang='lat' dir='ltr'><strong>lavoremus</strong></span> <span class='ocrx_word' id='word_1_177' title='bbox 1188 2639 1224 2700; x_wconf 92' lang='lat' dir='ltr'><strong>et</strong></span> <span class='ocrx_word' id='word_1_178' title='bbox 1247 2635 1442 2716; x_wconf 87' lang='lat' dir='ltr'><strong>cultemus,</strong></span> <span class='ocrx_word' id='word_1_179' title='bbox 1468 2639 1504 2701; x_wconf 90' lang='lat' dir='ltr'><strong>et</strong></span> <span class='ocrx_word' id='word_1_180' title='bbox 1526 2633 1662 2699; x_wconf 86' lang='lat' dir='ltr'><strong>clusum</strong></span> <span class='ocrx_word' id='word_1_181' title='bbox 1687 2635 1869 2718; x_wconf 90' lang='lat' dir='ltr'><strong>abeamus,</strong></span> <span class='ocrx_word' id='word_1_182' title='bbox 1888 2638 1922 2699; x_wconf 93' lang='lat' dir='ltr'><strong>et</strong></span> <span class='ocrx_word' id='word_1_183' title='bbox 1937 2632 2127 2718; x_wconf 89' lang='lat' dir='ltr'><strong>vigilemus</strong></span> <span class='ocrx_word' id='word_1_184' title='bbox 2150 2639 2186 2700; x_wconf 88' lang='lat' dir='ltr'><strong>et</strong></span> <span class='ocrx_word' id='word_1_185' title='bbox 2211 2634 2409 2704; x_wconf 88' lang='lat' dir='ltr'><strong>vindemie-</strong></span> 
     </span>
     <span class='ocr_line' id='line_1_15' title="bbox 525 2771 2409 2876; baseline 0.001 -22"><span class='ocrx_word' id='word_1_186' title='bbox 525 2771 530 2782; x_wconf 76' lang='grc'><strong>’</strong></span> <span class='ocrx_word' id='word_1_187' title='bbox 560 2807 651 2874; x_wconf 92' lang='lat' dir='ltr'><strong>mus,</strong></span> <span class='ocrx_word' id='word_1_188' title='bbox 677 2789 770 2857; x_wconf 89' lang='lat' dir='ltr'><strong>siout</strong></span> <span class='ocrx_word' id='word_1_189' title='bbox 795 2790 892 2857; x_wconf 88' lang='lat' dir='ltr'><strong>locus</strong></span> <span class='ocrx_word' id='word_1_190' title='bbox 909 2790 983 2876; x_wconf 91' lang='lat' dir='ltr'><strong>ipse</strong></span> <span class='ocrx_word' id='word_1_191' title='bbox 1000 2789 1183 2874; x_wconf 89' lang='lat' dir='ltr'><strong>meruerit,</strong></span> <span class='ocrx_word' id='word_1_192' title='bbox 1201 2793 1239 2855; x_wconf 92' lang='lat' dir='ltr'><strong>ut</strong></span> <span class='ocrx_word' id='word_1_193' title='bbox 1256 2791 1344 2856; x_wconf 89' lang='lat' dir='ltr'><strong>bene</strong></span> <span class='ocrx_word' id='word_1_194' title='bbox 1361 2786 1492 2873; x_wconf 88' lang='lat' dir='ltr'><strong>paread</strong></span> <span class='ocrx_word' id='word_1_195' title='bbox 1516 2787 1716 2853; x_wconf 89' lang='lat' dir='ltr'><strong>lavoratum</strong></span> <span class='ocrx_word' id='word_1_196' title='bbox 1732 2787 1768 2851; x_wconf 89' lang='lat' dir='ltr'><strong>et</strong></span> <span class='ocrx_word' id='word_1_197' title='bbox 1783 2784 1959 2853; x_wconf 88' lang='lat' dir='ltr'><strong>cultatum</strong></span> <span class='ocrx_word' id='word_1_198' title='bbox 1974 2786 2017 2853; x_wconf 93' lang='lat' dir='ltr'><strong>de</strong></span> <span class='ocrx_word' id='word_1_199' title='bbox 2033 2804 2139 2872; x_wconf 88' lang='lat' dir='ltr'><strong>super</strong></span> <span class='ocrx_word' id='word_1_200' title='bbox 2161 2793 2197 2854; x_wconf 88' lang='lat' dir='ltr'><strong>et</strong></span> <span class='ocrx_word' id='word_1_201' title='bbox 2212 2787 2255 2854; x_wconf 90' lang='lat' dir='ltr'><strong>de</strong></span> <span class='ocrx_word' id='word_1_202' title='bbox 2271 2795 2409 2875; x_wconf 86' lang='lat' dir='ltr'><strong>suptus,</strong></span> 
     </span>
     <span class='ocr_line' id='line_1_16' title="bbox 558 2937 2410 3030; baseline 0.001 -24"><span class='ocrx_word' id='word_1_203' title='bbox 558 2947 736 3025; x_wconf 88' lang='lat' dir='ltr'><strong>quatenus</strong></span> <span class='ocrx_word' id='word_1_204' title='bbox 759 2943 927 3028; x_wconf 83' lang='lat' dir='ltr'><strong>proficiad</strong></span> <span class='ocrx_word' id='word_1_205' title='bbox 951 2949 987 3011; x_wconf 91' lang='lat' dir='ltr'><strong>et</strong></span> <span class='ocrx_word' id='word_1_206' title='bbox 1010 2961 1081 3009; x_wconf 89' lang='lat' dir='ltr'><strong>non</strong></span> <span class='ocrx_word' id='word_1_207' title='bbox 1105 2941 1303 3030; x_wconf 89' lang='lat' dir='ltr'><strong>disperead;</strong></span> <span class='ocrx_word' id='word_1_208' title='bbox 1320 2947 1355 3008; x_wconf 92' lang='lat' dir='ltr'><strong>et</strong></span> <span class='ocrx_word' id='word_1_209' title='bbox 1370 2945 1543 3028; x_wconf 90' lang='lat' dir='ltr'><strong>quantum</strong></span> <span class='ocrx_word' id='word_1_210' title='bbox 1567 2939 1689 3006; x_wconf 84' lang='lat' dir='ltr'><strong>vinum</strong></span> <span class='ocrx_word' id='word_1_211' title='bbox 1714 2939 1768 3004; x_wconf 88' lang='lat' dir='ltr'><strong>vel</strong></span> <span class='ocrx_word' id='word_1_212' title='bbox 1792 2937 1954 3023; x_wconf 83' lang='lat' dir='ltr'><strong>quicquit</strong></span> <span class='ocrx_word' id='word_1_213' title='bbox 1971 2938 2091 3024; x_wconf 79' lang='lat' dir='ltr'><strong>fruges</strong></span> <span class='ocrx_word' id='word_1_214' title='bbox 2105 2945 2140 3005; x_wconf 90' lang='lat' dir='ltr'><strong>et</strong></span> <span class='ocrx_word' id='word_1_215' title='bbox 2156 2941 2295 3008; x_wconf 88' lang='lat' dir='ltr'><strong>lavores</strong></span> <span class='ocrx_word' id='word_1_216' title='bbox 2311 2961 2410 3009; x_wconf 93' lang='lat' dir='ltr'><strong>amo-</strong></span> 
     </span>
     <span class='ocr_line' id='line_1_17' title="bbox 557 3091 2410 3181; baseline 0.002 -21"><span class='ocrx_word' id='word_1_217' title='bbox 557 3091 602 3160; x_wconf 91' lang='lat' dir='ltr'><strong>do</strong></span> <span class='ocrx_word' id='word_1_218' title='bbox 625 3111 737 3181; x_wconf 91' lang='lat' dir='ltr'><strong>usque</strong></span> <span class='ocrx_word' id='word_1_219' title='bbox 760 3098 863 3162; x_wconf 90' lang='lat' dir='ltr'><strong>hooto</strong></span> <span class='ocrx_word' id='word_1_220' title='bbox 887 3096 974 3163; x_wconf 87' lang='lat' dir='ltr'><strong>anni</strong></span> <span class='ocrx_word' id='word_1_221' title='bbox 999 3097 1080 3163; x_wconf 92' lang='lat' dir='ltr'><strong>inde</strong></span> <span class='ocrx_word' id='word_1_222' title='bbox 1103 3094 1249 3181; x_wconf 81' lang='lat' dir='ltr'><strong>exierit,</strong></span> <span class='ocrx_word' id='word_1_223' title='bbox 1273 3099 1386 3162; x_wconf 88' lang='lat' dir='ltr'><strong>totum</strong></span> <span class='ocrx_word' id='word_1_224' title='bbox 1412 3093 1491 3160; x_wconf 93' lang='lat' dir='ltr'><strong>illut</strong></span> <span class='ocrx_word' id='word_1_225' title='bbox 1515 3095 1617 3161; x_wconf 89' lang='lat' dir='ltr'><strong>nobis</strong></span> <span class='ocrx_word' id='word_1_226' title='bbox 1641 3095 1810 3161; x_wconf 87' lang='lat' dir='ltr'><strong>abeamus</strong></span> <span class='ocrx_word' id='word_1_227' title='bbox 1833 3109 1897 3158; x_wconf 90' lang='lat' dir='ltr'><strong>nos</strong></span> <span class='ocrx_word' id='word_1_228' title='bbox 1920 3097 1955 3160; x_wconf 90' lang='lat' dir='ltr'><strong>et</strong></span> <span class='ocrx_word' id='word_1_229' title='bbox 1980 3093 2110 3160; x_wconf 89' lang='lat' dir='ltr'><strong>nostris</strong></span> <span class='ocrx_word' id='word_1_230' title='bbox 2136 3095 2348 3180; x_wconf 75' lang='lat' dir='ltr'><strong>heredibuS,</strong></span> <span class='ocrx_word' id='word_1_231' title='bbox 2373 3105 2410 3164; x_wconf 88' lang='lat' dir='ltr'><strong>et</strong></span> 
     </span>
     <span class='ocr_line' id='line_1_18' title="bbox 559 3243 2408 3333; baseline 0.002 -22"><span class='ocrx_word' id='word_1_232' title='bbox 559 3248 695 3315; x_wconf 91' lang='lat' dir='ltr'><strong>nullam</strong></span> <span class='ocrx_word' id='word_1_233' title='bbox 718 3249 907 3315; x_wconf 90' lang='lat' dir='ltr'><strong>sortionem</strong></span> <span class='ocrx_word' id='word_1_234' title='bbox 933 3249 1015 3316; x_wconf 92' lang='lat' dir='ltr'><strong>inde</strong></span> <span class='ocrx_word' id='word_1_235' title='bbox 1040 3248 1180 3316; x_wconf 89' lang='lat' dir='ltr'><strong>illorum</strong></span> <span class='ocrx_word' id='word_1_236' title='bbox 1204 3249 1344 3331; x_wconf 92' lang='lat' dir='ltr'><strong>demus,</strong></span> <span class='ocrx_word' id='word_1_237' title='bbox 1370 3251 1405 3313; x_wconf 89' lang='lat' dir='ltr'><strong>et</strong></span> <span class='ocrx_word' id='word_1_238' title='bbox 1428 3246 1474 3312; x_wconf 92' lang='lat' dir='ltr'><strong>da</strong></span> <span class='ocrx_word' id='word_1_239' title='bbox 1497 3243 1565 3330; x_wconf 89' lang='lat' dir='ltr'><strong>ipsi</strong></span> <span class='ocrx_word' id='word_1_240' title='bbox 1590 3248 1691 3312; x_wconf 88' lang='lat' dir='ltr'><strong>hocto</strong></span> <span class='ocrx_word' id='word_1_241' title='bbox 1715 3247 1803 3313; x_wconf 89' lang='lat' dir='ltr'><strong>anni</strong></span> <span class='ocrx_word' id='word_1_242' title='bbox 1827 3246 1866 3312; x_wconf 90' lang='lat' dir='ltr'><strong>in</strong></span> <span class='ocrx_word' id='word_1_243' title='bbox 1890 3253 1998 3314; x_wconf 88' lang='lat' dir='ltr'><strong>antea</strong></span> <span class='ocrx_word' id='word_1_244' title='bbox 2020 3248 2116 3312; x_wconf 91' lang='lat' dir='ltr'><strong>omni</strong></span> <span class='ocrx_word' id='word_1_245' title='bbox 2143 3251 2300 3333; x_wconf 89' lang='lat' dir='ltr'><strong>tempore</strong></span> <span class='ocrx_word' id='word_1_246' title='bbox 2325 3249 2408 3316; x_wconf 89' lang='lat' dir='ltr'><strong>inde</strong></span> 
     </span>
     <span class='ocr_line' id='line_1_19' title="bbox 561 3397 2408 3487; baseline 0.003 -23"><span class='ocrx_word' id='word_1_247' title='bbox 561 3400 696 3468; x_wconf 85' lang='lat' dir='ltr'><strong>exierit</strong></span> <span class='ocrx_word' id='word_1_248' title='bbox 720 3419 783 3468; x_wconf 91' lang='lat' dir='ltr'><strong>seu</strong></span> <span class='ocrx_word' id='word_1_249' title='bbox 806 3402 931 3487; x_wconf 91' lang='lat' dir='ltr'><strong>pomis,</strong></span> <span class='ocrx_word' id='word_1_250' title='bbox 958 3407 1069 3470; x_wconf 87' lang='lat' dir='ltr'><strong>totum</strong></span> <span class='ocrx_word' id='word_1_251' title='bbox 1094 3401 1176 3468; x_wconf 88' lang='lat' dir='ltr'><strong>illut</strong></span> <span class='ocrx_word' id='word_1_252' title='bbox 1200 3401 1258 3467; x_wconf 86' lang='lat' dir='ltr'><strong>hio</strong></span> <span class='ocrx_word' id='word_1_253' title='bbox 1282 3399 1328 3467; x_wconf 88' lang='lat' dir='ltr'><strong>ad</strong></span> <span class='ocrx_word' id='word_1_254' title='bbox 1351 3399 1492 3465; x_wconf 90' lang='lat' dir='ltr'><strong>domum</strong></span> <span class='ocrx_word' id='word_1_255' title='bbox 1515 3401 1673 3464; x_wconf 86' lang='lat' dir='ltr'><strong>nostram</strong></span> <span class='ocrx_word' id='word_1_256' title='bbox 1690 3397 1734 3465; x_wconf 87' lang='lat' dir='ltr'><strong>ad</strong></span> <span class='ocrx_word' id='word_1_257' title='bbox 1751 3397 1970 3482; x_wconf 82' lang='lat' dir='ltr'><strong>pulmentum</strong></span> <span class='ocrx_word' id='word_1_258' title='bbox 1995 3399 2086 3465; x_wconf 92' lang='lat' dir='ltr'><strong>inter</strong></span> <span class='ocrx_word' id='word_1_259' title='bbox 2112 3417 2175 3466; x_wconf 90' lang='lat' dir='ltr'><strong>nos</strong></span> <span class='ocrx_word' id='word_1_260' title='bbox 2197 3400 2408 3470; x_wconf 89' lang='lat' dir='ltr'><strong>dividamus:</strong></span> 
     </span>
     <span class='ocr_line' id='line_1_20' title="bbox 561 3550 2410 3639; baseline 0.003 -21"><span class='ocrx_word' id='word_1_261' title='bbox 561 3551 633 3618; x_wconf 92' lang='lat' dir='ltr'><strong>illis</strong></span> <span class='ocrx_word' id='word_1_262' title='bbox 655 3557 692 3619; x_wconf 92' lang='lat' dir='ltr'><strong>et</strong></span> <span class='ocrx_word' id='word_1_263' title='bbox 715 3555 788 3622; x_wconf 92' lang='lat' dir='ltr'><strong>suis</strong></span> <span class='ocrx_word' id='word_1_264' title='bbox 812 3555 1001 3622; x_wconf 89' lang='lat' dir='ltr'><strong>heredibus</strong></span> <span class='ocrx_word' id='word_1_265' title='bbox 1027 3555 1153 3622; x_wconf 89' lang='lat' dir='ltr'><strong>tollant</strong></span> <span class='ocrx_word' id='word_1_266' title='bbox 1178 3553 1259 3620; x_wconf 90' lang='lat' dir='ltr'><strong>inde</strong></span> <span class='ocrx_word' id='word_1_267' title='bbox 1284 3569 1357 3619; x_wconf 83' lang='lat' dir='ltr'><strong>una</strong></span> <span class='ocrx_word' id='word_1_268' title='bbox 1379 3557 1492 3635; x_wconf 83' lang='lat' dir='ltr'><strong>sorte,</strong></span> <span class='ocrx_word' id='word_1_269' title='bbox 1516 3550 1607 3635; x_wconf 91' lang='lat' dir='ltr'><strong>qnod</strong></span> <span class='ocrx_word' id='word_1_270' title='bbox 1631 3553 1685 3617; x_wconf 90' lang='lat' dir='ltr'><strong>est</strong></span> <span class='ocrx_word' id='word_1_271' title='bbox 1709 3552 1852 3618; x_wconf 88' lang='lat' dir='ltr'><strong>tertiam</strong></span> <span class='ocrx_word' id='word_1_272' title='bbox 1876 3557 2026 3639; x_wconf 85' lang='lat' dir='ltr'><strong>partem,</strong></span> <span class='ocrx_word' id='word_1_273' title='bbox 2052 3559 2087 3620; x_wconf 89' lang='lat' dir='ltr'><strong>et</strong></span> <span class='ocrx_word' id='word_1_274' title='bbox 2112 3571 2175 3620; x_wconf 89' lang='lat' dir='ltr'><strong>nos</strong></span> <span class='ocrx_word' id='word_1_275' title='bbox 2200 3555 2251 3621; x_wconf 85' lang='lat' dir='ltr'><strong>vel</strong></span> <span class='ocrx_word' id='word_1_276' title='bbox 2278 3561 2410 3624; x_wconf 88' lang='lat' dir='ltr'><strong>nostris</strong></span> 
     </span>
     <span class='ocr_line' id='line_1_21' title="bbox 559 3702 2408 3792; baseline 0.003 -22"><span class='ocrx_word' id='word_1_277' title='bbox 559 3704 723 3771; x_wconf 88' lang='lat' dir='ltr'><strong>eredibus</strong></span> <span class='ocrx_word' id='word_1_278' title='bbox 747 3705 913 3774; x_wconf 88' lang='lat' dir='ltr'><strong>tollamus</strong></span> <span class='ocrx_word' id='word_1_279' title='bbox 939 3706 1020 3774; x_wconf 91' lang='lat' dir='ltr'><strong>inde</strong></span> <span class='ocrx_word' id='word_1_280' title='bbox 1044 3707 1112 3774; x_wconf 89' lang='lat' dir='ltr'><strong>due</strong></span> <span class='ocrx_word' id='word_1_281' title='bbox 1136 3705 1254 3790; x_wconf 88' lang='lat' dir='ltr'><strong>sortis;</strong></span> <span class='ocrx_word' id='word_1_282' title='bbox 1270 3708 1306 3771; x_wconf 90' lang='lat' dir='ltr'><strong>et</strong></span> <span class='ocrx_word' id='word_1_283' title='bbox 1322 3705 1353 3771; x_wconf 88' lang='lat' dir='ltr'><strong>si</strong></span> <span class='ocrx_word' id='word_1_284' title='bbox 1370 3703 1547 3770; x_wconf 92' lang='lat' dir='ltr'><strong>voluerint</strong></span> <span class='ocrx_word' id='word_1_285' title='bbox 1571 3702 1644 3770; x_wconf 90' lang='lat' dir='ltr'><strong>illis</strong></span> <span class='ocrx_word' id='word_1_286' title='bbox 1665 3702 1741 3789; x_wconf 91' lang='lat' dir='ltr'><strong>ipsa</strong></span> <span class='ocrx_word' id='word_1_287' title='bbox 1759 3723 1823 3772; x_wconf 89' lang='lat' dir='ltr'><strong>sua</strong></span> <span class='ocrx_word' id='word_1_288' title='bbox 1840 3707 1995 3772; x_wconf 90' lang='lat' dir='ltr'><strong>sortione</strong></span> <span class='ocrx_word' id='word_1_289' title='bbox 2020 3724 2190 3792; x_wconf 87' lang='lat' dir='ltr'><strong>reponere</strong></span> <span class='ocrx_word' id='word_1_290' title='bbox 2207 3709 2252 3778; x_wconf 88' lang='lat' dir='ltr'><strong>ad</strong></span> <span class='ocrx_word' id='word_1_291' title='bbox 2268 3711 2408 3778; x_wconf 92' lang='lat' dir='ltr'><strong>domum</strong></span> 
     </span>
     <span class='ocr_line' id='line_1_22' title="bbox 559 3854 2408 3944; baseline 0.003 -22"><span class='ocrx_word' id='word_1_292' title='bbox 559 3861 703 3940; x_wconf 88' lang='lat' dir='ltr'><strong>nostra,</strong></span> <span class='ocrx_word' id='word_1_293' title='bbox 729 3857 801 3924; x_wconf 94' lang='lat' dir='ltr'><strong>illis</strong></span> <span class='ocrx_word' id='word_1_294' title='bbox 824 3859 878 3923; x_wconf 90' lang='lat' dir='ltr'><strong>vel</strong></span> <span class='ocrx_word' id='word_1_295' title='bbox 903 3859 977 3925; x_wconf 87' lang='lat' dir='ltr'><strong>suis</strong></span> <span class='ocrx_word' id='word_1_296' title='bbox 1006 3857 1171 3928; x_wconf 88' lang='lat' dir='ltr'><strong>eredibus</strong></span> <span class='ocrx_word' id='word_1_297' title='bbox 1200 3859 1365 3944; x_wconf 84' lang='lat' dir='ltr'><strong>adsignet</strong></span> <span class='ocrx_word' id='word_1_298' title='bbox 1397 3855 1499 3921; x_wconf 88' lang='lat' dir='ltr'><strong>nobis</strong></span> <span class='ocrx_word' id='word_1_299' title='bbox 1518 3854 1578 3920; x_wconf 81' lang='lat' dir='ltr'><strong>uel</strong></span> <span class='ocrx_word' id='word_1_300' title='bbox 1604 3854 1650 3922; x_wconf 89' lang='lat' dir='ltr'><strong>ad</strong></span> <span class='ocrx_word' id='word_1_301' title='bbox 1672 3857 1804 3923; x_wconf 88' lang='lat' dir='ltr'><strong>nostris</strong></span> <span class='ocrx_word' id='word_1_302' title='bbox 1835 3855 2001 3924; x_wconf 88' lang='lat' dir='ltr'><strong>eredibus</strong></span> <span class='ocrx_word' id='word_1_303' title='bbox 2032 3860 2164 3926; x_wconf 90' lang='lat' dir='ltr'><strong>ibidem</strong></span> <span class='ocrx_word' id='word_1_304' title='bbox 2200 3861 2245 3926; x_wconf 92' lang='lat' dir='ltr'><strong>ad</strong></span> <span class='ocrx_word' id='word_1_305' title='bbox 2268 3859 2408 3928; x_wconf 91' lang='lat' dir='ltr'><strong>domum</strong></span> 
     </span>
     <span class='ocr_line' id='line_1_23' title="bbox 561 4009 2406 4100; baseline 0.004 -26"><span class='ocrx_word' id='word_1_306' title='bbox 561 4013 683 4078; x_wconf 89' lang='lat' dir='ltr'><strong>nostra</strong></span> <span class='ocrx_word' id='word_1_307' title='bbox 706 4027 905 4097; x_wconf 89' lang='lat' dir='ltr'><strong>organeum</strong></span> <span class='ocrx_word' id='word_1_308' title='bbox 928 4014 1057 4078; x_wconf 90' lang='lat' dir='ltr'><strong>bonum</strong></span> <span class='ocrx_word' id='word_1_309' title='bbox 1082 4011 1128 4078; x_wconf 89' lang='lat' dir='ltr'><strong>da</strong></span> <span class='ocrx_word' id='word_1_310' title='bbox 1151 4009 1286 4094; x_wconf 85' lang='lat' dir='ltr'><strong>vinum,</strong></span> <span class='ocrx_word' id='word_1_311' title='bbox 1311 4015 1345 4077; x_wconf 90' lang='lat' dir='ltr'><strong>et</strong></span> <span class='ocrx_word' id='word_1_312' title='bbox 1361 4027 1425 4075; x_wconf 93' lang='lat' dir='ltr'><strong>nos</strong></span> <span class='ocrx_word' id='word_1_313' title='bbox 1441 4009 1542 4076; x_wconf 91' lang='lat' dir='ltr'><strong>illum</strong></span> <span class='ocrx_word' id='word_1_314' title='bbox 1567 4009 1773 4077; x_wconf 87' lang='lat' dir='ltr'><strong>annualiter</strong></span> <span class='ocrx_word' id='word_1_315' title='bbox 1797 4011 1999 4078; x_wconf 79' lang='lat' dir='ltr'><strong>constemus</strong></span> <span class='ocrx_word' id='word_1_316' title='bbox 2023 4021 2058 4078; x_wconf 90' lang='lat' dir='ltr'><strong>et</strong></span> <span class='ocrx_word' id='word_1_317' title='bbox 2082 4013 2290 4100; x_wconf 89' lang='lat' dir='ltr'><strong>studiemus,</strong></span> <span class='ocrx_word' id='word_1_318' title='bbox 2314 4019 2406 4082; x_wconf 88' lang='lat' dir='ltr'><strong>sicut</strong></span> 
     </span>
     <span class='ocr_line' id='line_1_24' title="bbox 561 4151 2412 4252; baseline 0.004 -25"><span class='ocrx_word' id='word_1_319' title='bbox 561 4165 745 4251; x_wconf 86' lang='lat' dir='ltr'><strong>meruerit,</strong></span> <span class='ocrx_word' id='word_1_320' title='bbox 769 4169 805 4232; x_wconf 89' lang='lat' dir='ltr'><strong>et</strong></span> <span class='ocrx_word' id='word_1_321' title='bbox 828 4151 1040 4252; x_wconf 86' lang='lat' dir='ltr'><strong>reponamus</strong></span> <span class='ocrx_word' id='word_1_322' title='bbox 1064 4164 1166 4233; x_wconf 90' lang='lat' dir='ltr'><strong>illum</strong></span> <span class='ocrx_word' id='word_1_323' title='bbox 1189 4166 1287 4232; x_wconf 89' lang='lat' dir='ltr'><strong>intus</strong></span> <span class='ocrx_word' id='word_1_324' title='bbox 1311 4183 1396 4232; x_wconf 87' lang='lat' dir='ltr'><strong>casa</strong></span> <span class='ocrx_word' id='word_1_325' title='bbox 1419 4169 1543 4232; x_wconf 88' lang='lat' dir='ltr'><strong>nostra</strong></span> <span class='ocrx_word' id='word_1_326' title='bbox 1567 4164 1606 4231; x_wconf 90' lang='lat' dir='ltr'><strong>in</strong></span> <span class='ocrx_word' id='word_1_327' title='bbox 1630 4180 1699 4249; x_wconf 91' lang='lat' dir='ltr'><strong>quo</strong></span> <span class='ocrx_word' id='word_1_328' title='bbox 1721 4163 1995 4250; x_wconf 80' lang='lat' dir='ltr'><strong>abitaverimus,</strong></span> <span class='ocrx_word' id='word_1_329' title='bbox 2019 4173 2055 4232; x_wconf 90' lang='lat' dir='ltr'><strong>et</strong></span> <span class='ocrx_word' id='word_1_330' title='bbox 2070 4165 2148 4252; x_wconf 87' lang='lat' dir='ltr'><strong>ipsa</strong></span> <span class='ocrx_word' id='word_1_331' title='bbox 2171 4165 2315 4234; x_wconf 88' lang='lat' dir='ltr'><strong>illorum</strong></span> <span class='ocrx_word' id='word_1_332' title='bbox 2339 4188 2412 4236; x_wconf 87' lang='lat' dir='ltr'><strong>sor-</strong></span> 
     </span>
     <span class='ocr_line' id='line_1_25' title="bbox 559 4315 2409 4412; baseline 0.006 -31"><span class='ocrx_word' id='word_1_333' title='bbox 559 4315 656 4384; x_wconf 89' lang='lat' dir='ltr'><strong>tione</strong></span> <span class='ocrx_word' id='word_1_334' title='bbox 681 4317 812 4385; x_wconf 90' lang='lat' dir='ltr'><strong>ibidem</strong></span> <span class='ocrx_word' id='word_1_335' title='bbox 835 4319 1033 4406; x_wconf 89' lang='lat' dir='ltr'><strong>mittamus,</strong></span> <span class='ocrx_word' id='word_1_336' title='bbox 1057 4326 1093 4387; x_wconf 91' lang='lat' dir='ltr'><strong>et</strong></span> <span class='ocrx_word' id='word_1_337' title='bbox 1116 4320 1255 4388; x_wconf 90' lang='lat' dir='ltr'><strong>salvum</strong></span> <span class='ocrx_word' id='word_1_338' title='bbox 1279 4318 1361 4386; x_wconf 88' lang='lat' dir='ltr'><strong>illut</strong></span> <span class='ocrx_word' id='word_1_339' title='bbox 1384 4317 1568 4402; x_wconf 77' lang='lat' dir='ltr'><strong>faciamuS,</strong></span> <span class='ocrx_word' id='word_1_340' title='bbox 1592 4317 1701 4384; x_wconf 85' lang='lat' dir='ltr'><strong>donec</strong></span> <span class='ocrx_word' id='word_1_341' title='bbox 1726 4316 1826 4382; x_wconf 89' lang='lat' dir='ltr'><strong>illum</strong></span> <span class='ocrx_word' id='word_1_342' title='bbox 1850 4317 1932 4385; x_wconf 91' lang='lat' dir='ltr'><strong>inde</strong></span> <span class='ocrx_word' id='word_1_343' title='bbox 1955 4318 2123 4402; x_wconf 91' lang='lat' dir='ltr'><strong>tulerint,</strong></span> <span class='ocrx_word' id='word_1_344' title='bbox 2148 4323 2282 4408; x_wconf 89' lang='lat' dir='ltr'><strong>absque</strong></span> <span class='ocrx_word' id='word_1_345' title='bbox 2305 4324 2409 4412; x_wconf 89' lang='lat' dir='ltr'><strong>dege-</strong></span> 
     </span>
     <span class='ocr_line' id='line_1_26' title="bbox 559 4467 2408 4564; baseline 0.006 -29"><span class='ocrx_word' id='word_1_346' title='bbox 559 4467 748 4537; x_wconf 88' lang='lat' dir='ltr'><strong>neratione</strong></span> <span class='ocrx_word' id='word_1_347' title='bbox 772 4475 808 4538; x_wconf 90' lang='lat' dir='ltr'><strong>et</strong></span> <span class='ocrx_word' id='word_1_348' title='bbox 831 4469 915 4556; x_wconf 91' lang='lat' dir='ltr'><strong>igne</strong></span> <span class='ocrx_word' id='word_1_349' title='bbox 938 4476 974 4538; x_wconf 92' lang='lat' dir='ltr'><strong>et</strong></span> <span class='ocrx_word' id='word_1_350' title='bbox 997 4488 1130 4558; x_wconf 83' lang='lat' dir='ltr'><strong>mures3</strong></span> <span class='ocrx_word' id='word_1_351' title='bbox 1147 4473 1183 4538; x_wconf 91' lang='lat' dir='ltr'><strong>et</strong></span> <span class='ocrx_word' id='word_1_352' title='bbox 1200 4472 1231 4538; x_wconf 92' lang='lat' dir='ltr'><strong>si</strong></span> <span class='ocrx_word' id='word_1_353' title='bbox 1255 4469 1437 4536; x_wconf 88' lang='lat' dir='ltr'><strong>noluerint</strong></span> <span class='ocrx_word' id='word_1_354' title='bbox 1460 4469 1563 4537; x_wconf 92' lang='lat' dir='ltr'><strong>illum</strong></span> <span class='ocrx_word' id='word_1_355' title='bbox 1586 4468 1716 4536; x_wconf 90' lang='lat' dir='ltr'><strong>ibidem</strong></span> <span class='ocrx_word' id='word_1_356' title='bbox 1742 4486 1885 4554; x_wconf 90' lang='lat' dir='ltr'><strong>ponere,</strong></span> <span class='ocrx_word' id='word_1_357' title='bbox 1903 4487 1966 4536; x_wconf 90' lang='lat' dir='ltr'><strong>nos</strong></span> <span class='ocrx_word' id='word_1_358' title='bbox 1990 4470 2072 4538; x_wconf 90' lang='lat' dir='ltr'><strong>illut</strong></span> <span class='ocrx_word' id='word_1_359' title='bbox 2096 4477 2275 4558; x_wconf 88' lang='lat' dir='ltr'><strong>portemus</strong></span> <span class='ocrx_word' id='word_1_360' title='bbox 2300 4495 2408 4564; x_wconf 92' lang='lat' dir='ltr'><strong>usque</strong></span> 
     </span>
     <span class='ocr_line' id='line_1_27' title="bbox 560 4621 2404 4712; baseline 0.005 -21"><span class='ocrx_word' id='word_1_361' title='bbox 560 4622 605 4691; x_wconf 87' lang='lat' dir='ltr'><strong>ad</strong></span> <span class='ocrx_word' id='word_1_362' title='bbox 629 4621 815 4692; x_wconf 88' lang='lat' dir='ltr'><strong>cellarium</strong></span> <span class='ocrx_word' id='word_1_363' title='bbox 846 4643 963 4711; x_wconf 91' lang='lat' dir='ltr'><strong>suum,</strong></span> <span class='ocrx_word' id='word_1_364' title='bbox 987 4623 1080 4711; x_wconf 93' lang='lat' dir='ltr'><strong>quod</strong></span> <span class='ocrx_word' id='word_1_365' title='bbox 1104 4624 1274 4692; x_wconf 87' lang='lat' dir='ltr'><strong>abuerint</strong></span> <span class='ocrx_word' id='word_1_366' title='bbox 1300 4623 1338 4689; x_wconf 92' lang='lat' dir='ltr'><strong>in</strong></span> <span class='ocrx_word' id='word_1_367' title='bbox 1362 4622 1506 4690; x_wconf 90' lang='lat' dir='ltr'><strong>heodem</strong></span> <span class='ocrx_word' id='word_1_368' title='bbox 1538 4623 1652 4690; x_wconf 84' lang='lat' dir='ltr'><strong>locum</strong></span> <span class='ocrx_word' id='word_1_369' title='bbox 1675 4625 1822 4692; x_wconf 81' lang='lat' dir='ltr'><strong>nuceria</strong></span> <span class='ocrx_word' id='word_1_370' title='bbox 1846 4625 1892 4693; x_wconf 87' lang='lat' dir='ltr'><strong>da</strong></span> <span class='ocrx_word' id='word_1_371' title='bbox 1921 4625 1996 4712; x_wconf 92' lang='lat' dir='ltr'><strong>ipso</strong></span> <span class='ocrx_word' id='word_1_372' title='bbox 2027 4629 2171 4697; x_wconf 84' lang='lat' dir='ltr'><strong>castello</strong></span> <span class='ocrx_word' id='word_1_373' title='bbox 2201 4635 2345 4702; x_wconf 84' lang='lat' dir='ltr'><strong>nucerie</strong></span> <span class='ocrx_word' id='word_1_374' title='bbox 2369 4633 2404 4700; x_wconf 90' lang='lat' dir='ltr'><strong>in</strong></span> 
     </span>
     <span class='ocr_line' id='line_1_28' title="bbox 561 4775 2409 4872; baseline 0.006 -30"><span class='ocrx_word' id='word_1_375' title='bbox 561 4791 687 4862; x_wconf 88' lang='lat' dir='ltr'><strong>supra,</strong></span> <span class='ocrx_word' id='word_1_376' title='bbox 711 4781 746 4844; x_wconf 91' lang='lat' dir='ltr'><strong>et</strong></span> <span class='ocrx_word' id='word_1_377' title='bbox 770 4777 886 4863; x_wconf 91' lang='lat' dir='ltr'><strong>ipsum</strong></span> <span class='ocrx_word' id='word_1_378' title='bbox 911 4793 1109 4865; x_wconf 87' lang='lat' dir='ltr'><strong>organeum</strong></span> <span class='ocrx_word' id='word_1_379' title='bbox 1133 4777 1194 4843; x_wconf 93' lang='lat' dir='ltr'><strong>ubi</strong></span> <span class='ocrx_word' id='word_1_380' title='bbox 1217 4795 1275 4844; x_wconf 91' lang='lat' dir='ltr'><strong>eos</strong></span> <span class='ocrx_word' id='word_1_381' title='bbox 1299 4794 1469 4862; x_wconf 89' lang='lat' dir='ltr'><strong>reponere</strong></span> <span class='ocrx_word' id='word_1_382' title='bbox 1493 4775 1683 4862; x_wconf 89' lang='lat' dir='ltr'><strong>voluerint,</strong></span> <span class='ocrx_word' id='word_1_383' title='bbox 1706 4796 1769 4863; x_wconf 92' lang='lat' dir='ltr'><strong>per</strong></span> <span class='ocrx_word' id='word_1_384' title='bbox 1792 4793 1856 4843; x_wconf 90' lang='lat' dir='ltr'><strong>nos</strong></span> <span class='ocrx_word' id='word_1_385' title='bbox 1879 4776 1943 4846; x_wconf 86' lang='lat' dir='ltr'><strong>flat</strong></span> <span class='ocrx_word' id='word_1_386' title='bbox 1966 4781 2181 4869; x_wconf 76' lang='lat' dir='ltr'><strong>nunciatum,</strong></span> <span class='ocrx_word' id='word_1_387' title='bbox 2199 4789 2235 4852; x_wconf 90' lang='lat' dir='ltr'><strong>et</strong></span> <span class='ocrx_word' id='word_1_388' title='bbox 2252 4805 2317 4872; x_wconf 91' lang='lat' dir='ltr'><strong>per</strong></span> <span class='ocrx_word' id='word_1_389' title='bbox 2333 4787 2409 4854; x_wconf 89' lang='lat' dir='ltr'><strong>vin·</strong></span> 
     </span>
     <span class='ocr_line' id='line_1_29' title="bbox 560 4927 2405 5028; baseline 0.007 -34"><span class='ocrx_word' id='word_1_390' title='bbox 560 4927 675 4996; x_wconf 91' lang='lat' dir='ltr'><strong>demie</strong></span> <span class='ocrx_word' id='word_1_391' title='bbox 698 4929 872 4998; x_wconf 83' lang='lat' dir='ltr'><strong>faciamus</strong></span> <span class='ocrx_word' id='word_1_392' title='bbox 896 4947 961 4998; x_wconf 90' lang='lat' dir='ltr'><strong>nos</strong></span> <span class='ocrx_word' id='word_1_393' title='bbox 976 4929 1049 4996; x_wconf 92' lang='lat' dir='ltr'><strong>illis</strong></span> <span class='ocrx_word' id='word_1_394' title='bbox 1065 4933 1157 4998; x_wconf 88' lang='lat' dir='ltr'><strong>scire</strong></span> <span class='ocrx_word' id='word_1_395' title='bbox 1170 4979 1179 5015; x_wconf 94' lang='lat'><strong>,</strong></span> <span class='ocrx_word' id='word_1_396' title='bbox 1205 4935 1244 5000; x_wconf 94' lang='lat' dir='ltr'><strong>ut</strong></span> <span class='ocrx_word' id='word_1_397' title='bbox 1267 4929 1431 5018; x_wconf 82' lang='lat' dir='ltr'><strong>dirigant</strong></span> <span class='ocrx_word' id='word_1_398' title='bbox 1455 4930 1513 4998; x_wconf 86' lang='lat' dir='ltr'><strong>hic</strong></span> <span class='ocrx_word' id='word_1_399' title='bbox 1536 4932 1683 4999; x_wconf 90' lang='lat' dir='ltr'><strong>missum</strong></span> <span class='ocrx_word' id='word_1_400' title='bbox 1706 4950 1810 4999; x_wconf 90' lang='lat' dir='ltr'><strong>suum</strong></span> <span class='ocrx_word' id='word_1_401' title='bbox 1833 4951 1897 5019; x_wconf 84' lang='lat' dir='ltr'><strong>pro</strong></span> <span class='ocrx_word' id='word_1_402' title='bbox 1920 4933 2143 5020; x_wconf 85' lang='lat' dir='ltr'><strong>vigilandum</strong></span> <span class='ocrx_word' id='word_1_403' title='bbox 2174 4943 2209 5006; x_wconf 91' lang='lat' dir='ltr'><strong>et</strong></span> <span class='ocrx_word' id='word_1_404' title='bbox 2233 4939 2405 5028; x_wconf 88' lang='lat' dir='ltr'><strong>recipien-</strong></span> 
     </span>
     <span class='ocr_line' id='line_1_30' title="bbox 559 5079 2406 5174; baseline 0.008 -26"><span class='ocrx_word' id='word_1_405' title='bbox 559 5079 644 5148; x_wconf 92' lang='lat' dir='ltr'><strong>dum</strong></span> <span class='ocrx_word' id='word_1_406' title='bbox 669 5082 746 5170; x_wconf 91' lang='lat' dir='ltr'><strong>ipsa</strong></span> <span class='ocrx_word' id='word_1_407' title='bbox 770 5084 914 5151; x_wconf 89' lang='lat' dir='ltr'><strong>illorum</strong></span> <span class='ocrx_word' id='word_1_408' title='bbox 938 5085 1106 5170; x_wconf 88' lang='lat' dir='ltr'><strong>sortione;</strong></span> <span class='ocrx_word' id='word_1_409' title='bbox 1130 5091 1167 5152; x_wconf 91' lang='lat' dir='ltr'><strong>et</strong></span> <span class='ocrx_word' id='word_1_410' title='bbox 1190 5085 1274 5152; x_wconf 92' lang='lat' dir='ltr'><strong>dum</strong></span> <span class='ocrx_word' id='word_1_411' title='bbox 1298 5085 1430 5152; x_wconf 90' lang='lat' dir='ltr'><strong>ibidem</strong></span> <span class='ocrx_word' id='word_1_412' title='bbox 1453 5084 1592 5153; x_wconf 90' lang='lat' dir='ltr'><strong>steterit</strong></span> <span class='ocrx_word' id='word_1_413' title='bbox 1615 5085 1691 5170; x_wconf 91' lang='lat' dir='ltr'><strong>ipso</strong></span> <span class='ocrx_word' id='word_1_414' title='bbox 1715 5085 1862 5152; x_wconf 91' lang='lat' dir='ltr'><strong>missum</strong></span> <span class='ocrx_word' id='word_1_415' title='bbox 1884 5104 2028 5174; x_wconf 84' lang='lat' dir='ltr'><strong>eorum,</strong></span> <span class='ocrx_word' id='word_1_416' title='bbox 2052 5107 2115 5156; x_wconf 91' lang='lat' dir='ltr'><strong>nos</strong></span> <span class='ocrx_word' id='word_1_417' title='bbox 2139 5089 2240 5158; x_wconf 88' lang='lat' dir='ltr'><strong>illum</strong></span> <span class='ocrx_word' id='word_1_418' title='bbox 2264 5093 2406 5163; x_wconf 87' lang='lat' dir='ltr'><strong>nutria-</strong></span> 
     </span>
     <span class='ocr_line' id='line_1_31' title="bbox 561 5235 2405 5332; baseline 0.006 -29"><span class='ocrx_word' id='word_1_419' title='bbox 561 5255 639 5304; x_wconf 91' lang='lat' dir='ltr'><strong>mus</strong></span> <span class='ocrx_word' id='word_1_420' title='bbox 661 5237 854 5305; x_wconf 89' lang='lat' dir='ltr'><strong>seoundum</strong></span> <span class='ocrx_word' id='word_1_421' title='bbox 879 5241 1037 5306; x_wconf 86' lang='lat' dir='ltr'><strong>nostram</strong></span> <span class='ocrx_word' id='word_1_422' title='bbox 1060 5236 1346 5324; x_wconf 84' lang='lat' dir='ltr'><strong>possivilitatem,</strong></span> <span class='ocrx_word' id='word_1_423' title='bbox 1362 5242 1398 5304; x_wconf 89' lang='lat' dir='ltr'><strong>et</strong></span> <span class='ocrx_word' id='word_1_424' title='bbox 1414 5235 1535 5304; x_wconf 90' lang='lat' dir='ltr'><strong>demus</strong></span> <span class='ocrx_word' id='word_1_425' title='bbox 1552 5237 1584 5306; x_wconf 91' lang='lat' dir='ltr'><strong>ei</strong></span> <span class='ocrx_word' id='word_1_426' title='bbox 1601 5237 1859 5324; x_wconf 85' lang='lat' dir='ltr'><strong>palmentatiea</strong></span> <span class='ocrx_word' id='word_1_427' title='bbox 1883 5240 1978 5308; x_wconf 90' lang='lat' dir='ltr'><strong>iusta</strong></span> <span class='ocrx_word' id='word_1_428' title='bbox 1994 5243 2186 5330; x_wconf 74' lang='lat' dir='ltr'><strong>rationem,</strong></span> <span class='ocrx_word' id='word_1_429' title='bbox 2203 5250 2239 5312; x_wconf 92' lang='lat' dir='ltr'><strong>et</strong></span> <span class='ocrx_word' id='word_1_430' title='bbox 2253 5245 2296 5313; x_wconf 90' lang='lat' dir='ltr'><strong>de</strong></span> <span class='ocrx_word' id='word_1_431' title='bbox 2312 5247 2405 5332; x_wconf 89' lang='lat' dir='ltr'><strong>quod</strong></span> 
     </span>
     <span class='ocr_line' id='line_1_32' title="bbox 561 5383 2403 5478; baseline 0.005 -21"><span class='ocrx_word' id='word_1_432' title='bbox 561 5390 685 5457; x_wconf 90' lang='lat' dir='ltr'><strong>amodo</strong></span> <span class='ocrx_word' id='word_1_433' title='bbox 708 5395 745 5460; x_wconf 90' lang='lat' dir='ltr'><strong>et</strong></span> <span class='ocrx_word' id='word_1_434' title='bbox 768 5409 906 5478; x_wconf 88' lang='lat' dir='ltr'><strong>semper</strong></span> <span class='ocrx_word' id='word_1_435' title='bbox 929 5389 978 5458; x_wconf 90' lang='lat' dir='ltr'><strong>ibi</strong></span> <span class='ocrx_word' id='word_1_436' title='bbox 1003 5383 1219 5459; x_wconf 84' lang='lat' dir='ltr'><strong>seminatum</strong></span> <span class='ocrx_word' id='word_1_437' title='bbox 1242 5391 1363 5476; x_wconf 86' lang='lat' dir='ltr'><strong>suerit,</strong></span> <span class='ocrx_word' id='word_1_438' title='bbox 1384 5389 1507 5458; x_wconf 90' lang='lat' dir='ltr'><strong>demus</strong></span> <span class='ocrx_word' id='word_1_439' title='bbox 1523 5409 1586 5456; x_wconf 90' lang='lat' dir='ltr'><strong>nos</strong></span> <span class='ocrx_word' id='word_1_440' title='bbox 1610 5391 1692 5458; x_wconf 89' lang='lat' dir='ltr'><strong>inde</strong></span> <span class='ocrx_word' id='word_1_441' title='bbox 1708 5391 1848 5457; x_wconf 91' lang='lat' dir='ltr'><strong>illorum</strong></span> <span class='ocrx_word' id='word_1_442' title='bbox 1873 5392 2085 5462; x_wconf 84' lang='lat' dir='ltr'><strong>terraticum</strong></span> <span class='ocrx_word' id='word_1_443' title='bbox 2111 5395 2307 5464; x_wconf 87' lang='lat' dir='ltr'><strong>secundum</strong></span> <span class='ocrx_word' id='word_1_444' title='bbox 2324 5417 2403 5466; x_wconf 88' lang='lat' dir='ltr'><strong>oon-</strong></span> 
     </span>
     <span class='ocr_line' id='line_1_33' title="bbox 560 5543 2401 5640; baseline 0.008 -33"><span class='ocrx_word' id='word_1_445' title='bbox 560 5543 785 5611; x_wconf 89' lang='lat' dir='ltr'><strong>suetudinem</strong></span> <span class='ocrx_word' id='word_1_446' title='bbox 808 5544 851 5612; x_wconf 91' lang='lat' dir='ltr'><strong>de</strong></span> <span class='ocrx_word' id='word_1_447' title='bbox 876 5545 952 5631; x_wconf 90' lang='lat' dir='ltr'><strong>ipso</strong></span> <span class='ocrx_word' id='word_1_448' title='bbox 976 5543 1104 5628; x_wconf 75' lang='lat' dir='ltr'><strong>locum,</strong></span> <span class='ocrx_word' id='word_1_449' title='bbox 1121 5545 1152 5611; x_wconf 88' lang='lat' dir='ltr'><strong>si</strong></span> <span class='ocrx_word' id='word_1_450' title='bbox 1170 5547 1289 5612; x_wconf 91' lang='lat' dir='ltr'><strong>autem</strong></span> <span class='ocrx_word' id='word_1_451' title='bbox 1313 5543 1504 5628; x_wconf 89' lang='lat' dir='ltr'><strong>aliquando</strong></span> <span class='ocrx_word' id='word_1_452' title='bbox 1528 5548 1684 5630; x_wconf 90' lang='lat' dir='ltr'><strong>tempore</strong></span> <span class='ocrx_word' id='word_1_453' title='bbox 1708 5551 1850 5631; x_wconf 91' lang='lat' dir='ltr'><strong>propter</strong></span> <span class='ocrx_word' id='word_1_454' title='bbox 1875 5546 1968 5614; x_wconf 86' lang='lat' dir='ltr'><strong>iram</strong></span> <span class='ocrx_word' id='word_1_455' title='bbox 1991 5547 2033 5615; x_wconf 93' lang='lat' dir='ltr'><strong>de</strong></span> <span class='ocrx_word' id='word_1_456' title='bbox 2057 5551 2246 5638; x_wconf 87' lang='lat' dir='ltr'><strong>seniorem,</strong></span> <span class='ocrx_word' id='word_1_457' title='bbox 2271 5555 2325 5621; x_wconf 91' lang='lat' dir='ltr'><strong>vel</strong></span> <span class='ocrx_word' id='word_1_458' title='bbox 2342 5574 2401 5640; x_wconf 86' lang='lat' dir='ltr'><strong>pro</strong></span> 
     </span>
     <span class='ocr_line' id='line_1_34' title="bbox 560 5695 2403 5783; baseline 0.008 -20"><span class='ocrx_word' id='word_1_459' title='bbox 560 5695 720 5782; x_wconf 87' lang='lat' dir='ltr'><strong>qualivet</strong></span> <span class='ocrx_word' id='word_1_460' title='bbox 744 5717 853 5766; x_wconf 89' lang='lat' dir='ltr'><strong>causa</strong></span> <span class='ocrx_word' id='word_1_461' title='bbox 876 5699 919 5766; x_wconf 90' lang='lat' dir='ltr'><strong>de</strong></span> <span class='ocrx_word' id='word_1_462' title='bbox 943 5717 1011 5767; x_wconf 89' lang='lat' dir='ltr'><strong>ano</strong></span> <span class='ocrx_word' id='word_1_463' title='bbox 1034 5701 1133 5766; x_wconf 88' lang='lat' dir='ltr'><strong>terra</strong></span> <span class='ocrx_word' id='word_1_464' title='bbox 1157 5695 1381 5765; x_wconf 89' lang='lat' dir='ltr'><strong>salernitana</strong></span> <span class='ocrx_word' id='word_1_465' title='bbox 1411 5697 1617 5783; x_wconf 84' lang='lat' dir='ltr'><strong>exierimus,</strong></span> <span class='ocrx_word' id='word_1_466' title='bbox 1645 5703 1680 5766; x_wconf 88' lang='lat' dir='ltr'><strong>et</strong></span> <span class='ocrx_word' id='word_1_467' title='bbox 1705 5699 1798 5768; x_wconf 81' lang='lat' dir='ltr'><strong>infra</strong></span> <span class='ocrx_word' id='word_1_468' title='bbox 1821 5703 1936 5770; x_wconf 87' lang='lat' dir='ltr'><strong>tribus</strong></span> <span class='ocrx_word' id='word_1_469' title='bbox 1960 5705 2050 5770; x_wconf 91' lang='lat' dir='ltr'><strong>anni</strong></span> <span class='ocrx_word' id='word_1_470' title='bbox 2074 5704 2111 5770; x_wconf 88' lang='lat' dir='ltr'><strong>in</strong></span> <span class='ocrx_word' id='word_1_471' title='bbox 2137 5724 2204 5774; x_wconf 85' lang='lat' dir='ltr'><strong>ano</strong></span> <span class='ocrx_word' id='word_1_472' title='bbox 2229 5715 2328 5777; x_wconf 83' lang='lat' dir='ltr'><strong>terra</strong></span> <span class='ocrx_word' id='word_1_473' title='bbox 2352 5729 2403 5778; x_wconf 88' lang='lat' dir='ltr'><strong>re·</strong></span> 
     </span>
    </p>
   </div>
   <div class='ocr_carea' id='block_1_6' title="bbox 562 5849 2406 5944">
    <p class='ocr_par' dir='ltr' id='par_1_6' title="bbox 562 5849 2406 5944">
     <span class='ocr_line' id='line_1_35' title="bbox 562 5849 2406 5944; baseline 0.01 -31"><span class='ocrx_word' id='word_1_474' title='bbox 562 5852 654 5918; x_wconf 84' lang='lat' dir='ltr'><strong>versi</strong></span> <span class='ocrx_word' id='word_1_475' title='bbox 679 5849 852 5918; x_wconf 83' lang='lat' dir='ltr'><strong>fuerimus</strong></span> <span class='ocrx_word' id='word_1_476' title='bbox 876 5853 921 5921; x_wconf 86' lang='lat' dir='ltr'><strong>ad</strong></span> <span class='ocrx_word' id='word_1_477' title='bbox 945 5851 1166 5936; x_wconf 87' lang='lat' dir='ltr'><strong>abitandum,</strong></span> <span class='ocrx_word' id='word_1_478' title='bbox 1183 5855 1219 5918; x_wconf 91' lang='lat' dir='ltr'><strong>et</strong></span> <span class='ocrx_word' id='word_1_479' title='bbox 1244 5851 1344 5917; x_wconf 92' lang='lat' dir='ltr'><strong>illum</strong></span> <span class='ocrx_word' id='word_1_480' title='bbox 1369 5851 1532 5926; x_wconf 85' lang='lat' dir='ltr'><strong>lavorare</strong></span> <span class='ocrx_word' id='word_1_481' title='bbox 1548 5851 1776 5940; x_wconf 80' lang='lat' dir='ltr'><strong>voluerimus,</strong></span> <span class='ocrx_word' id='word_1_482' title='bbox 1793 5863 1827 5924; x_wconf 89' lang='lat' dir='ltr'><strong>et</strong></span> <span class='ocrx_word' id='word_1_483' title='bbox 1843 5857 1885 5922; x_wconf 91' lang='lat' dir='ltr'><strong>de</strong></span> <span class='ocrx_word' id='word_1_484' title='bbox 1904 5857 1980 5942; x_wconf 88' lang='lat' dir='ltr'><strong>ipsa</strong></span> <span class='ocrx_word' id='word_1_485' title='bbox 2004 5860 2107 5944; x_wconf 85' lang='lat' dir='ltr'><strong>eulpa</strong></span> <span class='ocrx_word' id='word_1_486' title='bbox 2131 5866 2295 5931; x_wconf 85' lang='lat' dir='ltr'><strong>evacuati</strong></span> <span class='ocrx_word' id='word_1_487' title='bbox 2322 5864 2406 5930; x_wconf 77' lang='lat' dir='ltr'><strong>sue·</strong></span> 
     </span>
    </p>
   </div>
   <div class='ocr_carea' id='block_1_7' title="bbox 0 0 2672 7094">
    <p class='ocr_par' dir='ltr' id='par_1_7' title="bbox 0 0 2672 7094">
     <span class='ocr_line' id='line_1_36' title="bbox 0 0 2672 7094; baseline 0 0"><span class='ocrx_word' id='word_1_488' title='bbox 0 0 2672 7094; x_wconf 95' lang='lat' dir='ltr'><strong> </strong></span> 
     </span>
    </p>
   </div>
  </div>
 </body>
</html>
