<?xml version="1.0" encoding="UTF-8"?>
<!DOCTYPE html PUBLIC "-//W3C//DTD XHTML 1.0 Transitional//EN"
    "http://www.w3.org/TR/xhtml1/DTD/xhtml1-transitional.dtd">
<html xmlns="http://www.w3.org/1999/xhtml" xml:lang="en" lang="en">
 <head>
  <title>
</title>
<meta http-equiv="Content-Type" content="text/html;charset=utf-8" />
  <meta name='ocr-system' content='tesseract 3.04.00' />
  <meta name='ocr-capabilities' content='ocr_page ocr_carea ocr_par ocr_line ocrx_word'/>
</head>
<body>
  <div class='ocr_page' id='page_1' title='image "./codexdiplomatic05aragoog_0190.png"; bbox 0 0 5334 7098; ppageno 0'>
   <div class='ocr_carea' id='block_1_1' title="bbox 925 533 2035 606">
    <p class='ocr_par' dir='ltr' id='par_1_1' title="bbox 925 533 2035 606">
     <span class='ocr_line' id='line_1_1' title="bbox 925 533 2035 606; baseline -0.002 -2"><span class='ocrx_word' id='word_1_1' title='bbox 925 533 1334 606; x_wconf 71' lang='lat' dir='ltr'>blPLomal‘lch</span> <span class='ocrx_word' id='word_1_2' title='bbox 1966 535 2035 605; x_wconf 78' lang='lat' dir='ltr'>lle</span> 
     </span>
    </p>
   </div>
   <div class='ocr_carea' id='block_1_2' title="bbox 233 758 2110 4078">
    <p class='ocr_par' dir='ltr' id='par_1_2' title="bbox 233 758 2110 4078">
     <span class='ocr_line' id='line_1_2' title="bbox 233 758 2085 851; baseline -0.005 -17"><span class='ocrx_word' id='word_1_3' title='bbox 233 766 305 834; x_wconf 86' lang='lat' dir='ltr'>filio</span> <span class='ocrx_word' id='word_1_4' title='bbox 329 763 439 851; x_wconf 89' lang='lat' dir='ltr'>petri,</span> <span class='ocrx_word' id='word_1_5' title='bbox 465 761 620 846; x_wconf 89' lang='lat' dir='ltr'>eoquod</span> <span class='ocrx_word' id='word_1_6' title='bbox 644 763 727 828; x_wconf 89' lang='lat' dir='ltr'>ante</span> <span class='ocrx_word' id='word_1_7' title='bbox 751 759 934 845; x_wconf 82' lang='lat' dir='ltr'>presentia</span> <span class='ocrx_word' id='word_1_8' title='bbox 958 758 1075 825; x_wconf 90' lang='lat' dir='ltr'>domni</span> <span class='ocrx_word' id='word_1_9' title='bbox 1103 759 1238 827; x_wconf 90' lang='lat' dir='ltr'>maioni</span> <span class='ocrx_word' id='word_1_10' title='bbox 1263 760 1383 829; x_wconf 91' lang='lat' dir='ltr'>abbati</span> <span class='ocrx_word' id='word_1_11' title='bbox 1405 762 1552 829; x_wconf 82' lang='lat' dir='ltr'>ecclesie</span> <span class='ocrx_word' id='word_1_12' title='bbox 1575 761 1690 828; x_wconf 90' lang='lat' dir='ltr'>sancti</span> <span class='ocrx_word' id='word_1_13' title='bbox 1716 761 1868 830; x_wconf 88' lang='lat' dir='ltr'>maximi</span> <span class='ocrx_word' id='word_1_14' title='bbox 1891 759 2085 826; x_wconf 89' lang='lat' dir='ltr'>coniuntus</span> 
     </span>
     <span class='ocr_line' id='line_1_3' title="bbox 233 911 2084 1002; baseline -0.004 -16"><span class='ocrx_word' id='word_1_15' title='bbox 233 938 312 986; x_wconf 87' lang='lat' dir='ltr'>sum</span> <span class='ocrx_word' id='word_1_16' title='bbox 337 936 418 986; x_wconf 88' lang='lat' dir='ltr'>curn</span> <span class='ocrx_word' id='word_1_17' title='bbox 442 913 602 986; x_wconf 85' lang='lat' dir='ltr'>ademari</span> <span class='ocrx_word' id='word_1_18' title='bbox 625 913 700 980; x_wconf 84' lang='lat' dir='ltr'>filio</span> <span class='ocrx_word' id='word_1_19' title='bbox 723 911 813 1000; x_wconf 89' lang='lat' dir='ltr'>ursi,</span> <span class='ocrx_word' id='word_1_20' title='bbox 831 912 877 981; x_wconf 89' lang='lat' dir='ltr'>ad</span> <span class='ocrx_word' id='word_1_21' title='bbox 893 911 1139 978; x_wconf 85' lang='lat' dir='ltr'>diffiniendum</span> <span class='ocrx_word' id='word_1_22' title='bbox 1156 931 1238 979; x_wconf 91' lang='lat' dir='ltr'>oum</span> <span class='ocrx_word' id='word_1_23' title='bbox 1255 932 1337 980; x_wconf 91' lang='lat' dir='ltr'>eum</span> <span class='ocrx_word' id='word_1_24' title='bbox 1352 915 1395 982; x_wconf 92' lang='lat' dir='ltr'>de</span> <span class='ocrx_word' id='word_1_25' title='bbox 1411 914 1694 1002; x_wconf 56' lang='lat' dir='ltr'>causationibus</span> <span class='ocrx_word' id='word_1_26' title='bbox 1710 934 1779 1000; x_wconf 90' lang='lat' dir='ltr'>que</span> <span class='ocrx_word' id='word_1_27' title='bbox 1796 933 1877 981; x_wconf 90' lang='lat' dir='ltr'>curn</span> <span class='ocrx_word' id='word_1_28' title='bbox 1900 933 1982 982; x_wconf 93' lang='lat' dir='ltr'>eum</span> <span class='ocrx_word' id='word_1_29' title='bbox 1999 915 2084 980; x_wconf 83' lang='lat' dir='ltr'>ante</span> 
     </span>
     <span class='ocr_line' id='line_1_4' title="bbox 236 1067 2088 1157; baseline -0.002 -19"><span class='ocrx_word' id='word_1_30' title='bbox 236 1090 273 1138; x_wconf 90' lang='lat' dir='ltr'>os</span> <span class='ocrx_word' id='word_1_31' title='bbox 296 1090 410 1142; x_wconf 90' lang='lat' dir='ltr'>annos</span> <span class='ocrx_word' id='word_1_32' title='bbox 435 1073 536 1140; x_wconf 90' lang='lat' dir='ltr'>abuit</span> <span class='ocrx_word' id='word_1_33' title='bbox 552 1073 636 1139; x_wconf 88' lang='lat' dir='ltr'>ante</span> <span class='ocrx_word' id='word_1_34' title='bbox 654 1067 856 1136; x_wconf 87' lang='lat' dir='ltr'>romoaldus</span> <span class='ocrx_word' id='word_1_35' title='bbox 880 1084 995 1134; x_wconf 88' lang='lat' dir='ltr'>comes</span> <span class='ocrx_word' id='word_1_36' title='bbox 1020 1084 1132 1134; x_wconf 91' lang='lat' dir='ltr'>unum</span> <span class='ocrx_word' id='word_1_37' title='bbox 1149 1067 1191 1135; x_wconf 89' lang='lat' dir='ltr'>de</span> <span class='ocrx_word' id='word_1_38' title='bbox 1207 1067 1356 1136; x_wconf 90' lang='lat' dir='ltr'>dominii</span> <span class='ocrx_word' id='word_1_39' title='bbox 1380 1069 1493 1157; x_wconf 90' lang='lat' dir='ltr'>ipsius</span> <span class='ocrx_word' id='word_1_40' title='bbox 1516 1071 1676 1155; x_wconf 84' lang='lat' dir='ltr'>ecclesie,</span> <span class='ocrx_word' id='word_1_41' title='bbox 1693 1069 1737 1136; x_wconf 91' lang='lat' dir='ltr'>de</span> <span class='ocrx_word' id='word_1_42' title='bbox 1758 1073 1857 1138; x_wconf 90' lang='lat' dir='ltr'>terra</span> <span class='ocrx_word' id='word_1_43' title='bbox 1881 1089 1963 1136; x_wconf 89' lang='lat' dir='ltr'>curn</span> <span class='ocrx_word' id='word_1_44' title='bbox 1980 1070 2088 1137; x_wconf 91' lang='lat' dir='ltr'>arbu-</span> 
     </span>
     <span class='ocr_line' id='line_1_5' title="bbox 233 1219 2085 1312; baseline -0.002 -20"><span class='ocrx_word' id='word_1_45' title='bbox 233 1232 287 1294; x_wconf 93' lang='lat' dir='ltr'>sto</span> <span class='ocrx_word' id='word_1_46' title='bbox 312 1228 551 1312; x_wconf 77' lang='lat' dir='ltr'>pertinentem</span> <span class='ocrx_word' id='word_1_47' title='bbox 576 1223 689 1309; x_wconf 91' lang='lat' dir='ltr'>ipsius</span> <span class='ocrx_word' id='word_1_48' title='bbox 717 1221 886 1308; x_wconf 87' lang='lat' dir='ltr'>ecclesie,</span> <span class='ocrx_word' id='word_1_49' title='bbox 911 1220 1003 1308; x_wconf 92' lang='lat' dir='ltr'>quod</span> <span class='ocrx_word' id='word_1_50' title='bbox 1032 1239 1097 1307; x_wconf 79' lang='lat' dir='ltr'>ego</span> <span class='ocrx_word' id='word_1_51' title='bbox 1130 1219 1168 1286; x_wconf 94' lang='lat' dir='ltr'>in</span> <span class='ocrx_word' id='word_1_52' title='bbox 1202 1219 1413 1288; x_wconf 86' lang='lat' dir='ltr'>beneficium</span> <span class='ocrx_word' id='word_1_53' title='bbox 1445 1225 1547 1288; x_wconf 91' lang='lat' dir='ltr'>teneo</span> <span class='ocrx_word' id='word_1_54' title='bbox 1570 1240 1593 1289; x_wconf 91' lang='lat' dir='ltr'>a</span> <span class='ocrx_word' id='word_1_55' title='bbox 1616 1240 1699 1308; x_wconf 88' lang='lat' dir='ltr'>pars</span> <span class='ocrx_word' id='word_1_56' title='bbox 1729 1221 1842 1308; x_wconf 91' lang='lat' dir='ltr'>ipsius</span> <span class='ocrx_word' id='word_1_57' title='bbox 1870 1224 2017 1289; x_wconf 88' lang='lat' dir='ltr'>ecclesie</span> <span class='ocrx_word' id='word_1_58' title='bbox 2041 1221 2085 1288; x_wconf 94' lang='lat' dir='ltr'>de</span> 
     </span>
     <span class='ocr_line' id='line_1_6' title="bbox 238 1371 2086 1462; baseline -0.001 -18"><span class='ocrx_word' id='word_1_59' title='bbox 238 1380 350 1446; x_wconf 91' lang='lat' dir='ltr'>locum</span> <span class='ocrx_word' id='word_1_60' title='bbox 376 1379 536 1447; x_wconf 90' lang='lat' dir='ltr'>nuceria.</span> <span class='ocrx_word' id='word_1_61' title='bbox 561 1377 660 1444; x_wconf 89' lang='lat' dir='ltr'>Unde</span> <span class='ocrx_word' id='word_1_62' title='bbox 684 1395 750 1462; x_wconf 77' lang='lat' dir='ltr'>ego</span> <span class='ocrx_word' id='word_1_63' title='bbox 774 1374 856 1442; x_wconf 91' lang='lat' dir='ltr'>inde</span> <span class='ocrx_word' id='word_1_64' title='bbox 880 1372 991 1440; x_wconf 88' lang='lat' dir='ltr'>ostedi</span> <span class='ocrx_word' id='word_1_65' title='bbox 1016 1391 1126 1439; x_wconf 91' lang='lat' dir='ltr'>unum</span> <span class='ocrx_word' id='word_1_66' title='bbox 1152 1374 1307 1459; x_wconf 82' lang='lat' dir='ltr'>brebem,</span> <span class='ocrx_word' id='word_1_67' title='bbox 1330 1371 1486 1461; x_wconf 88' lang='lat' dir='ltr'>qualiter</span> <span class='ocrx_word' id='word_1_68' title='bbox 1510 1391 1575 1460; x_wconf 84' lang='lat' dir='ltr'>ego</span> <span class='ocrx_word' id='word_1_69' title='bbox 1600 1372 1721 1444; x_wconf 87' lang='lat' dir='ltr'>datum</span> <span class='ocrx_word' id='word_1_70' title='bbox 1745 1375 1846 1443; x_wconf 90' lang='lat' dir='ltr'>abuit</span> <span class='ocrx_word' id='word_1_71' title='bbox 1870 1374 1984 1460; x_wconf 90' lang='lat' dir='ltr'>ipsius</span> <span class='ocrx_word' id='word_1_72' title='bbox 2009 1379 2086 1444; x_wconf 92' lang='lat' dir='ltr'>ursi</span> 
     </span>
     <span class='ocr_line' id='line_1_7' title="bbox 236 1525 2089 1618; baseline -0.001 -20"><span class='ocrx_word' id='word_1_73' title='bbox 236 1530 307 1598; x_wconf 90' lang='lat' dir='ltr'>filio</span> <span class='ocrx_word' id='word_1_74' title='bbox 331 1529 499 1600; x_wconf 89' lang='lat' dir='ltr'>audoaldi</span> <span class='ocrx_word' id='word_1_75' title='bbox 523 1531 667 1618; x_wconf 84' lang='lat' dir='ltr'>genitor</span> <span class='ocrx_word' id='word_1_76' title='bbox 692 1527 805 1614; x_wconf 89' lang='lat' dir='ltr'>ipsius</span> <span class='ocrx_word' id='word_1_77' title='bbox 829 1525 989 1595; x_wconf 89' lang='lat' dir='ltr'>ademari</span> <span class='ocrx_word' id='word_1_78' title='bbox 1017 1525 1094 1611; x_wconf 89' lang='lat' dir='ltr'>ipsa</span> <span class='ocrx_word' id='word_1_79' title='bbox 1118 1529 1217 1593; x_wconf 91' lang='lat' dir='ltr'>terra</span> <span class='ocrx_word' id='word_1_80' title='bbox 1241 1545 1303 1612; x_wconf 91' lang='lat' dir='ltr'>per</span> <span class='ocrx_word' id='word_1_81' title='bbox 1328 1545 1368 1594; x_wconf 90' lang='lat' dir='ltr'>ec</span> <span class='ocrx_word' id='word_1_82' title='bbox 1392 1525 1487 1594; x_wconf 87' lang='lat' dir='ltr'>finis:</span> <span class='ocrx_word' id='word_1_83' title='bbox 1512 1526 1555 1594; x_wconf 94' lang='lat' dir='ltr'>de</span> <span class='ocrx_word' id='word_1_84' title='bbox 1578 1547 1751 1614; x_wconf 87' lang='lat' dir='ltr'>unapars</span> <span class='ocrx_word' id='word_1_85' title='bbox 1775 1549 1797 1598; x_wconf 90' lang='lat' dir='ltr'>a</span> <span class='ocrx_word' id='word_1_86' title='bbox 1822 1531 2089 1616; x_wconf 89' lang='lat' dir='ltr'>septemtrionis</span> 
     </span>
     <span class='ocr_line' id='line_1_8' title="bbox 235 1677 2090 1770; baseline 0.001 -20"><span class='ocrx_word' id='word_1_87' title='bbox 235 1683 328 1750; x_wconf 89' lang='lat' dir='ltr'>sicut</span> <span class='ocrx_word' id='word_1_88' title='bbox 353 1682 468 1749; x_wconf 90' lang='lat' dir='ltr'>medio</span> <span class='ocrx_word' id='word_1_89' title='bbox 493 1681 644 1767; x_wconf 89' lang='lat' dir='ltr'>aquario</span> <span class='ocrx_word' id='word_1_90' title='bbox 668 1680 861 1764; x_wconf 87' lang='lat' dir='ltr'>discernit,</span> <span class='ocrx_word' id='word_1_91' title='bbox 893 1677 986 1743; x_wconf 89' lang='lat' dir='ltr'>unde</span> <span class='ocrx_word' id='word_1_92' title='bbox 1010 1696 1105 1762; x_wconf 91' lang='lat' dir='ltr'>aqua</span> <span class='ocrx_word' id='word_1_93' title='bbox 1129 1678 1331 1746; x_wconf 76' lang='lat' dir='ltr'>luminario</span> <span class='ocrx_word' id='word_1_94' title='bbox 1354 1679 1551 1750; x_wconf 88' lang='lat' dir='ltr'>discurret:</span> <span class='ocrx_word' id='word_1_95' title='bbox 1578 1682 1620 1750; x_wconf 92' lang='lat' dir='ltr'>de</span> <span class='ocrx_word' id='word_1_96' title='bbox 1643 1683 1767 1749; x_wconf 88' lang='lat' dir='ltr'>subter</span> <span class='ocrx_word' id='word_1_97' title='bbox 1795 1687 1897 1770; x_wconf 91' lang='lat' dir='ltr'>parte</span> <span class='ocrx_word' id='word_1_98' title='bbox 1927 1687 1974 1752; x_wconf 86' lang='lat' dir='ltr'>ab</span> <span class='ocrx_word' id='word_1_99' title='bbox 1996 1686 2090 1752; x_wconf 90' lang='lat' dir='ltr'>occi-</span> 
     </span>
     <span class='ocr_line' id='line_1_9' title="bbox 235 1833 2089 1925; baseline 0.003 -22"><span class='ocrx_word' id='word_1_100' title='bbox 235 1834 350 1904; x_wconf 89' lang='lat' dir='ltr'>dentis</span> <span class='ocrx_word' id='word_1_101' title='bbox 377 1836 448 1904; x_wconf 86' lang='lat' dir='ltr'>fine</span> <span class='ocrx_word' id='word_1_102' title='bbox 472 1837 514 1904; x_wconf 93' lang='lat' dir='ltr'>de</span> <span class='ocrx_word' id='word_1_103' title='bbox 537 1835 658 1902; x_wconf 89' lang='lat' dir='ltr'>eredes</span> <span class='ocrx_word' id='word_1_104' title='bbox 681 1835 886 1921; x_wconf 89' lang='lat' dir='ltr'>ermeperti,</span> <span class='ocrx_word' id='word_1_105' title='bbox 912 1835 1004 1902; x_wconf 91' lang='lat' dir='ltr'>sicut</span> <span class='ocrx_word' id='word_1_106' title='bbox 1029 1833 1143 1902; x_wconf 91' lang='lat' dir='ltr'>limite</span> <span class='ocrx_word' id='word_1_107' title='bbox 1167 1841 1202 1902; x_wconf 91' lang='lat' dir='ltr'>et</span> <span class='ocrx_word' id='word_1_108' title='bbox 1225 1834 1347 1902; x_wconf 91' lang='lat' dir='ltr'>sabuci</span> <span class='ocrx_word' id='word_1_109' title='bbox 1371 1845 1407 1903; x_wconf 85' lang='lat' dir='ltr'>et</span> <span class='ocrx_word' id='word_1_110' title='bbox 1423 1853 1504 1922; x_wconf 91' lang='lat' dir='ltr'>sepe</span> <span class='ocrx_word' id='word_1_111' title='bbox 1528 1833 1712 1904; x_wconf 89' lang='lat' dir='ltr'>discernit:</span> <span class='ocrx_word' id='word_1_112' title='bbox 1739 1837 1814 1906; x_wconf 88' lang='lat' dir='ltr'>alia</span> <span class='ocrx_word' id='word_1_113' title='bbox 1837 1840 1921 1905; x_wconf 90' lang='lat' dir='ltr'>bero</span> <span class='ocrx_word' id='word_1_114' title='bbox 1945 1843 2049 1925; x_wconf 89' lang='lat' dir='ltr'>parte</span> <span class='ocrx_word' id='word_1_115' title='bbox 2066 1862 2089 1908; x_wconf 90' lang='lat' dir='ltr'>a</span> 
     </span>
     <span class='ocr_line' id='line_1_10' title="bbox 234 1987 2089 2077; baseline 0.003 -21"><span class='ocrx_word' id='word_1_116' title='bbox 234 1991 384 2058; x_wconf 90' lang='lat' dir='ltr'>meridie</span> <span class='ocrx_word' id='word_1_117' title='bbox 408 1991 479 2056; x_wconf 90' lang='lat' dir='ltr'>fine</span> <span class='ocrx_word' id='word_1_118' title='bbox 503 1995 602 2058; x_wconf 89' lang='lat' dir='ltr'>terra</span> <span class='ocrx_word' id='word_1_119' title='bbox 626 1988 777 2057; x_wconf 90' lang='lat' dir='ltr'>ecclesia</span> <span class='ocrx_word' id='word_1_120' title='bbox 801 1987 915 2057; x_wconf 90' lang='lat' dir='ltr'>sancti</span> <span class='ocrx_word' id='word_1_121' title='bbox 942 1988 1028 2073; x_wconf 92' lang='lat' dir='ltr'>biti,</span> <span class='ocrx_word' id='word_1_122' title='bbox 1054 1987 1225 2074; x_wconf 89' lang='lat' dir='ltr'>quomodo</span> <span class='ocrx_word' id='word_1_123' title='bbox 1248 1988 1422 2056; x_wconf 89' lang='lat' dir='ltr'>derictum</span> <span class='ocrx_word' id='word_1_124' title='bbox 1446 1989 1543 2057; x_wconf 81' lang='lat' dir='ltr'>exiet</span> <span class='ocrx_word' id='word_1_125' title='bbox 1573 1989 1668 2059; x_wconf 90' lang='lat' dir='ltr'>iusta</span> <span class='ocrx_word' id='word_1_126' title='bbox 1693 1990 1769 2077; x_wconf 89' lang='lat' dir='ltr'>ipsa</span> <span class='ocrx_word' id='word_1_127' title='bbox 1793 1993 1944 2060; x_wconf 90' lang='lat' dir='ltr'>ecclesia</span> <span class='ocrx_word' id='word_1_128' title='bbox 1968 1997 2089 2063; x_wconf 90' lang='lat' dir='ltr'>sancti</span> 
     </span>
     <span class='ocr_line' id='line_1_11' title="bbox 236 2141 2091 2234; baseline 0.002 -24"><span class='ocrx_word' id='word_1_129' title='bbox 236 2142 301 2210; x_wconf 90' lang='lat' dir='ltr'>biti</span> <span class='ocrx_word' id='word_1_130' title='bbox 328 2143 390 2229; x_wconf 93' lang='lat' dir='ltr'>qui</span> <span class='ocrx_word' id='word_1_131' title='bbox 416 2163 479 2212; x_wconf 92' lang='lat' dir='ltr'>ora</span> <span class='ocrx_word' id='word_1_132' title='bbox 502 2144 545 2210; x_wconf 91' lang='lat' dir='ltr'>de</span> <span class='ocrx_word' id='word_1_133' title='bbox 567 2147 713 2228; x_wconf 90' lang='lat' dir='ltr'>puteum</span> <span class='ocrx_word' id='word_1_134' title='bbox 738 2141 975 2228; x_wconf 85' lang='lat' dir='ltr'>pertinentem</span> <span class='ocrx_word' id='word_1_135' title='bbox 998 2141 1041 2209; x_wconf 93' lang='lat' dir='ltr'>de</span> <span class='ocrx_word' id='word_1_136' title='bbox 1066 2141 1144 2227; x_wconf 89' lang='lat' dir='ltr'>ipsa</span> <span class='ocrx_word' id='word_1_137' title='bbox 1168 2147 1279 2228; x_wconf 87' lang='lat' dir='ltr'>terra,</span> <span class='ocrx_word' id='word_1_138' title='bbox 1304 2147 1463 2210; x_wconf 89' lang='lat' dir='ltr'>cessante</span> <span class='ocrx_word' id='word_1_139' title='bbox 1488 2144 1533 2211; x_wconf 91' lang='lat' dir='ltr'>ab</span> <span class='ocrx_word' id='word_1_140' title='bbox 1554 2161 1617 2211; x_wconf 89' lang='lat' dir='ltr'>ora</span> <span class='ocrx_word' id='word_1_141' title='bbox 1633 2143 1676 2212; x_wconf 91' lang='lat' dir='ltr'>de</span> <span class='ocrx_word' id='word_1_142' title='bbox 1693 2144 1768 2230; x_wconf 92' lang='lat' dir='ltr'>ipso</span> <span class='ocrx_word' id='word_1_143' title='bbox 1792 2149 1938 2232; x_wconf 88' lang='lat' dir='ltr'>puteum</span> <span class='ocrx_word' id='word_1_144' title='bbox 1957 2146 1995 2212; x_wconf 92' lang='lat' dir='ltr'>in</span> <span class='ocrx_word' id='word_1_145' title='bbox 2012 2147 2091 2234; x_wconf 88' lang='lat' dir='ltr'>ipsa</span> 
     </span>
     <span class='ocr_line' id='line_1_12' title="bbox 233 2291 2091 2384; baseline 0.001 -19"><span class='ocrx_word' id='word_1_146' title='bbox 233 2315 319 2384; x_wconf 89' lang='lat' dir='ltr'>pars</span> <span class='ocrx_word' id='word_1_147' title='bbox 343 2293 492 2364; x_wconf 90' lang='lat' dir='ltr'>meridie</span> <span class='ocrx_word' id='word_1_148' title='bbox 516 2295 620 2382; x_wconf 90' lang='lat' dir='ltr'>pedes</span> <span class='ocrx_word' id='word_1_149' title='bbox 644 2294 712 2361; x_wconf 94' lang='lat' dir='ltr'>duo</span> <span class='ocrx_word' id='word_1_150' title='bbox 736 2291 780 2360; x_wconf 92' lang='lat' dir='ltr'>ad</span> <span class='ocrx_word' id='word_1_151' title='bbox 805 2310 970 2377; x_wconf 90' lang='lat' dir='ltr'>manum,</span> <span class='ocrx_word' id='word_1_152' title='bbox 995 2298 1031 2360; x_wconf 89' lang='lat' dir='ltr'>et</span> <span class='ocrx_word' id='word_1_153' title='bbox 1055 2293 1107 2360; x_wconf 87' lang='lat' dir='ltr'>sic</span> <span class='ocrx_word' id='word_1_154' title='bbox 1130 2293 1305 2362; x_wconf 89' lang='lat' dir='ltr'>derictum</span> <span class='ocrx_word' id='word_1_155' title='bbox 1328 2294 1476 2362; x_wconf 90' lang='lat' dir='ltr'>exiente</span> <span class='ocrx_word' id='word_1_156' title='bbox 1502 2314 1614 2381; x_wconf 87' lang='lat' dir='ltr'>usque</span> <span class='ocrx_word' id='word_1_157' title='bbox 1639 2297 1684 2363; x_wconf 88' lang='lat' dir='ltr'>ad</span> <span class='ocrx_word' id='word_1_158' title='bbox 1708 2297 1778 2363; x_wconf 85' lang='lat' dir='ltr'>fine</span> <span class='ocrx_word' id='word_1_159' title='bbox 1804 2297 1916 2384; x_wconf 86' lang='lat' dir='ltr'>ipsius</span> <span class='ocrx_word' id='word_1_160' title='bbox 1941 2300 2091 2366; x_wconf 88' lang='lat' dir='ltr'>ecclesie</span> 
     </span>
     <span class='ocr_line' id='line_1_13' title="bbox 236 2447 2090 2537; baseline 0.002 -23"><span class='ocrx_word' id='word_1_161' title='bbox 236 2450 351 2516; x_wconf 85' lang='lat' dir='ltr'>sancti</span> <span class='ocrx_word' id='word_1_162' title='bbox 377 2449 464 2534; x_wconf 92' lang='lat' dir='ltr'>biti,</span> <span class='ocrx_word' id='word_1_163' title='bbox 489 2453 525 2516; x_wconf 92' lang='lat' dir='ltr'>et</span> <span class='ocrx_word' id='word_1_164' title='bbox 549 2447 631 2516; x_wconf 91' lang='lat' dir='ltr'>inde</span> <span class='ocrx_word' id='word_1_165' title='bbox 656 2448 858 2517; x_wconf 90' lang='lat' dir='ltr'>rebolbento</span> <span class='ocrx_word' id='word_1_166' title='bbox 888 2469 950 2535; x_wconf 89' lang='lat' dir='ltr'>per</span> <span class='ocrx_word' id='word_1_167' title='bbox 983 2449 1061 2535; x_wconf 91' lang='lat' dir='ltr'>ipsa</span> <span class='ocrx_word' id='word_1_168' title='bbox 1093 2448 1162 2514; x_wconf 85' lang='lat' dir='ltr'>fine</span> <span class='ocrx_word' id='word_1_169' title='bbox 1191 2449 1228 2514; x_wconf 92' lang='lat' dir='ltr'>in</span> <span class='ocrx_word' id='word_1_170' title='bbox 1253 2449 1415 2533; x_wconf 90' lang='lat' dir='ltr'>partibus</span> <span class='ocrx_word' id='word_1_171' title='bbox 1439 2447 1701 2533; x_wconf 88' lang='lat' dir='ltr'>septemtrionis</span> <span class='ocrx_word' id='word_1_172' title='bbox 1715 2498 1724 2534; x_wconf 98' lang='lat'>,</span> <span class='ocrx_word' id='word_1_173' title='bbox 1749 2449 1842 2518; x_wconf 88' lang='lat' dir='ltr'>sieut</span> <span class='ocrx_word' id='word_1_174' title='bbox 1866 2451 1981 2517; x_wconf 91' lang='lat' dir='ltr'>medio</span> <span class='ocrx_word' id='word_1_175' title='bbox 2006 2451 2090 2537; x_wconf 89' lang='lat' dir='ltr'>poiu</span> 
     </span>
     <span class='ocr_line' id='line_1_14' title="bbox 236 2600 2088 2696; baseline 0.002 -28"><span class='ocrx_word' id='word_1_176' title='bbox 236 2607 271 2670; x_wconf 90' lang='lat' dir='ltr'>et</span> <span class='ocrx_word' id='word_1_177' title='bbox 294 2601 418 2672; x_wconf 89' lang='lat' dir='ltr'>sabuci</span> <span class='ocrx_word' id='word_1_178' title='bbox 442 2600 626 2696; x_wconf 84' lang='lat' dir='ltr'>discernit3</span> <span class='ocrx_word' id='word_1_179' title='bbox 651 2607 686 2669; x_wconf 89' lang='lat' dir='ltr'>et</span> <span class='ocrx_word' id='word_1_180' title='bbox 710 2601 841 2668; x_wconf 88' lang='lat' dir='ltr'>iterum</span> <span class='ocrx_word' id='word_1_181' title='bbox 866 2602 1067 2669; x_wconf 89' lang='lat' dir='ltr'>rebolbento</span> <span class='ocrx_word' id='word_1_182' title='bbox 1084 2619 1146 2687; x_wconf 88' lang='lat' dir='ltr'>per</span> <span class='ocrx_word' id='word_1_183' title='bbox 1161 2602 1239 2686; x_wconf 89' lang='lat' dir='ltr'>ipsa</span> <span class='ocrx_word' id='word_1_184' title='bbox 1254 2603 1324 2668; x_wconf 87' lang='lat' dir='ltr'>fine</span> <span class='ocrx_word' id='word_1_185' title='bbox 1349 2601 1464 2670; x_wconf 89' lang='lat' dir='ltr'>saneti</span> <span class='ocrx_word' id='word_1_186' title='bbox 1481 2603 1549 2670; x_wconf 88' lang='lat' dir='ltr'>biti</span> <span class='ocrx_word' id='word_1_187' title='bbox 1567 2602 1605 2668; x_wconf 94' lang='lat' dir='ltr'>in</span> <span class='ocrx_word' id='word_1_188' title='bbox 1622 2604 1783 2688; x_wconf 87' lang='lat' dir='ltr'>partibus</span> <span class='ocrx_word' id='word_1_189' title='bbox 1806 2602 1972 2690; x_wconf 87' lang='lat' dir='ltr'>orientis,</span> <span class='ocrx_word' id='word_1_190' title='bbox 1991 2605 2088 2672; x_wconf 89' lang='lat' dir='ltr'>sicut</span> 
     </span>
     <span class='ocr_line' id='line_1_15' title="bbox 237 2750 2110 2844; baseline 0.005 -28"><span class='ocrx_word' id='word_1_191' title='bbox 237 2751 350 2821; x_wconf 90' lang='lat' dir='ltr'>limite</span> <span class='ocrx_word' id='word_1_192' title='bbox 374 2753 568 2838; x_wconf 73' lang='lat' dir='ltr'>disceruit,</span> <span class='ocrx_word' id='word_1_193' title='bbox 592 2757 628 2819; x_wconf 92' lang='lat' dir='ltr'>et</span> <span class='ocrx_word' id='word_1_194' title='bbox 651 2754 794 2820; x_wconf 92' lang='lat' dir='ltr'>exiente</span> <span class='ocrx_word' id='word_1_195' title='bbox 818 2750 995 2819; x_wconf 91' lang='lat' dir='ltr'>derictum</span> <span class='ocrx_word' id='word_1_196' title='bbox 1019 2772 1081 2838; x_wconf 89' lang='lat' dir='ltr'>per</span> <span class='ocrx_word' id='word_1_197' title='bbox 1105 2753 1175 2819; x_wconf 84' lang='lat' dir='ltr'>fine</span> <span class='ocrx_word' id='word_1_198' title='bbox 1200 2753 1242 2819; x_wconf 93' lang='lat' dir='ltr'>de</span> <span class='ocrx_word' id='word_1_199' title='bbox 1267 2752 1389 2820; x_wconf 84' lang='lat' dir='ltr'>eredes</span> <span class='ocrx_word' id='word_1_200' title='bbox 1420 2753 1534 2839; x_wconf 88' lang='lat' dir='ltr'>ipsius</span> <span class='ocrx_word' id='word_1_201' title='bbox 1563 2755 1753 2839; x_wconf 88' lang='lat' dir='ltr'>ermeperti</span> <span class='ocrx_word' id='word_1_202' title='bbox 1784 2759 1820 2823; x_wconf 90' lang='lat' dir='ltr'>et</span> <span class='ocrx_word' id='word_1_203' title='bbox 1844 2758 2110 2844; x_wconf 79' lang='lat' dir='ltr'>coniungente&#39;</span> 
     </span>
     <span class='ocr_line' id='line_1_16' title="bbox 237 2904 2090 2998; baseline 0.001 -23"><span class='ocrx_word' id='word_1_204' title='bbox 237 2905 281 2975; x_wconf 85' lang='lat' dir='ltr'>ad</span> <span class='ocrx_word' id='word_1_205' title='bbox 306 2908 377 2973; x_wconf 88' lang='lat' dir='ltr'>fine</span> <span class='ocrx_word' id='word_1_206' title='bbox 400 2907 443 2972; x_wconf 94' lang='lat' dir='ltr'>de</span> <span class='ocrx_word' id='word_1_207' title='bbox 467 2905 588 2972; x_wconf 90' lang='lat' dir='ltr'>eredes</span> <span class='ocrx_word' id='word_1_208' title='bbox 612 2904 860 2990; x_wconf 74' lang='lat' dir='ltr'>ermengardi,</span> <span class='ocrx_word' id='word_1_209' title='bbox 886 2905 979 2970; x_wconf 88' lang='lat' dir='ltr'>sicut</span> <span class='ocrx_word' id='word_1_210' title='bbox 1003 2904 1228 2989; x_wconf 88' lang='lat' dir='ltr'>aliquantum</span> <span class='ocrx_word' id='word_1_211' title='bbox 1260 2905 1389 2974; x_wconf 86' lang='lat' dir='ltr'>ibidem</span> <span class='ocrx_word' id='word_1_212' title='bbox 1413 2908 1683 2976; x_wconf 81' lang='lat' dir='ltr'>fundamentum</span> <span class='ocrx_word' id='word_1_213' title='bbox 1707 2909 1749 2975; x_wconf 92' lang='lat' dir='ltr'>de</span> <span class='ocrx_word' id='word_1_214' title='bbox 1774 2909 1911 2995; x_wconf 90' lang='lat' dir='ltr'>pariete</span> <span class='ocrx_word' id='word_1_215' title='bbox 1937 2911 2090 2998; x_wconf 91' lang='lat' dir='ltr'>antiquo</span> 
     </span>
     <span class='ocr_line' id='line_1_17' title="bbox 237 3061 2092 3148; baseline 0.001 -17"><span class='ocrx_word' id='word_1_216' title='bbox 237 3065 421 3147; x_wconf 82' lang='lat' dir='ltr'>discernit3</span> <span class='ocrx_word' id='word_1_217' title='bbox 447 3085 469 3132; x_wconf 89' lang='lat' dir='ltr'>a</span> <span class='ocrx_word' id='word_1_218' title='bbox 493 3064 655 3148; x_wconf 89' lang='lat' dir='ltr'>partibus</span> <span class='ocrx_word' id='word_1_219' title='bbox 678 3061 825 3128; x_wconf 89' lang='lat' dir='ltr'>orientis</span> <span class='ocrx_word' id='word_1_220' title='bbox 850 3061 920 3128; x_wconf 84' lang='lat' dir='ltr'>fine</span> <span class='ocrx_word' id='word_1_221' title='bbox 943 3061 986 3128; x_wconf 92' lang='lat' dir='ltr'>de</span> <span class='ocrx_word' id='word_1_222' title='bbox 1002 3062 1123 3128; x_wconf 87' lang='lat' dir='ltr'>eredes</span> <span class='ocrx_word' id='word_1_223' title='bbox 1145 3061 1311 3147; x_wconf 88' lang='lat' dir='ltr'>daudati,</span> <span class='ocrx_word' id='word_1_224' title='bbox 1328 3063 1422 3130; x_wconf 87' lang='lat' dir='ltr'>sieut</span> <span class='ocrx_word' id='word_1_225' title='bbox 1438 3081 1520 3148; x_wconf 91' lang='lat' dir='ltr'>sepe</span> <span class='ocrx_word' id='word_1_226' title='bbox 1536 3067 1572 3130; x_wconf 91' lang='lat' dir='ltr'>et</span> <span class='ocrx_word' id='word_1_227' title='bbox 1588 3063 1710 3130; x_wconf 87' lang='lat' dir='ltr'>sabuci</span> <span class='ocrx_word' id='word_1_228' title='bbox 1728 3069 1763 3130; x_wconf 92' lang='lat' dir='ltr'>et</span> <span class='ocrx_word' id='word_1_229' title='bbox 1780 3063 1894 3133; x_wconf 86' lang='lat' dir='ltr'>limite</span> <span class='ocrx_word' id='word_1_230' title='bbox 1918 3066 2092 3135; x_wconf 88' lang='lat' dir='ltr'>discernit</span> 
     </span>
     <span class='ocr_line' id='line_1_18' title="bbox 237 3213 2091 3307; baseline 0.001 -21"><span class='ocrx_word' id='word_1_231' title='bbox 237 3225 271 3286; x_wconf 91' lang='lat' dir='ltr'>et</span> <span class='ocrx_word' id='word_1_232' title='bbox 296 3218 538 3306; x_wconf 78' lang='lat' dir='ltr'>coniungente</span> <span class='ocrx_word' id='word_1_233' title='bbox 563 3220 601 3284; x_wconf 92' lang='lat' dir='ltr'>in</span> <span class='ocrx_word' id='word_1_234' title='bbox 627 3218 701 3304; x_wconf 90' lang='lat' dir='ltr'>ipso</span> <span class='ocrx_word' id='word_1_235' title='bbox 726 3217 877 3302; x_wconf 92' lang='lat' dir='ltr'>aquario</span> <span class='ocrx_word' id='word_1_236' title='bbox 908 3216 999 3302; x_wconf 89' lang='lat' dir='ltr'>quod</span> <span class='ocrx_word' id='word_1_237' title='bbox 1031 3221 1084 3283; x_wconf 92' lang='lat' dir='ltr'>est</span> <span class='ocrx_word' id='word_1_238' title='bbox 1108 3213 1223 3301; x_wconf 90' lang='lat' dir='ltr'>priore</span> <span class='ocrx_word' id='word_1_239' title='bbox 1254 3217 1339 3301; x_wconf 83' lang='lat' dir='ltr'>line3</span> <span class='ocrx_word' id='word_1_240' title='bbox 1369 3219 1405 3282; x_wconf 91' lang='lat' dir='ltr'>et</span> <span class='ocrx_word' id='word_1_241' title='bbox 1434 3235 1514 3282; x_wconf 91' lang='lat' dir='ltr'>cum</span> <span class='ocrx_word' id='word_1_242' title='bbox 1530 3215 1600 3282; x_wconf 83' lang='lat' dir='ltr'>luit</span> <span class='ocrx_word' id='word_1_243' title='bbox 1623 3217 1793 3284; x_wconf 89' lang='lat' dir='ltr'>relectum</span> <span class='ocrx_word' id='word_1_244' title='bbox 1818 3219 1895 3304; x_wconf 88' lang='lat' dir='ltr'>ipso</span> <span class='ocrx_word' id='word_1_245' title='bbox 1921 3221 2091 3307; x_wconf 89' lang='lat' dir='ltr'>brebem,</span> 
     </span>
     <span class='ocr_line' id='line_1_19' title="bbox 237 3371 2092 3461; baseline -0.001 -19"><span class='ocrx_word' id='word_1_246' title='bbox 237 3376 410 3460; x_wconf 84' lang='lat' dir='ltr'>diximus,</span> <span class='ocrx_word' id='word_1_247' title='bbox 434 3378 474 3442; x_wconf 93' lang='lat' dir='ltr'>ut</span> <span class='ocrx_word' id='word_1_248' title='bbox 498 3374 576 3460; x_wconf 89' lang='lat' dir='ltr'>ipsa</span> <span class='ocrx_word' id='word_1_249' title='bbox 599 3375 706 3440; x_wconf 89' lang='lat' dir='ltr'>rebus</span> <span class='ocrx_word' id='word_1_250' title='bbox 732 3376 879 3440; x_wconf 89' lang='lat' dir='ltr'>nonest</span> <span class='ocrx_word' id='word_1_251' title='bbox 903 3371 953 3438; x_wconf 92' lang='lat' dir='ltr'>sic</span> <span class='ocrx_word' id='word_1_252' title='bbox 978 3377 1126 3458; x_wconf 85' lang='lat' dir='ltr'>operata</span> <span class='ocrx_word' id='word_1_253' title='bbox 1149 3375 1185 3436; x_wconf 94' lang='lat' dir='ltr'>et</span> <span class='ocrx_word' id='word_1_254' title='bbox 1209 3371 1385 3456; x_wconf 89' lang='lat' dir='ltr'>laborata,</span> <span class='ocrx_word' id='word_1_255' title='bbox 1410 3371 1502 3437; x_wconf 88' lang='lat' dir='ltr'>sieut</span> <span class='ocrx_word' id='word_1_256' title='bbox 1526 3371 1601 3456; x_wconf 90' lang='lat' dir='ltr'>ipso</span> <span class='ocrx_word' id='word_1_257' title='bbox 1627 3373 1768 3439; x_wconf 85' lang='lat' dir='ltr'>brebem</span> <span class='ocrx_word' id='word_1_258' title='bbox 1793 3373 1965 3461; x_wconf 88' lang='lat' dir='ltr'>continet,</span> <span class='ocrx_word' id='word_1_259' title='bbox 1984 3395 2092 3461; x_wconf 89' lang='lat' dir='ltr'>quem</span> 
     </span>
     <span class='ocr_line' id='line_1_20' title="bbox 237 3513 2087 3616; baseline -0.001 -18"><span class='ocrx_word' id='word_1_260' title='bbox 237 3547 321 3616; x_wconf 89' lang='lat' dir='ltr'>pars</span> <span class='ocrx_word' id='word_1_261' title='bbox 346 3529 461 3614; x_wconf 88' lang='lat' dir='ltr'>ipsius</span> <span class='ocrx_word' id='word_1_262' title='bbox 484 3528 631 3594; x_wconf 87' lang='lat' dir='ltr'>ecclesie</span> <span class='ocrx_word' id='word_1_263' title='bbox 656 3530 758 3594; x_wconf 93' lang='lat' dir='ltr'>abet:</span> <span class='ocrx_word' id='word_1_264' title='bbox 786 3525 861 3610; x_wconf 93' lang='lat' dir='ltr'>ipse</span> <span class='ocrx_word' id='word_1_265' title='bbox 885 3525 1044 3593; x_wconf 89' lang='lat' dir='ltr'>ademari</span> <span class='ocrx_word' id='word_1_266' title='bbox 1067 3523 1180 3609; x_wconf 84' lang='lat' dir='ltr'>dixit,</span> <span class='ocrx_word' id='word_1_267' title='bbox 1205 3524 1254 3590; x_wconf 90' lang='lat' dir='ltr'>sic</span> <span class='ocrx_word' id='word_1_268' title='bbox 1279 3523 1361 3590; x_wconf 91' lang='lat' dir='ltr'>illut</span> <span class='ocrx_word' id='word_1_269' title='bbox 1384 3526 1506 3592; x_wconf 92' lang='lat' dir='ltr'>aberet</span> <span class='ocrx_word' id='word_1_270' title='bbox 1529 3526 1661 3594; x_wconf 80' lang='lat' dir='ltr'>lactum</span> <span class='ocrx_word' id='word_1_271' title='bbox 1684 3529 1720 3593; x_wconf 93' lang='lat' dir='ltr'>et</span> <span class='ocrx_word' id='word_1_272' title='bbox 1744 3527 1966 3616; x_wconf 89' lang='lat' dir='ltr'>laboratum,</span> <span class='ocrx_word' id='word_1_273' title='bbox 1993 3513 2087 3596; x_wconf 84' lang='lat' dir='ltr'>sicut</span> 
     </span>
     <span class='ocr_line' id='line_1_21' title="bbox 239 3677 2094 3782; baseline 0.002 -33"><span class='ocrx_word' id='word_1_274' title='bbox 239 3685 313 3770; x_wconf 89' lang='lat' dir='ltr'>ipse</span> <span class='ocrx_word' id='word_1_275' title='bbox 338 3685 482 3771; x_wconf 83' lang='lat' dir='ltr'>genitor</span> <span class='ocrx_word' id='word_1_276' title='bbox 513 3702 598 3750; x_wconf 90' lang='lat' dir='ltr'>suus</span> <span class='ocrx_word' id='word_1_277' title='bbox 621 3684 799 3770; x_wconf 80' lang='lat' dir='ltr'>obligatus</span> <span class='ocrx_word' id='word_1_278' title='bbox 827 3683 898 3748; x_wconf 84' lang='lat' dir='ltr'>fuit</span> <span class='ocrx_word' id='word_1_279' title='bbox 921 3683 956 3747; x_wconf 89' lang='lat' dir='ltr'>et</span> <span class='ocrx_word' id='word_1_280' title='bbox 980 3680 1088 3748; x_wconf 92' lang='lat' dir='ltr'>tando</span> <span class='ocrx_word' id='word_1_281' title='bbox 1118 3697 1224 3764; x_wconf 89' lang='lat' dir='ltr'>super</span> <span class='ocrx_word' id='word_1_282' title='bbox 1249 3679 1353 3782; x_wconf 88' lang='lat' dir='ltr'>rebus</span> <span class='ocrx_word' id='word_1_283' title='bbox 1384 3677 1461 3764; x_wconf 91' lang='lat' dir='ltr'>ipsa</span> <span class='ocrx_word' id='word_1_284' title='bbox 1492 3680 1715 3764; x_wconf 84' lang='lat' dir='ltr'>perreximus</span> <span class='ocrx_word' id='word_1_285' title='bbox 1745 3700 1827 3746; x_wconf 90' lang='lat' dir='ltr'>curn</span> <span class='ocrx_word' id='word_1_286' title='bbox 1857 3682 1933 3767; x_wconf 92' lang='lat' dir='ltr'>ipso</span> <span class='ocrx_word' id='word_1_287' title='bbox 1964 3703 2094 3770; x_wconf 86' lang='lat' dir='ltr'>supra-</span> 
     </span>
     <span class='ocr_line' id='line_1_22' title="bbox 237 3830 2094 3922; baseline -0.001 -15"><span class='ocrx_word' id='word_1_288' title='bbox 237 3839 373 3922; x_wconf 90' lang='lat' dir='ltr'>scripto</span> <span class='ocrx_word' id='word_1_289' title='bbox 397 3856 514 3905; x_wconf 89' lang='lat' dir='ltr'>comes</span> <span class='ocrx_word' id='word_1_290' title='bbox 539 3841 679 3903; x_wconf 88' lang='lat' dir='ltr'>etcum</span> <span class='ocrx_word' id='word_1_291' title='bbox 703 3835 785 3904; x_wconf 91' lang='lat' dir='ltr'>aliis</span> <span class='ocrx_word' id='word_1_292' title='bbox 810 3834 892 3902; x_wconf 92' lang='lat' dir='ltr'>boni</span> <span class='ocrx_word' id='word_1_293' title='bbox 917 3833 1094 3900; x_wconf 91' lang='lat' dir='ltr'>ominibus</span> <span class='ocrx_word' id='word_1_294' title='bbox 1118 3831 1160 3898; x_wconf 92' lang='lat' dir='ltr'>de</span> <span class='ocrx_word' id='word_1_295' title='bbox 1185 3831 1269 3898; x_wconf 91' lang='lat' dir='ltr'>illuc</span> <span class='ocrx_word' id='word_1_296' title='bbox 1295 3830 1460 3917; x_wconf 90' lang='lat' dir='ltr'>nuceria,</span> <span class='ocrx_word' id='word_1_297' title='bbox 1484 3833 1521 3898; x_wconf 92' lang='lat' dir='ltr'>et</span> <span class='ocrx_word' id='word_1_298' title='bbox 1544 3832 1691 3900; x_wconf 90' lang='lat' dir='ltr'>minime</span> <span class='ocrx_word' id='word_1_299' title='bbox 1717 3834 1821 3899; x_wconf 89' lang='lat' dir='ltr'>rebus</span> <span class='ocrx_word' id='word_1_300' title='bbox 1847 3835 1927 3920; x_wconf 91' lang='lat' dir='ltr'>ipsa</span> <span class='ocrx_word' id='word_1_301' title='bbox 1953 3835 2094 3905; x_wconf 91' lang='lat' dir='ltr'>inbeni-</span> 
     </span>
     <span class='ocr_line' id='line_1_23' title="bbox 239 3983 2094 4078; baseline -0.001 -20"><span class='ocrx_word' id='word_1_302' title='bbox 239 4010 317 4058; x_wconf 90' lang='lat' dir='ltr'>mns</span> <span class='ocrx_word' id='word_1_303' title='bbox 340 3991 437 4059; x_wconf 85' lang='lat' dir='ltr'>sacta</span> <span class='ocrx_word' id='word_1_304' title='bbox 461 3995 496 4059; x_wconf 93' lang='lat' dir='ltr'>et</span> <span class='ocrx_word' id='word_1_305' title='bbox 520 3995 667 4078; x_wconf 90' lang='lat' dir='ltr'>operata</span> <span class='ocrx_word' id='word_1_306' title='bbox 689 3995 725 4058; x_wconf 90' lang='lat' dir='ltr'>et</span> <span class='ocrx_word' id='word_1_307' title='bbox 748 3989 867 4076; x_wconf 90' lang='lat' dir='ltr'>clusa,</span> <span class='ocrx_word' id='word_1_308' title='bbox 900 3989 993 4056; x_wconf 86' lang='lat' dir='ltr'>sicut</span> <span class='ocrx_word' id='word_1_309' title='bbox 1024 3987 1098 4072; x_wconf 90' lang='lat' dir='ltr'>ipse</span> <span class='ocrx_word' id='word_1_310' title='bbox 1122 3983 1265 4072; x_wconf 81' lang='lat' dir='ltr'>genitor</span> <span class='ocrx_word' id='word_1_311' title='bbox 1290 4001 1375 4048; x_wconf 91' lang='lat' dir='ltr'>suus</span> <span class='ocrx_word' id='word_1_312' title='bbox 1399 3983 1529 4050; x_wconf 90' lang='lat' dir='ltr'>exinde</span> <span class='ocrx_word' id='word_1_313' title='bbox 1553 3984 1733 4070; x_wconf 84' lang='lat' dir='ltr'>obligatus</span> <span class='ocrx_word' id='word_1_314' title='bbox 1758 3985 1827 4052; x_wconf 87' lang='lat' dir='ltr'>fuit</span> <span class='ocrx_word' id='word_1_315' title='bbox 1841 4035 1850 4072; x_wconf 91' lang='lat'>,</span> <span class='ocrx_word' id='word_1_316' title='bbox 1883 3993 1919 4054; x_wconf 88' lang='lat' dir='ltr'>et</span> <span class='ocrx_word' id='word_1_317' title='bbox 1943 3989 2004 4056; x_wconf 93' lang='lat' dir='ltr'>ille</span> <span class='ocrx_word' id='word_1_318' title='bbox 2029 4010 2094 4076; x_wconf 93' lang='lat' dir='ltr'>per</span> 
     </span>
    </p>
   </div>
   <div class='ocr_carea' id='block_1_3' title="bbox 238 4137 2092 4232">
    <p class='ocr_par' dir='ltr' id='par_1_3' title="bbox 238 4137 2092 4232">
     <span class='ocr_line' id='line_1_24' title="bbox 238 4137 2092 4232; baseline -0.002 -21"><span class='ocrx_word' id='word_1_319' title='bbox 238 4146 352 4232; x_wconf 87' lang='lat' dir='ltr'>legem</span> <span class='ocrx_word' id='word_1_320' title='bbox 378 4146 482 4212; x_wconf 91' lang='lat' dir='ltr'>nobis</span> <span class='ocrx_word' id='word_1_321' title='bbox 506 4144 665 4212; x_wconf 88' lang='lat' dir='ltr'>cecidere</span> <span class='ocrx_word' id='word_1_322' title='bbox 688 4143 805 4230; x_wconf 89' lang='lat' dir='ltr'>debet;</span> <span class='ocrx_word' id='word_1_323' title='bbox 831 4145 884 4211; x_wconf 92' lang='lat' dir='ltr'>set</span> <span class='ocrx_word' id='word_1_324' title='bbox 908 4145 1102 4227; x_wconf 89' lang='lat' dir='ltr'>antequam</span> <span class='ocrx_word' id='word_1_325' title='bbox 1136 4137 1216 4224; x_wconf 92' lang='lat' dir='ltr'>plus</span> <span class='ocrx_word' id='word_1_326' title='bbox 1239 4137 1321 4204; x_wconf 94' lang='lat' dir='ltr'>inde</span> <span class='ocrx_word' id='word_1_327' title='bbox 1346 4137 1473 4206; x_wconf 90' lang='lat' dir='ltr'>fierent</span> <span class='ocrx_word' id='word_1_328' title='bbox 1497 4138 1748 4224; x_wconf 90' lang='lat' dir='ltr'>causationes,</span> <span class='ocrx_word' id='word_1_329' title='bbox 1779 4158 1843 4224; x_wconf 90' lang='lat' dir='ltr'>per</span> <span class='ocrx_word' id='word_1_330' title='bbox 1874 4140 2092 4226; x_wconf 90' lang='lat' dir='ltr'>colloquium</span> 
     </span>
    </p>
   </div>
   <div class='ocr_carea' id='block_1_4' title="bbox 239 4290 2092 4384">
    <p class='ocr_par' dir='ltr' id='par_1_4' title="bbox 239 4290 2092 4384">
     <span class='ocr_line' id='line_1_25' title="bbox 239 4290 2092 4384; baseline -0.001 -20"><span class='ocrx_word' id='word_1_331' title='bbox 239 4299 280 4365; x_wconf 92' lang='lat' dir='ltr'>de</span> <span class='ocrx_word' id='word_1_332' title='bbox 305 4297 382 4384; x_wconf 91' lang='lat' dir='ltr'>ipso</span> <span class='ocrx_word' id='word_1_333' title='bbox 406 4315 521 4364; x_wconf 91' lang='lat' dir='ltr'>eomes</span> <span class='ocrx_word' id='word_1_334' title='bbox 543 4299 580 4362; x_wconf 87' lang='lat' dir='ltr'>et</span> <span class='ocrx_word' id='word_1_335' title='bbox 604 4295 646 4362; x_wconf 93' lang='lat' dir='ltr'>de</span> <span class='ocrx_word' id='word_1_336' title='bbox 669 4294 821 4362; x_wconf 90' lang='lat' dir='ltr'>aliorum</span> <span class='ocrx_word' id='word_1_337' title='bbox 851 4295 1023 4359; x_wconf 90' lang='lat' dir='ltr'>bonorum</span> <span class='ocrx_word' id='word_1_338' title='bbox 1051 4291 1186 4358; x_wconf 89' lang='lat' dir='ltr'>omines</span> <span class='ocrx_word' id='word_1_339' title='bbox 1218 4290 1381 4358; x_wconf 90' lang='lat' dir='ltr'>benimus</span> <span class='ocrx_word' id='word_1_340' title='bbox 1412 4291 1457 4360; x_wconf 94' lang='lat' dir='ltr'>ad</span> <span class='ocrx_word' id='word_1_341' title='bbox 1487 4293 1580 4358; x_wconf 90' lang='lat' dir='ltr'>bona</span> <span class='ocrx_word' id='word_1_342' title='bbox 1610 4291 1872 4360; x_wconf 90' lang='lat' dir='ltr'>combenientia</span> <span class='ocrx_word' id='word_1_343' title='bbox 1903 4311 1984 4360; x_wconf 90' lang='lat' dir='ltr'>cum</span> <span class='ocrx_word' id='word_1_344' title='bbox 2017 4294 2092 4380; x_wconf 91' lang='lat' dir='ltr'>ipse</span> 
     </span>
    </p>
   </div>
   <div class='ocr_carea' id='block_1_5' title="bbox 238 4440 2100 5764">
    <p class='ocr_par' dir='ltr' id='par_1_5' title="bbox 238 4440 2100 5764">
     <span class='ocr_line' id='line_1_26' title="bbox 239 4440 2092 4536; baseline -0.004 -17"><span class='ocrx_word' id='word_1_345' title='bbox 239 4449 400 4519; x_wconf 83' lang='lat' dir='ltr'>ademari</span> <span class='ocrx_word' id='word_1_346' title='bbox 424 4467 487 4536; x_wconf 89' lang='lat' dir='ltr'>per</span> <span class='ocrx_word' id='word_1_347' title='bbox 503 4446 812 4516; x_wconf 90' lang='lat' dir='ltr'>demandationem</span> <span class='ocrx_word' id='word_1_348' title='bbox 830 4444 942 4530; x_wconf 90' lang='lat' dir='ltr'>ipsius</span> <span class='ocrx_word' id='word_1_349' title='bbox 958 4442 1078 4510; x_wconf 90' lang='lat' dir='ltr'>domni</span> <span class='ocrx_word' id='word_1_350' title='bbox 1094 4440 1216 4510; x_wconf 91' lang='lat' dir='ltr'>abbati</span> <span class='ocrx_word' id='word_1_351' title='bbox 1236 4461 1298 4528; x_wconf 91' lang='lat' dir='ltr'>per</span> <span class='ocrx_word' id='word_1_352' title='bbox 1314 4445 1520 4529; x_wconf 88' lang='lat' dir='ltr'>succeptum</span> <span class='ocrx_word' id='word_1_353' title='bbox 1535 4442 1711 4529; x_wconf 79' lang='lat' dir='ltr'>launegilt</span> <span class='ocrx_word' id='word_1_354' title='bbox 1735 4444 1865 4511; x_wconf 92' lang='lat' dir='ltr'>donabi</span> <span class='ocrx_word' id='word_1_355' title='bbox 1891 4462 1957 4532; x_wconf 79' lang='lat' dir='ltr'>ego</span> <span class='ocrx_word' id='word_1_356' title='bbox 1975 4444 2092 4529; x_wconf 90' lang='lat' dir='ltr'>ipsius</span> 
     </span>
     <span class='ocr_line' id='line_1_27' title="bbox 241 4593 2094 4683; baseline -0.002 -15"><span class='ocrx_word' id='word_1_357' title='bbox 241 4600 403 4670; x_wconf 85' lang='lat' dir='ltr'>ademari</span> <span class='ocrx_word' id='word_1_358' title='bbox 428 4617 548 4668; x_wconf 90' lang='lat' dir='ltr'>omnes</span> <span class='ocrx_word' id='word_1_359' title='bbox 571 4597 750 4667; x_wconf 89' lang='lat' dir='ltr'>calumnie</span> <span class='ocrx_word' id='word_1_360' title='bbox 774 4595 925 4683; x_wconf 91' lang='lat' dir='ltr'>exinde,</span> <span class='ocrx_word' id='word_1_361' title='bbox 948 4599 985 4662; x_wconf 93' lang='lat' dir='ltr'>et</span> <span class='ocrx_word' id='word_1_362' title='bbox 1010 4595 1084 4681; x_wconf 91' lang='lat' dir='ltr'>ipse</span> <span class='ocrx_word' id='word_1_363' title='bbox 1116 4593 1276 4662; x_wconf 89' lang='lat' dir='ltr'>ademari</span> <span class='ocrx_word' id='word_1_364' title='bbox 1302 4593 1512 4664; x_wconf 91' lang='lat' dir='ltr'>bolumtarie</span> <span class='ocrx_word' id='word_1_365' title='bbox 1536 4614 1597 4662; x_wconf 90' lang='lat' dir='ltr'>sue</span> <span class='ocrx_word' id='word_1_366' title='bbox 1622 4614 1685 4681; x_wconf 88' lang='lat' dir='ltr'>per</span> <span class='ocrx_word' id='word_1_367' title='bbox 1710 4598 1802 4663; x_wconf 93' lang='lat' dir='ltr'>bona</span> <span class='ocrx_word' id='word_1_368' title='bbox 1825 4598 2094 4665; x_wconf 91' lang='lat' dir='ltr'>combenientia</span> 
     </span>
     <span class='ocr_line' id='line_1_28' title="bbox 239 4748 2096 4841; baseline 0.001 -23"><span class='ocrx_word' id='word_1_369' title='bbox 239 4757 378 4822; x_wconf 91' lang='lat' dir='ltr'>remisit</span> <span class='ocrx_word' id='word_1_370' title='bbox 403 4755 449 4823; x_wconf 92' lang='lat' dir='ltr'>ad</span> <span class='ocrx_word' id='word_1_371' title='bbox 474 4757 649 4841; x_wconf 91' lang='lat' dir='ltr'>potestate</span> <span class='ocrx_word' id='word_1_372' title='bbox 675 4751 786 4839; x_wconf 87' lang='lat' dir='ltr'>ipsius</span> <span class='ocrx_word' id='word_1_373' title='bbox 811 4750 957 4818; x_wconf 89' lang='lat' dir='ltr'>ecclesie</span> <span class='ocrx_word' id='word_1_374' title='bbox 983 4749 1107 4817; x_wconf 90' lang='lat' dir='ltr'>inclita</span> <span class='ocrx_word' id='word_1_375' title='bbox 1139 4748 1329 4816; x_wconf 88' lang='lat' dir='ltr'>medietate</span> <span class='ocrx_word' id='word_1_376' title='bbox 1355 4748 1432 4835; x_wconf 89' lang='lat' dir='ltr'>ipsa</span> <span class='ocrx_word' id='word_1_377' title='bbox 1455 4755 1553 4818; x_wconf 89' lang='lat' dir='ltr'>terra</span> <span class='ocrx_word' id='word_1_378' title='bbox 1583 4767 1665 4816; x_wconf 89' lang='lat' dir='ltr'>cum</span> <span class='ocrx_word' id='word_1_379' title='bbox 1694 4751 1882 4818; x_wconf 88' lang='lat' dir='ltr'>arbustum</span> <span class='ocrx_word' id='word_1_380' title='bbox 1913 4753 2008 4820; x_wconf 82' lang='lat' dir='ltr'>infra</span> <span class='ocrx_word' id='word_1_381' title='bbox 2037 4771 2096 4820; x_wconf 91' lang='lat' dir='ltr'>su-</span> 
     </span>
     <span class='ocr_line' id='line_1_29' title="bbox 238 4902 2097 4996; baseline -0.002 -20"><span class='ocrx_word' id='word_1_382' title='bbox 238 4911 400 4996; x_wconf 90' lang='lat' dir='ltr'>pradicte</span> <span class='ocrx_word' id='word_1_383' title='bbox 423 4908 508 4976; x_wconf 84' lang='lat' dir='ltr'>finis</span> <span class='ocrx_word' id='word_1_384' title='bbox 532 4908 593 4993; x_wconf 92' lang='lat' dir='ltr'>qui</span> <span class='ocrx_word' id='word_1_385' title='bbox 619 4913 672 4975; x_wconf 93' lang='lat' dir='ltr'>est</span> <span class='ocrx_word' id='word_1_386' title='bbox 698 4907 736 4973; x_wconf 93' lang='lat' dir='ltr'>in</span> <span class='ocrx_word' id='word_1_387' title='bbox 760 4906 924 4993; x_wconf 87' lang='lat' dir='ltr'>partibus</span> <span class='ocrx_word' id='word_1_388' title='bbox 947 4903 1109 4990; x_wconf 78' lang='lat' dir='ltr'>orientiS,</span> <span class='ocrx_word' id='word_1_389' title='bbox 1135 4903 1337 4972; x_wconf 81' lang='lat' dir='ltr'>laciendum</span> <span class='ocrx_word' id='word_1_390' title='bbox 1356 4902 1486 4971; x_wconf 91' lang='lat' dir='ltr'>exinde</span> <span class='ocrx_word' id='word_1_391' title='bbox 1503 4903 1580 4990; x_wconf 90' lang='lat' dir='ltr'>ipsa</span> <span class='ocrx_word' id='word_1_392' title='bbox 1604 4903 1755 4972; x_wconf 90' lang='lat' dir='ltr'>ecclesia</span> <span class='ocrx_word' id='word_1_393' title='bbox 1778 4907 1899 4972; x_wconf 90' lang='lat' dir='ltr'>omnia</span> <span class='ocrx_word' id='word_1_394' title='bbox 1925 4907 2018 4991; x_wconf 90' lang='lat' dir='ltr'>quod</span> <span class='ocrx_word' id='word_1_395' title='bbox 2037 4909 2097 4974; x_wconf 93' lang='lat' dir='ltr'>bo-</span> 
     </span>
     <span class='ocr_line' id='line_1_30' title="bbox 240 5057 2093 5149; baseline -0.001 -19"><span class='ocrx_word' id='word_1_396' title='bbox 240 5065 361 5149; x_wconf 82' lang='lat' dir='ltr'>luerit3</span> <span class='ocrx_word' id='word_1_397' title='bbox 389 5063 490 5130; x_wconf 92' lang='lat' dir='ltr'>modo</span> <span class='ocrx_word' id='word_1_398' title='bbox 513 5066 647 5147; x_wconf 91' lang='lat' dir='ltr'>autem,</span> <span class='ocrx_word' id='word_1_399' title='bbox 671 5066 711 5128; x_wconf 90' lang='lat' dir='ltr'>ut</span> <span class='ocrx_word' id='word_1_400' title='bbox 733 5059 867 5128; x_wconf 87' lang='lat' dir='ltr'>dictum</span> <span class='ocrx_word' id='word_1_401' title='bbox 890 5063 961 5144; x_wconf 91' lang='lat' dir='ltr'>est,</span> <span class='ocrx_word' id='word_1_402' title='bbox 988 5080 1069 5128; x_wconf 89' lang='lat' dir='ltr'>oum</span> <span class='ocrx_word' id='word_1_403' title='bbox 1098 5057 1173 5145; x_wconf 89' lang='lat' dir='ltr'>ipso</span> <span class='ocrx_word' id='word_1_404' title='bbox 1198 5057 1357 5127; x_wconf 91' lang='lat' dir='ltr'>ademari</span> <span class='ocrx_word' id='word_1_405' title='bbox 1383 5075 1461 5124; x_wconf 91' lang='lat' dir='ltr'>sum</span> <span class='ocrx_word' id='word_1_406' title='bbox 1485 5061 1695 5126; x_wconf 91' lang='lat' dir='ltr'>coniuntum</span> <span class='ocrx_word' id='word_1_407' title='bbox 1718 5079 1781 5146; x_wconf 90' lang='lat' dir='ltr'>per</span> <span class='ocrx_word' id='word_1_408' title='bbox 1806 5061 2027 5128; x_wconf 89' lang='lat' dir='ltr'>absolutione</span> <span class='ocrx_word' id='word_1_409' title='bbox 2055 5069 2093 5130; x_wconf 89' lang='lat' dir='ltr'>et</span> 
     </span>
     <span class='ocr_line' id='line_1_31' title="bbox 240 5213 2097 5305; baseline 0.001 -23"><span class='ocrx_word' id='word_1_410' title='bbox 240 5217 436 5305; x_wconf 73' lang='lat' dir='ltr'>largiebate</span> <span class='ocrx_word' id='word_1_411' title='bbox 459 5217 502 5284; x_wconf 94' lang='lat' dir='ltr'>de</span> <span class='ocrx_word' id='word_1_412' title='bbox 527 5217 645 5304; x_wconf 91' lang='lat' dir='ltr'>ipsum</span> <span class='ocrx_word' id='word_1_413' title='bbox 668 5217 817 5284; x_wconf 89' lang='lat' dir='ltr'>domnus</span> <span class='ocrx_word' id='word_1_414' title='bbox 841 5219 965 5304; x_wconf 86' lang='lat' dir='ltr'>abbas,</span> <span class='ocrx_word' id='word_1_415' title='bbox 991 5235 1064 5284; x_wconf 90' lang='lat' dir='ltr'>una</span> <span class='ocrx_word' id='word_1_416' title='bbox 1087 5234 1225 5282; x_wconf 90' lang='lat' dir='ltr'>mecum</span> <span class='ocrx_word' id='word_1_417' title='bbox 1249 5214 1388 5282; x_wconf 90' lang='lat' dir='ltr'>adesset</span> <span class='ocrx_word' id='word_1_418' title='bbox 1411 5216 1535 5299; x_wconf 85' lang='lat' dir='ltr'>petrus</span> <span class='ocrx_word' id='word_1_419' title='bbox 1550 5230 1681 5300; x_wconf 77' lang='lat' dir='ltr'>comeS,</span> <span class='ocrx_word' id='word_1_420' title='bbox 1698 5213 1760 5298; x_wconf 91' lang='lat' dir='ltr'>qui</span> <span class='ocrx_word' id='word_1_421' title='bbox 1777 5219 1829 5280; x_wconf 88' lang='lat' dir='ltr'>est</span> <span class='ocrx_word' id='word_1_422' title='bbox 1853 5215 2044 5284; x_wconf 91' lang='lat' dir='ltr'>adbocator</span> <span class='ocrx_word' id='word_1_423' title='bbox 2060 5225 2097 5286; x_wconf 91' lang='lat' dir='ltr'>et</span> 
     </span>
     <span class='ocr_line' id='line_1_32' title="bbox 240 5365 2097 5457; baseline -0.002 -19"><span class='ocrx_word' id='word_1_424' title='bbox 240 5389 351 5440; x_wconf 91' lang='lat' dir='ltr'>unum</span> <span class='ocrx_word' id='word_1_425' title='bbox 379 5371 422 5438; x_wconf 93' lang='lat' dir='ltr'>de</span> <span class='ocrx_word' id='word_1_426' title='bbox 446 5370 597 5438; x_wconf 91' lang='lat' dir='ltr'>dominii</span> <span class='ocrx_word' id='word_1_427' title='bbox 622 5371 735 5457; x_wconf 91' lang='lat' dir='ltr'>ipsius</span> <span class='ocrx_word' id='word_1_428' title='bbox 758 5369 924 5456; x_wconf 88' lang='lat' dir='ltr'>ecclesie,</span> <span class='ocrx_word' id='word_1_429' title='bbox 949 5368 1161 5437; x_wconf 90' lang='lat' dir='ltr'>tradidimus</span> <span class='ocrx_word' id='word_1_430' title='bbox 1184 5367 1218 5435; x_wconf 94' lang='lat' dir='ltr'>ei</span> <span class='ocrx_word' id='word_1_431' title='bbox 1243 5367 1321 5453; x_wconf 92' lang='lat' dir='ltr'>ipsa</span> <span class='ocrx_word' id='word_1_432' title='bbox 1344 5365 1419 5435; x_wconf 90' lang='lat' dir='ltr'>alia</span> <span class='ocrx_word' id='word_1_433' title='bbox 1450 5366 1566 5435; x_wconf 90' lang='lat' dir='ltr'>media</span> <span class='ocrx_word' id='word_1_434' title='bbox 1596 5371 1693 5434; x_wconf 86' lang='lat' dir='ltr'>terra</span> <span class='ocrx_word' id='word_1_435' title='bbox 1722 5386 1803 5434; x_wconf 92' lang='lat' dir='ltr'>cum</span> <span class='ocrx_word' id='word_1_436' title='bbox 1828 5369 1975 5434; x_wconf 85' lang='lat' dir='ltr'>arbusto</span> <span class='ocrx_word' id='word_1_437' title='bbox 2001 5367 2097 5440; x_wconf 88' lang='lat' dir='ltr'>iusra</span> 
     </span>
     <span class='ocr_line' id='line_1_33' title="bbox 238 5517 2099 5611; baseline -0.003 -18"><span class='ocrx_word' id='word_1_438' title='bbox 238 5523 449 5611; x_wconf 87' lang='lat' dir='ltr'>supradicte</span> <span class='ocrx_word' id='word_1_439' title='bbox 475 5523 558 5590; x_wconf 86' lang='lat' dir='ltr'>finis</span> <span class='ocrx_word' id='word_1_440' title='bbox 583 5523 662 5610; x_wconf 91' lang='lat' dir='ltr'>ipsa</span> <span class='ocrx_word' id='word_1_441' title='bbox 686 5524 856 5592; x_wconf 89' lang='lat' dir='ltr'>medietas</span> <span class='ocrx_word' id='word_1_442' title='bbox 880 5542 902 5591; x_wconf 89' lang='lat' dir='ltr'>a</span> <span class='ocrx_word' id='word_1_443' title='bbox 926 5541 1010 5610; x_wconf 89' lang='lat' dir='ltr'>pars</span> <span class='ocrx_word' id='word_1_444' title='bbox 1033 5521 1227 5590; x_wconf 90' lang='lat' dir='ltr'>occidentis</span> <span class='ocrx_word' id='word_1_445' title='bbox 1250 5539 1331 5586; x_wconf 91' lang='lat' dir='ltr'>cum</span> <span class='ocrx_word' id='word_1_446' title='bbox 1354 5518 1477 5586; x_wconf 89' lang='lat' dir='ltr'>omnia</span> <span class='ocrx_word' id='word_1_447' title='bbox 1499 5517 1595 5587; x_wconf 91' lang='lat' dir='ltr'>intro</span> <span class='ocrx_word' id='word_1_448' title='bbox 1611 5537 1648 5585; x_wconf 90' lang='lat' dir='ltr'>se</span> <span class='ocrx_word' id='word_1_449' title='bbox 1664 5521 1854 5587; x_wconf 91' lang='lat' dir='ltr'>abentibus</span> <span class='ocrx_word' id='word_1_450' title='bbox 1871 5525 1906 5587; x_wconf 92' lang='lat' dir='ltr'>et</span> <span class='ocrx_word' id='word_1_451' title='bbox 1922 5521 1998 5588; x_wconf 90' lang='lat' dir='ltr'>suis</span> <span class='ocrx_word' id='word_1_452' title='bbox 2017 5541 2099 5607; x_wconf 91' lang='lat' dir='ltr'>per-</span> 
     </span>
     <span class='ocr_line' id='line_1_34' title="bbox 239 5670 2100 5764; baseline -0.003 -18"><span class='ocrx_word' id='word_1_453' title='bbox 239 5676 412 5746; x_wconf 90' lang='lat' dir='ltr'>tenentiis</span> <span class='ocrx_word' id='word_1_454' title='bbox 434 5681 470 5746; x_wconf 91' lang='lat' dir='ltr'>et</span> <span class='ocrx_word' id='word_1_455' title='bbox 495 5697 575 5746; x_wconf 90' lang='lat' dir='ltr'>eum</span> <span class='ocrx_word' id='word_1_456' title='bbox 600 5678 676 5745; x_wconf 89' lang='lat' dir='ltr'>bice</span> <span class='ocrx_word' id='word_1_457' title='bbox 700 5679 743 5745; x_wconf 93' lang='lat' dir='ltr'>de</span> <span class='ocrx_word' id='word_1_458' title='bbox 768 5679 829 5745; x_wconf 92' lang='lat' dir='ltr'>bia</span> <span class='ocrx_word' id='word_1_459' title='bbox 853 5697 933 5764; x_wconf 83' lang='lat' dir='ltr'>sua3</span> <span class='ocrx_word' id='word_1_460' title='bbox 948 5677 1051 5762; x_wconf 88' lang='lat' dir='ltr'>ideo,</span> <span class='ocrx_word' id='word_1_461' title='bbox 1075 5677 1167 5742; x_wconf 89' lang='lat' dir='ltr'>sicut</span> <span class='ocrx_word' id='word_1_462' title='bbox 1190 5672 1360 5760; x_wconf 78' lang='lat' dir='ltr'>diximuS,</span> <span class='ocrx_word' id='word_1_463' title='bbox 1385 5673 1463 5760; x_wconf 89' lang='lat' dir='ltr'>ipsa</span> <span class='ocrx_word' id='word_1_464' title='bbox 1486 5670 1657 5740; x_wconf 88' lang='lat' dir='ltr'>medietas</span> <span class='ocrx_word' id='word_1_465' title='bbox 1682 5671 1744 5757; x_wconf 91' lang='lat' dir='ltr'>qui</span> <span class='ocrx_word' id='word_1_466' title='bbox 1762 5673 1871 5739; x_wconf 89' lang='lat' dir='ltr'>estin</span> <span class='ocrx_word' id='word_1_467' title='bbox 1894 5693 1980 5762; x_wconf 90' lang='lat' dir='ltr'>pars</span> <span class='ocrx_word' id='word_1_468' title='bbox 2005 5675 2100 5741; x_wconf 89' lang='lat' dir='ltr'>occi-</span> 
     </span>
    </p>
   </div>
   <div class='ocr_carea' id='block_1_6' title="bbox 239 5822 2102 5914">
    <p class='ocr_par' dir='ltr' id='par_1_6' title="bbox 239 5822 2102 5914">
     <span class='ocr_line' id='line_1_35' title="bbox 239 5822 2102 5914; baseline -0.001 -17"><span class='ocrx_word' id='word_1_469' title='bbox 239 5830 357 5900; x_wconf 90' lang='lat' dir='ltr'>dentis</span> <span class='ocrx_word' id='word_1_470' title='bbox 380 5832 413 5899; x_wconf 93' lang='lat' dir='ltr'>ei</span> <span class='ocrx_word' id='word_1_471' title='bbox 437 5831 482 5900; x_wconf 90' lang='lat' dir='ltr'>ad</span> <span class='ocrx_word' id='word_1_472' title='bbox 506 5832 696 5901; x_wconf 89' lang='lat' dir='ltr'>tenendum</span> <span class='ocrx_word' id='word_1_473' title='bbox 729 5831 955 5901; x_wconf 51' lang='lat' dir='ltr'>‘tradidimus</span> <span class='ocrx_word' id='word_1_474' title='bbox 988 5831 1084 5899; x_wconf 92' lang='lat' dir='ltr'>Unde</span> <span class='ocrx_word' id='word_1_475' title='bbox 1111 5847 1173 5914; x_wconf 92' lang='lat' dir='ltr'>pro</span> <span class='ocrx_word' id='word_1_476' title='bbox 1199 5825 1323 5896; x_wconf 89' lang='lat' dir='ltr'>taliter</span> <span class='ocrx_word' id='word_1_477' title='bbox 1356 5823 1490 5912; x_wconf 85' lang='lat' dir='ltr'>guadia</span> <span class='ocrx_word' id='word_1_478' title='bbox 1521 5823 1611 5891; x_wconf 91' lang='lat' dir='ltr'>mihi</span> <span class='ocrx_word' id='word_1_479' title='bbox 1643 5822 1718 5908; x_wconf 88' lang='lat' dir='ltr'>ipse</span> <span class='ocrx_word' id='word_1_480' title='bbox 1743 5825 1902 5894; x_wconf 87' lang='lat' dir='ltr'>ademari</span> <span class='ocrx_word' id='word_1_481' title='bbox 1927 5826 2040 5912; x_wconf 92' lang='lat' dir='ltr'>dedit,</span> <span class='ocrx_word' id='word_1_482' title='bbox 2064 5834 2102 5897; x_wconf 92' lang='lat' dir='ltr'>et</span> 
     </span>
    </p>
   </div>
   <div class='ocr_carea' id='block_1_7' title="bbox 0 0 2679 7092">
    <p class='ocr_par' dir='ltr' id='par_1_7' title="bbox 0 0 2679 7092">
     <span class='ocr_line' id='line_1_36' title="bbox 0 0 2679 7092; baseline 0 0"><span class='ocrx_word' id='word_1_483' title='bbox 0 0 2679 7092; x_wconf 95' lang='lat' dir='ltr'> </span> 
     </span>
    </p>
   </div>
  </div>
 </body>
</html>
