5310 7080
607 571 652 639 m
1248 566 1422 639 CODEX
1454 567 1721 640 olvthsls

559 790 727 862 iamdicto
757 793 841 860 linis
869 796 905 860 et
935 793 1116 859 mensurio
1146 796 1220 862 tota
1257 797 1293 861 et
1317 793 1443 878 inclita
1468 811 1550 861 cum
1578 791 1699 861 omnia
1722 793 1820 861 infra
1852 809 1889 859 se
1919 791 2136 860 habentibus
2168 789 2404 874 omnibusque

559 947 635 1013 suis
658 945 887 1032 pertinentiis
910 951 1049 1013 etcum
1073 946 1149 1013 vice
1172 947 1215 1016 de
1242 946 1301 1016 via
1327 965 1392 1016 sua
1419 947 1502 1015 illut
1525 947 1627 1015 nobis
1650 948 1724 1034 ipse
1748 947 1933 1032 iaq'uintus
1956 947 2127 1014 diaconus
2151 945 2195 1014 ad
2219 951 2410 1032 pasienan·

559 1099 644 1168 dum
667 1102 850 1168 arbustum
873 1098 1023 1167 tradidit
1045 1097 1110 1168 tali
1135 1098 1280 1186 ordine,
1317 1104 1358 1168 ut
1389 1101 1512 1169 amodo
1537 1121 1646 1188 usque
1670 1102 1855 1171 duodecim
1879 1102 1966 1172 anni
1990 1100 2156 1188 completi
2183 1100 2228 1168 ad
2252 1104 2412 1168 nostram

482 1305 484 1310 .
559 1255 594 1320 et
617 1251 660 1319 de
683 1253 815 1318 nostris
838 1253 1028 1320 heredibus
1060 1253 1134 1320 sint
1166 1257 1373 1340 potestatem
1402 1272 1461 1320 eos
1485 1255 1680 1322 tenendum
1704 1260 1741 1323 et
1763 1255 2032 1340 dominandum,
2056 1257 2092 1321 et
2116 1253 2212 1321 fovee
2235 1257 2270 1320 et
2293 1253 2409 1318 omnis

489 1495 492 1500 Α
558 1409 679 1470 nostre
701 1403 872 1472 utilitatis
896 1405 1001 1474 iuxta
1025 1406 1201 1473 rationem
1225 1405 1355 1472 ibidem
1379 1405 1601 1494 laciendum,
1631 1411 1667 1474 et
1694 1405 1827 1474 ibidem
1850 1405 2068 1474 resideamus
2093 1408 2129 1471 et
2153 1403 2352 1490 abitemuS‚
2375 1411 2410 1472 el

559 1561 787 1643 pastenemus
811 1557 941 1626 ibidem
966 1561 1110 1628 arbores
1133 1563 1169 1626 et
1193 1560 1283 1628 vites
1306 1560 1348 1627 de
1374 1563 1464 1626 bono
1487 1562 1622 1629 vitineo
1646 1581 1707 1630 seu
1733 1561 1922 1631 arboribus
1944 1559 2151 1646 pomiferis3
2177 1564 2212 1627 et
2235 1563 2409 1645 quantum

557 1712 682 1780 vinum
705 1717 741 1780 et
764 1713 1006 1800 quodcumque
1030 1715 1184 1781 frudium
1215 1715 1338 1782 amodo
1372 1735 1482 1800 usque
1507 1717 1627 1783 decem
1659 1715 1747 1783 anni
1772 1714 1855 1782 inde
1879 1713 2004 1782 tollere
2034 1710 2087 1779 vel
2120 1713 2226 1780 abere
2249 1711 2401 1797 potueri-

558 1883 662 1951 mus,
685 1868 798 1935 totum
822 1871 941 1934 nostre
965 1867 1039 1933 sint
1060 1869 1241 1953 potestati,
1266 1867 1418 1936 faciendi
1443 1887 1512 1954 que
1535 1867 1762 1935 voluerimus.
1788 1866 1833 1934 ad
1856 1864 2020 1951 completi
2045 1867 2164 1932 autem
2190 1864 2259 1950 ipsi
2284 1863 2408 1930 amodo

556 2015 740 2086 duodecim
765 2021 866 2107 anni,
891 2037 955 2087 nos
978 2021 1033 2089 vel
1061 2021 1192 2089 nostris
1219 2021 1412 2088 heredibus
1444 2022 1639 2089 habeamus
1656 2020 1693 2086 in
1718 2023 1793 2088 tota
1817 2020 1896 2104 ipsa
1920 2019 2025 2085 rebus
2048 2035 2111 2102 per
2134 2014 2300 2084 iamdicte
2325 2013 2408 2080 finis

556 2177 591 2240 et
613 2177 793 2243 mensurio
817 2177 1012 2261 perfectum
1044 2179 1230 2246 arbustum
1260 2178 1407 2262 factum,
1432 2180 1571 2242 surtum
1602 2179 1638 2241 et
1667 2178 1853 2260 operatum
1884 2171 2079 2240 secundum
2110 2169 2404 2238 consuetudinem

557 2325 624 2392 loci
650 2328 751 2413 uius,
776 2331 811 2395 et
834 2329 927 2396 sicut
950 2332 992 2396 de
1016 2335 1134 2398 tantos
1156 2347 1268 2398 annos
1291 2347 1366 2395 esse
1393 2327 1591 2412 meruerit;
1626 2331 1661 2394 et
1687 2326 1733 2394 da
1760 2325 1926 2412 completi
1951 2324 2018 2411 ipsi
2042 2323 2229 2391 duodecim
2253 2324 2338 2389 anni
2368 2323 2404 2388 in

473 2527 476 2537 .
554 2483 664 2546 antea
687 2481 784 2546 omni
808 2486 980 2567 tempore,
1004 2481 1088 2549 dum
1112 2499 1176 2548 nos
1199 2485 1234 2548 et
1258 2479 1390 2547 nostris
1406 2478 1597 2545 heredibus
1612 2477 1694 2543 illut
1709 2478 1831 2542 tenere
1854 2477 1890 2543 et
1914 2474 2076 2542 lavorare
2101 2475 2330 2554 voluerimus,
2365 2477 2405 2545 li·
2448 2502 2452 2510 ·

557 2629 645 2698 cead
670 2649 733 2697 nos
757 2632 839 2698 illut
863 2638 984 2700 tenere
1009 2638 1045 2700 et
1060 2633 1265 2700 annualiter
1290 2631 1383 2716 aptis
1399 2627 1618 2714 temporibus
1642 2627 1840 2695 lavaremus
1864 2644 1922 2694 eos
1950 2627 1993 2694 de
2019 2645 2126 2712 super
2150 2634 2185 2696 et
2208 2629 2251 2697 de
2273 2633 2406 2730 subter,

559 2785 656 2850 sicut
680 2783 777 2850 locus
803 2785 868 2851 iste
893 2786 1079 2870 meruerit,
1103 2789 1139 2850 et
1162 2785 1276 2848 totum
1299 2799 1358 2849 eos
1381 2800 1444 2867 per
1461 2781 1653 2848 circuitum
1668 2780 1854 2847 cludamus
1878 2785 1913 2847 et
1929 2781 2065 2846 clusum
2090 2779 2172 2847 illut
2197 2782 2406 2869 habeamus,

557 2937 654 3004 sicut
676 2936 869 3022 meruerit,
894 2941 930 3004 et
954 2937 1014 3003 ubi
1039 2933 1236 3018 meruerit,
1260 2937 1405 3001 arbores
1431 2937 1466 2998 et
1489 2932 1578 2999 vites
1602 2936 1638 2999 et
1662 2935 1878 3020 propagines
1901 2951 1960 3000 eos
1985 2933 2116 3001 ibidem
2140 2934 2341 3019 plantemus
2366 2939 2400 3002 et

554 3091 854 3176 propaginemuS,
886 3094 926 3156 ut
955 3091 1043 3157 bene
1072 3089 1203 3174 paread
1234 3088 1432 3154 lavoratum
1456 3089 1492 3152 et
1516 3085 1690 3153 cultatum
1702 3135 1712 3172 ,
1740 3090 1915 3170 quatenus
1938 3085 2108 3171 proficiad
2138 3089 2173 3152 et
2196 3103 2268 3152 non
2292 3086 2405 3172 dispe·

556 3247 649 3327 reat3
674 3250 710 3311 et
734 3245 909 3328 quantum
935 3245 1059 3310 vinum
1084 3241 1129 3310 da
1154 3242 1220 3325 ipsi
1245 3241 1365 3307 decem
1390 3239 1477 3308 anni
1503 3218 1666 3305 inantea
1690 3237 1773 3305 inde
1797 3237 1945 3324 exierit,
1969 3243 2082 3305 toturn
2106 3240 2189 3306 illut
2214 3238 2335 3324 ibique
2360 3241 2403 3306 ad

556 3396 778 3481 palmentum
802 3397 898 3462 inter
922 3413 986 3462 nos
1010 3395 1048 3460 in
1072 3395 1215 3461 tertiam
1241 3396 1379 3478 partem
1395 3392 1613 3477 dividamus,
1630 3396 1665 3458 et
1682 3409 1822 3458 omnem
1846 3409 1982 3460 annum
2005 3411 2069 3478 per
2092 3393 2270 3461 vindemie
2295 3394 2405 3462 lacia-

555 3567 634 3614 mus
660 3567 723 3614 nos
748 3549 840 3614 scire
863 3567 948 3632 pars
972 3544 1084 3632 ipsius
1108 3546 1268 3631 ecclesie,
1293 3549 1332 3608 ut
1355 3543 1490 3628 dirigat
1515 3545 1645 3611 ibidem
1668 3544 1816 3610 missum
1840 3561 1945 3610 suum
1969 3563 2032 3628 pro
2058 3545 2302 3630 recipiendum
2327 3546 2403 3630 ipsa

555 3721 624 3770 sua
649 3703 805 3768 sortione
829 3701 871 3768 de
895 3703 970 3787 ipso
994 3701 1139 3766 vinum:
1172 3699 1247 3783 ipso
1278 3699 1424 3763 missum
1456 3697 1568 3764 eidem
1597 3697 1743 3764 ecclesie
1773 3698 1875 3767 tollat
1906 3699 1990 3767 inde
2021 3717 2094 3766 una
2118 3703 2211 3766 sorte
2236 3701 2329 3786 quod
2354 3707 2406 3768 est

554 3858 700 3926 tertiam
725 3875 834 3942 pars,
860 3874 923 3923 nos
948 3861 1067 3924 autem
1090 3853 1143 3922 vel
1167 3851 1297 3919 nostris
1320 3850 1511 3918 heredibus
1535 3851 1702 3918 tollamus
1727 3851 1810 3918 inde
1835 3852 1970 3918 duobus
1994 3852 2238 3939 sortionibus,
2262 3859 2298 3921 et
2322 3874 2404 3940 pars

558 4011 673 4095 ipsius
696 4008 844 4077 ecclesie
868 4007 1035 4094 adsignet
1057 4006 1159 4072 nobis
1182 4022 1377 4090 organeum
1403 4005 1534 4070 bonum
1559 4003 1605 4071 da
1628 4003 1750 4070 vinum
1775 4004 1820 4071 ad
1845 4003 2034 4072 cellarium
2058 4005 2150 4090 quod
2173 4006 2343 4075 habuerit
2368 4009 2403 4073 in

553 4163 673 4230 eodem
698 4163 814 4228 locum
839 4160 999 4244 nuceria,
1026 4157 1084 4225 ubi
1111 4159 1155 4226 ad
1181 4157 1202 4222 li
1230 4156 1339 4242 pariti
1363 4155 1511 4242 dicitur,
1527 4161 1563 4223 et
1578 4171 1642 4220 nos
1665 4153 1780 4239 ipsum
1805 4154 2013 4222 annualiter
2038 4159 2120 4241 apto
2143 4159 2299 4242 tempore
2323 4175 2404 4224 con·

550 4315 683 4383 olemus
707 4315 853 4397 bonum,
878 4311 971 4377 sicut
994 4307 1186 4394 meruerit,
1212 4312 1247 4374 et
1270 4325 1484 4392 reponamus
1508 4306 1610 4372 illum
1635 4304 1732 4372 intus
1756 4306 1831 4392 ipso
1855 4305 2054 4392 cellarium,
2082 4309 2118 4373 et
2147 4307 2224 4394 ipsa
2248 4307 2402 4378 sortione

549 4465 593 4534 dc
618 4463 694 4551 ipso
717 4464 867 4549 vinum,
891 4461 984 4547 quod
1008 4480 1030 4528 a
1055 4478 1138 4547 pars
1162 4458 1318 4544 predicte
1341 4457 1489 4526 ecclesie
1513 4457 1596 4524 inde
1620 4457 1805 4542 evenerit,
1838 4475 1901 4524 nos
1933 4457 2018 4525 illut
2048 4462 2228 4544 portemus
2259 4458 2305 4527 ad
2328 4477 2405 4545 pre-

554 4617 690 4685 dictum
715 4617 916 4702 cellarium,
939 4619 975 4682 et
999 4613 1185 4681 mittamus
1201 4611 1283 4678 illut
1299 4611 1396 4678 intus
1412 4611 1528 4696 ipsum
1543 4629 1752 4697 organeum3
1775 4612 1923 4680 missum
1938 4629 2022 4678 vero
2045 4611 2137 4697 quod
2161 4631 2245 4698 pars
2269 4611 2404 4698 prefate

552 4773 700 4840 ecclesie
724 4789 787 4857 per
810 4768 986 4837 vindemie
1003 4769 1134 4836 ibidem
1150 4767 1339 4849 direxerit,
1358 4783 1421 4832 nos
1436 4763 1538 4831 illum
1555 4765 1757 4832 nutriamus
1774 4765 1969 4832 secundum
1985 4768 2109 4831 nostra
2132 4763 2403 4850 possivilitatem

550 4927 589 4992 et
611 4923 735 4991 demus
752 4923 786 4988 ei
803 4921 1062 5008 palmentatica
1087 4921 1191 4988 iuxta
1209 4921 1368 5004 ratione,
1393 4921 1428 4984 et
1453 4915 1496 4984 de
1521 4936 1625 5003 quem
1650 4917 1856 4986 annualiter
1880 4919 1919 4983 in
1944 4917 2067 4985 eadem
2091 4919 2198 4985 rebus
2222 4919 2347 4986 amodo
2369 4927 2403 4985 et

513 5113 521 5126 -
550 5095 691 5164 semper
714 5075 1035 5160 seminaverimus,
1068 5075 1190 5142 demus
1215 5072 1296 5140 inde
1321 5070 1532 5138 terraticum
1557 5069 1602 5137 ad
1626 5089 1710 5154 pars
1734 5069 1847 5156 ipsius
1870 5069 2018 5137 ecclesie
2042 5071 2237 5138 secundum
2261 5087 2404 5140 consue-

549 5231 715 5299 tudinem
740 5230 809 5297 loci
833 5230 929 5314 uius;
954 5229 1043 5296 etsi
1068 5233 1210 5314 propter
1232 5224 1326 5293 iram
1348 5225 1391 5292 de
1415 5223 1613 5310 seniorem,
1638 5225 1694 5292 vel
1716 5241 1779 5310 pro
1802 5223 1962 5311 qualivet
1985 5241 2095 5292 causa
2119 5225 2161 5292 de
2186 5227 2281 5294 hanc
2304 5230 2401 5294 terra

549 5385 746 5454 exierimus
770 5387 806 5450 et
829 5383 926 5452 infra
941 5383 1056 5450 tribus
1071 5381 1158 5450 anni
1177 5380 1305 5448 reversi
1323 5377 1496 5446 fuerimus
1513 5378 1571 5446 hic
1586 5375 1631 5445 ad
1648 5377 1871 5465 abitandum,
1887 5379 1972 5443 tunc
1997 5378 2074 5462 ipso
2101 5395 2238 5445 annum
2262 5379 2403 5464 quando

551 5541 777 5630 redierimuS,
806 5539 919 5608 licead
944 5537 1004 5604 ille
1029 5513 1132 5604 homo
1155 5535 1218 5622 qui
1241 5533 1323 5601 illut
1340 5533 1569 5620 lavoraverit,
1593 5533 1669 5619 ipso
1684 5531 1841 5599 frudium
1865 5531 1908 5598 de
1932 5532 2049 5618 ipsum
2073 5551 2209 5601 annum
2234 5534 2317 5602 inde
2341 5535 2403 5603 tol-

550 5696 637 5782 lere,
661 5697 697 5761 et
721 5697 800 5780 post
823 5693 939 5779 ipsum
964 5689 1123 5757 frudium
1147 5686 1372 5755 recollectum
1396 5685 1563 5752 inclitum
1588 5684 1670 5750 illut
1702 5685 1749 5753 ad
1776 5688 1934 5753 nostram
1958 5690 1994 5754 et
2016 5685 2059 5755 de
2084 5687 2217 5754 nostris
2240 5688 2404 5758 eredibus

548 5847 765 5934 perveniant
788 5851 1025 5933 potestatem,
1050 5842 1095 5912 ad
1119 5841 1311 5909 tenendum
1343 5844 1378 5906 et
1402 5838 1635 5906 lavorandum
1660 5837 1742 5906 illut
1773 5838 1811 5904 in
1836 5839 2041 5925 supradicta
2066 5841 2219 5929 ratione5
2244 5849 2280 5911 et
2303 5845 2334 5912 si
2358 5843 2403 5914 da
