5318 7102
949 564 1116 639 REGUM
1147 562 1454 638 FRANCORUM

271 786 322 856 be
346 801 512 861 nrsrscru
538 805 708 860 urrrsaas
732 804 901 860 noururun
928 789 964 881 ¹).

271 942 309 1016 si
335 939 413 1037 quis
439 942 582 1016 lieteras
607 951 743 1017 nostras
769 942 1013 1039 dedispexerit‚
1043 943 1134 1017 idest
1149 946 1311 1019 tractoria
1327 950 1350 1043 ²)
1377 970 1443 1042 que
1469 958 1608 1046 propter
1641 949 1764 1022 missos
1791 948 2008 1044 recipiendos
2035 947 2133 1022 dire-

319 1101 485 1188 xerimus,
513 1103 558 1174 Ut
582 1100 750 1174 honorem
776 1101 866 1196 quod
892 1099 1005 1188 babet,
1034 1102 1204 1194 admittat,
1233 1107 1299 1178 Aut
1325 1109 1360 1178 in
1386 1133 1427 1180 eo
1445 1107 1522 1181 loco
1539 1109 1733 1204 praedictos
1763 1109 1888 1180 missos
1906 1107 2127 1204 recipiendos

318 1259 455 1346 debuit,
483 1259 615 1333 tamdiu
641 1261 820 1346 resedeat,
855 1261 955 1333 etde
982 1261 1054 1334 suis
1080 1261 1183 1335 rebus
1208 1264 1398 1360 legationes
1425 1264 1497 1336 illic
1524 1264 1704 1338 venientes
1731 1265 1913 1362 suscipiat,
1945 1288 2128 1362 quousque

320 1423 436 1494 animo
463 1431 581 1498 nostro
607 1425 823 1498 satisfactum
849 1424 981 1511 habeat3
1011 1425 1069 1520 qui
1087 1449 1171 1497 vero
1189 1425 1369 1522 epistolam
1396 1433 1548 1498 nostram
1575 1424 1816 1519 quodcumque
1843 1425 1944 1498 modo
1971 1425 2128 1522 dispexe-

317 1579 374 1667 rit,
404 1581 549 1656 missum
568 1595 725 1658 nostrum
744 1586 786 1657 ad
804 1585 967 1681 palatium
987 1585 1113 1672 veniat,
1139 1585 1181 1658 Et
1198 1588 1289 1658 iusta
1307 1583 1484 1656 voluntate
1502 1589 1619 1654 nostra
1639 1605 1832 1678 congruum
1852 1584 2018 1656 stultitiae
2040 1609 2125 1658 suae

317 1743 579 1837 castigationem
605 1744 762 1840 accipiat.
790 1743 833 1817 Et
858 1745 887 1816 si
914 1744 1016 1816 homo
1034 1745 1134 1832 liber,
1155 1745 1210 1818 vel
1229 1741 1455 1816 ministeriale
1474 1742 1592 1815 comiti
1609 1741 1674 1815 hoc
1692 1743 1828 1830 iecerit,
1849 1743 2017 1816 bonorem
2037 1767 2126 1838 qua·

318 1901 502 1997 lecumque
528 1901 723 1986 habuerint,
752 1902 781 1974 si
808 1900 1014 1974 beneficium
1043 1902 1204 1998 vapulent
1229 1911 1263 1975 et
1289 1913 1391 1998 eaput
1416 1905 1447 1976 ei
1475 1904 1664 1977 tundantur
1688 1895 1725 1998 ⁸).

270 2059 321 2132 [ln
349 2079 580 2134 ranuncusuu
604 2080 708 2136 unns.

268 2221 312 2294 Ut
337 2243 377 2292 eo
403 2229 557 2316 tempore
583 2217 676 2292 habii
703 2221 812 2292 nostri
830 2219 938 2315 pipini
956 2223 979 2314 ι)
1007 2219 1222 2292 consuetudo
1250 2221 1316 2293 luit
1341 2220 1543 2293 theloneum
1562 2221 1642 2292 dare
1662 2222 1723 2308 ibi,
1753 2230 1786 2294 et
1806 2222 1840 2292 in
1860 2220 1978 2293 tuturo
2003 2221 2121 2295 detur.

317 2379 404 2450 Nam
431 2377 488 2451 ubi
515 2379 651 2452 nobiter
677 2381 852 2476 inceptum
879 2389 944 2467 est,
974 2379 1120 2452 ulterius
1147 2402 1215 2450 non
1243 2387 1374 2475 agatur,
1403 2387 1438 2451 et
1464 2379 1521 2450 ubi
1548 2402 1692 2451 necesse
1710 2403 1778 2450 non
1806 2387 1857 2452 cst
1888 2379 2033 2452 lluuium
2059 2381 2126 2453 ali·

314 2563 417 2634 quem
442 2549 655 2613 transmeare
682 2550 799 2637 ponte,
828 2542 883 2613 vel
911 2541 967 2614 ubi
994 2543 1092 2612 naris
1119 2563 1178 2636 per
1197 2540 1348 2611 medium
1369 2563 1468 2633 aqua,
1490 2549 1549 2612 aut
1566 2538 1632 2610 sibi
1651 2549 1753 2634 ponte
1771 2561 1914 2637 pergere
1933 2551 1967 2614 ct
1985 2547 2026 2614 ad
2045 2543 2120 2638 ripa

296 2695 653 2794 adpropinquaverit,
682 2721 793 2792 neque
821 2696 947 2769 ibidem
966 2697 1095 2792 aliquid
1114 2697 1361 2769 detrimentum
1389 2695 1443 2770 vel
1471 2696 1717 2770 benumdatum
1746 2700 1849 2770 fucrit
1876 2698 2018 2772 alterius
2044 2702 2123 2773 tlic-

266 3027 713 3038 *φῇ-...-

262 3267 345 3330 Mur.
371 3267 445 3330 dice
469 3269 503 3328 in
526 3279 644 3348 questo
668 3271 764 3350 luogo
788 3228 974 3350 depravata:
1002 3289 1016 3322 «
1036 3267 1247 3344 depravatam
1272 3267 1392 3343 quippe
1414 3263 1634 3326 Batuzianam
1651 3273 1743 3343 puta,
1760 3266 1816 3327 ubi
1832 3269 1962 3348 legitur,
1979 3277 2122 3335 excusat

261 3413 325 3480 nisi
346 3416 493 3481 ulem...
517 3417 639 3482 debeat
664 3441 690 3478 ».
713 3417 776 3498 (Cf.
801 3417 885 3478 blur.
911 3417 994 3476 Nota
1016 3413 1067 3492 38)
1090 3429 1163 3492 pag.
1188 3413 1270 3490 131).
1299 3411 1325 3471 Il
1349 3410 1500 3492 predetto
1531 3411 1718 3492 Capitolare
1749 3415 1803 3475 nel
1827 3415 1910 3476 Mur.
1936 3420 1953 3476 e
1978 3423 2118 3494 segnato

265 3561 314 3623 col
338 3563 378 3623 N.
403 3563 519 3624 XXIII.

303 3710 327 3788 ¹)
351 3710 394 3771 Le
419 3709 579 3771 rubriche
603 3710 717 3772 scritte
743 3707 797 3770 nel
821 3705 899 3771 Cod.
924 3705 998 3767 Car.
1023 3705 1130 3764 aranti
1153 3709 1270 3780 questo
1294 3702 1374 3763 edil
1398 3709 1619 3780 susseguente
1644 3704 1824 3782 capitolare
1850 3724 1914 3765 non
1930 3707 1957 3766 si
1975 3705 2117 3785 leggono

260 3857 314 3921 nel
338 3863 424 3919 testo
446 3857 682 3919 Muratoriano.

301 4003 325 4086 ²)
348 4028 363 4063 n
389 4001 571 4079 rasuris,
596 4004 760 4082 Diptomu,
784 4019 840 4062 seu
862 4001 1115 4062 instrumentum
1137 3998 1321 4068 evectionis,
1346 4015 1522 4074 cursusque
1539 3995 1680 4074 publici,
1705 3999 1762 4059 boc
1785 4005 1841 4071 est,
1866 4019 1927 4077 quo
1943 3999 1998 4078 jus
2020 4007 2051 4061 et
2063 4003 2118 4081 fa·

259 4171 274 4208 u
299 4153 405 4215 cultas
427 4152 570 4214 dabatur
591 4167 698 4228 equos,
723 4147 883 4219 ostricula,
907 4153 938 4208 et
958 4147 1117 4207 uiaticum
1134 4145 1269 4223 petendi
1292 4143 1332 4205 de
1350 4144 1481 4222 publico
1499 4189 1645 4205 ......
1669 4145 1853 4212 Tractoria.
1878 4147 2046 4208 interdum
2067 4155 2117 4211 est

258 4319 273 4356 n
299 4299 448 4378 Epistola
469 4299 627 4362 citatorio
647 4303 678 4358 et
700 4296 898 4367 evocatoria,
923 4312 990 4373 qua
1005 4291 1137 4372 jubetur
1160 4293 1325 4370 quispiam
1348 4297 1433 4353 certo
1449 4291 1515 4354 loeo
1530 4297 1561 4352 et
1574 4297 1720 4368 tempore
1732 4299 1938 4372 praesentem
1953 4313 1986 4357 se
2000 4296 2115 4358 sistere

257 4467 272 4502 u
297 4465 365 4526 qua
385 4446 509 4507 scilicet
529 4446 678 4507 trabitur
698 4451 728 4504 et
750 4449 900 4504 evocatur
922 4441 1087 4519 quispiam
1093 4485 1235 4499 ......
1261 4436 1508 4501 Tractcriarum
1530 4438 1629 4499 etiam
1651 4439 1708 4499 sub
1730 4437 1871 4518 Regibus
1893 4442 2013 4502 nostris
2034 4459 2115 4504 usus

258 4612 273 4647 u
299 4591 457 4660 innotuit,
483 4607 577 4668 quem
599 4606 621 4650 a
641 4585 800 4650 Romanis
827 4587 970 4648 mutuati
992 4591 1080 4654 sunt·
1103 4583 1218 4663 quibus
1247 4582 1371 4642 scilicet
1398 4580 1507 4642 Missis
1538 4582 1606 4642 suis
1628 4587 1839 4643 commeatum
1861 4587 1892 4646 et
1912 4585 2055 4664 bospitio
2075 4589 2117 4650 in

258 4759 273 4794 u
299 4737 418 4798 itinere
436 4734 592 4813 praeberi
609 4731 768 4811 jubebant
794 4753 821 4790 n,
845 4730 907 4811 (Gi.
931 4732 980 4792 Du
1005 4729 1113 4806 Gange
1137 4727 1244 4789 Gloss.
1268 4746 1297 4787 v.
1323 4726 1517 4806 Tracteria).

294 4879 318 4959 8)
340 4880 463 4952 Questo
487 4896 558 4958 cap.
583 4876 747 4939 concorda
769 4873 819 4937 col
834 4875 875 4936 N.
892 4872 992 4934 XXIV
1008 4871 1062 4933 del
1080 4877 1164 4933 testo
1187 4872 1422 4944 Muratoriano;
1441 4873 1608 4934 orediamo
1632 4879 1710 4954 perd
1735 4877 1927 4938 necessario
1951 4877 1983 4940 di
2002 4881 2111 4961 ripor-

255 5033 325 5088 tare
350 5025 381 5086 le
405 5021 523 5085 ultime
546 5020 660 5102 parole
685 5020 717 5082 di
739 5025 857 5098 questa
887 5018 994 5095 lagga,
1021 5018 1164 5080 siccome
1189 5018 1217 5076 si
1243 5015 1381 5095 leggono
1405 5037 1422 5078 e
1448 5017 1502 5081 nel
1533 5019 1692 5082 bluratori
1725 5040 1742 5082 e
1772 5020 1827 5082 nel
1857 5022 1934 5084 Cod.
1959 5025 2111 5088 Esten.:

255 5169 326 5235 siva
358 5165 555 5233 beneficium
584 5165 726 5229 amittat.
749 5162 839 5227 Etsi
861 5180 997 5236 servus.
1022 5161 1127 5225 nudus
1149 5162 1191 5226 ad
1212 5163 1373 5228 Palatium
1395 5163 1586 5245 vapuletur,
1611 5173 1647 5228 et
1669 5166 1782 5246 capilli
1805 5167 1874 5231 eius
1897 5167 2111 5233 tondeantur.

251 5315 358 5396 (Mur.)
380 5313 422 5378 Et
443 5312 471 5376 si
494 5327 613 5376 servus
635 5309 758 5383 luerit,
782 5307 888 5373 nudus
911 5307 952 5372 ad
974 5306 1082 5387 palum
1104 5307 1259 5386 vapulet,
1285 5315 1319 5372 et
1340 5318 1441 5392 caput
1463 5311 1535 5391 elus
1558 5312 1730 5376 tundatur.
1754 5313 1843 5394 (Cod.
1869 5315 1996 5396 Esten.)
2021 5339 2036 5374 u
2050 5317 2112 5380 Di·

257 5483 271 5518 «
295 5460 398 5521 mietio
420 5459 527 5536 capite
550 5455 690 5526 tonderi,
713 5470 822 5532 poena
843 5469 1009 5513 seruorum
1032 5453 1196 5514 latronum
1221 5477 1248 5513 u.
1274 5455 1334 5533 (Du
1358 5456 1467 5536 Gange
1490 5458 1597 5520 Gloss.
1624 5479 1653 5520 v.
1678 5457 1851 5540 Tendere).

291 5606 316 5686 ⁴)
338 5603 437 5665 Nella
460 5607 537 5662 nota
558 5599 610 5679 41)
631 5617 705 5680 pag.
729 5599 791 5660 132
814 5597 837 5658 il
860 5597 943 5658 Mur.
969 5598 1095 5659 scrire:
1122 5621 1136 5657 u
1161 5598 1301 5663 Factum
1325 5603 1467 5665 arbitror
1497 5605 1594 5684 legem
1621 5625 1684 5685 pro
1709 5609 1832 5687 populo
1853 5609 2057 5687 francorum,
2081 5613 2113 5672 et

251 5771 266 5807 u
292 5747 411 5810 minda
435 5747 478 5809 ad
500 5746 599 5807 Italos
623 5761 746 5823 quoque
764 5747 997 5821 propagatam
1019 5761 1123 5821 neque
1145 5747 1234 5806 enim
1255 5746 1381 5826 Pipino
1404 5749 1484 5829 Regi
1506 5725 1676 5813 Ludouici
1688 5753 1742 5830 pii
1772 5753 1908 5832 Augusti
1931 5755 1997 5817 Auo
2019 5755 2117 5834 quid·

250 5917 266 5954 «
291 5911 389 5974 quam
404 5890 493 5972 juris
516 5892 553 5952 in
574 5889 691 5952 Italico
715 5887 823 5967 Regno
845 5889 920 5966 sarit,
944 5894 982 5948 ut
1003 5886 1070 5966 ejus
1092 5907 1209 5952 laomen
1231 5888 1424 5953 Italicorum
1448 5894 1583 5955 auribus
1606 5897 1689 5974 [oret
1712 5897 1929 5976 ingerendum
1955 5921 1983 5958 n.
