5334 7098
870 641 878 654 ,
999 563 1394 638 11111011111111

1089 1001 1296 1084 DCLX.

1056 1262 1113 1340 A.
1139 1263 1190 1340 D.
1219 1261 1342 1342 1012.

311 1497 348 1636 †
372 1551 412 1618 In
436 1551 580 1619 nomine
604 1550 739 1619 domini
764 1552 935 1640 vigesimo
959 1559 1087 1641 quarto
1110 1572 1206 1624 anno
1228 1551 1453 1640 principatus
1484 1551 1603 1621 domni
1628 1552 1741 1622 nostri
1768 1554 1948 1642 guaimari
1973 1555 2123 1643 gloriosi

268 1702 466 1791 principis,
490 1723 611 1774 mense
634 1705 846 1792 nobembcr,
871 1705 1060 1810 undecima
1084 1707 1290 1775 indictione.
1315 1707 1462 1795 ideoque
1488 1727 1551 1775 nos
1582 1711 1756 1779 iohannes
1785 1709 1916 1777 inbono
1947 1711 2125 1780 amalfita-

266 1874 347 1943 nus,
372 1857 434 1942 qui
459 1858 562 1925 modo
586 1877 665 1926 sum
689 1857 842 1928 abitator
866 1859 963 1927 inira
986 1860 1208 1946 pertinentia
1229 1859 1466 1946 salernitana,
1490 1863 1527 1927 et
1549 1859 1643 1926 filins
1665 1862 1761 1946 sergi
1782 1910 1967 1929 .......
1993 1861 2124 1930 mulier

266 2009 411 2078 nomine
426 2013 518 2079 bona
534 2011 597 2096 qui
613 2030 692 2080 sum
708 2029 820 2080 uxore
831 2011 937 2080 istius
949 2011 1097 2082 iohanni
1115 2016 1151 2080 et
1167 2011 1242 2081 filia
1259 2014 1481 2099 pantaleoni,
1499 2013 1689 2083 clarefecio
1705 2033 1771 2101 ego
1786 2014 1979 2084 iamd1ctus
1998 2016 2126 2085 iohan-

265 2181 353 2252 nes,
379 2164 545 2252 quoniam
577 2165 668 2233 mihi
691 2170 745 2235 est
768 2167 986 2253 pertinentes
1017 2169 1148 2236 habere
1179 2170 1285 2235 rebus
1308 2168 1406 2236 inira
1436 2167 1658 2254 pertinentia
1689 2166 1915 2237 salernitana
1946 2168 2126 2238 inlocum

267 2320 382 2386 betoni
395 2368 405 2406 ,
430 2322 502 2388 ista
526 2325 562 2389 et
585 2320 649 2389 illa
672 2325 774 2408 parte
797 2322 904 2390 dubio
926 2322 1077 2410 boneia,
1102 2339 1170 2408 que
1194 2321 1263 2389 suit
1292 2323 1398 2390 rebus
1433 2322 1512 2406 ipsa
1542 2319 1668 2387 domne
1699 2320 1810 2407 rigali
1840 2321 1982 2391 ducissa
2005 2322 2128 2410 gentis

265 2470 557 2540 amalfitanorum
581 2477 617 2540 et
639 2471 683 2539 de
705 2471 865 2560 areghisi
886 2471 1027 2559 genitor
1051 2471 1162 2560 illius,
1186 2476 1222 2541 et
1244 2490 1307 2558 per
1331 2474 1409 2560 ipsa
1433 2473 1551 2560 rigale
1574 2477 1611 2540 et
1634 2491 1698 2558 per
1722 2473 1838 2560 ipsum
1870 2475 2033 2560 areghisi
2064 2495 2127 2564 ge·

266 2622 364 2690 nitor
387 2623 487 2691 illius
510 2623 596 2693 data
618 2625 688 2692 fuit
711 2626 818 2692 rebus
842 2623 920 2710 ipsa
936 2641 999 2712 per
1015 2623 1120 2694 firma
1136 2624 1364 2712 scriptionem
1387 2626 1434 2694 ad
1457 2623 1578 2696 niceta
1602 2626 1837 2696 hamalfitano
1860 2626 2028 2713 inperiali
2046 2645 2127 2714 pro·

267 2777 507 2865 mospadario,
524 2780 586 2864 qui
603 2777 672 2845 fuit
695 2775 867 2866 compatri
884 2794 1020 2865 eorum,
1036 2777 1130 2846 unde
1146 2779 1247 2846 modo
1263 2797 1304 2846 eo
1320 2780 1421 2846 modo
1439 2783 1523 2849 ante
1540 2780 1725 2869 presentia
1741 2780 1996 2868 regemprandi
2014 2781 2124 2850 iudici

165 2997 168 3002 .
267 2933 303 2997 et
325 2930 519 3018 subscripti
543 2929 680 2999 idoneis
704 2930 908 2999 hominibus
932 2931 1123 2998 ostedimus
1145 2930 1265 3000 decem
1290 2937 1327 3000 et
1350 2937 1428 2999 octo
1451 2933 1669 3020 scriptionis:
1688 2951 1763 3002 una
1778 2935 1911 3004 emissa
1927 2933 1966 3001 in
1982 2934 2125 3003 nomine

266 3083 402 3152 domini
427 3084 486 3153 dei
511 3085 690 3155 salbatcri
715 3085 817 3154 ihesu
841 3084 969 3153 christi
996 3049 1215 3172 temporibus
1237 3085 1357 3154 domni
1386 3085 1551 3154 mansoni
1583 3086 1731 3173 gloriosi
1755 3087 1858 3155 ducis
1879 3092 1916 3155 et
1938 3086 2126 3174 inperialis

224 3225 228 3234 ’
266 3237 412 3326 patricii
435 3257 533 3308 1110
556 3239 724 3307 1111111110
748 3256 841 3306 1010
864 3243 900 3306 11
922 3238 1108 3308 undecimo
1131 3259 1227 3310 anno
1248 3240 1369 3308 domni
1392 3240 1540 3309 iohanni
1564 3239 1709 3328 gloriosi
1734 3239 1816 3308 duci
1842 3239 1911 3309 1111
1935 3243 2038 3328 ciue,
2064 3244 2124 3312 die

266 3391 534 3478 quintadecima
552 3393 687 3459 mensis
704 3389 797 3482 iulii,
813 3391 1078 3482 qulntadeoima
1102 3393 1309 3482 indictione,
1333 3367 1493 3464 hamalfl.
1517 3394 1667 3480 Ideoque
1682 3412 1748 3482 ego
1765 3393 1894 3463 mulier
1909 3395 2053 3466 nomine
2076 3399 2126 3466 ri-

266 3545 361 3630 galis
377 3546 508 3615 domini
527 3549 649 3636 gratia
665 3549 820 3636 ducissa,
837 3567 928 3618 uxor
943 3549 1178 3636 suprascripti
1193 3549 1313 3616 domni
1328 3547 1477 3618 iohanni
1494 3547 1639 3636 gloriosi
1656 3547 1770 3633 ducis,
1785 3566 1848 3634 per
1864 3549 2124 3618 absolutionem

265 3701 425 3770 eiusdem
448 3702 570 3771 domni
586 3703 656 3773 viri
679 3705 767 3792 mei,
784 3704 823 3771 in
848 3705 949 3771 cuius
972 3703 1157 3770 mundium
1169 3703 1353 3770 1111111101
1375 3703 1572 3786 subiacere,
1590 3718 1733 3788 unaque
1750 3719 1889 3769 mecum
1904 3702 2072 3773 asistente
2089 3708 2125 3773 et

266 3854 527 3924 consentientes
550 3857 678 3926 domno
693 3858 860 3944 areghiso
883 3856 1083 3944 genitorem
1097 3873 1216 3924 meum
1230 3861 1266 3924 11
1288 3873 1354 3942 ego
1370 3853 1640 3942 prenominatus
1656 3852 1847 3941 areghisus
1871 3855 1910 3923 in
1926 3857 2123 3927 roboratio-

266 4023 346 4074 nem
362 4007 565 4077 donationis
582 4009 687 4076 istius
702 4010 816 4078 fateor
833 4028 889 4077 me
904 4009 1085 4098 propriam
1107 4008 1327 4078 voluntatem
1343 4010 1558 4097 consentire,
1571 4013 1607 4078 et
1622 4011 1726 4078 ambo
1744 4009 1967 4080 unanimiter
1981 4011 2125 4081 donatio

271 4164 350 4248 ipsa
369 4161 522 4231 inferius
537 4163 717 4233 reclarata
733 4183 797 4252 per
813 4184 881 4234 ano
897 4164 1075 4234 cartulam
1090 4164 1223 4232 faceret
1237 4164 1462 4250 confirmare5
1480 4165 1619 4234 interea
1631 4163 1842 4232 donabimus
1857 4171 1894 4232 et
1909 4164 2124 4234 tradidimus

266 4313 330 4383 tibi
354 4315 471 4385 111111
486 4316 655 4404 inperiali
671 4317 946 4406 prodospadario
963 4315 1138 4403 compatri
1155 4321 1274 4384 nostro
1290 4315 1483 4384 sortionem
1499 4321 1659 4384 nostram
1675 4315 1877 4402 plenariam
1894 4315 1937 4383 de
1957 4317 2063 4384 rebus
2078 4318 2122 4386 de

267 4469 385 4539 locum
401 4472 516 4540 beteri
540 4473 763 4544 salernitane
790 4473 935 4560 finibus,
959 4473 1030 4542 ista
1052 4477 1088 4541 et
1110 4471 1175 4542 illa
1189 4475 1292 4560 parte
1307 4471 1414 4541 dubio
1430 4473 1560 4543 boneia
1575 4472 1679 4541 iuxta
1695 4471 1793 4539 limis
1810 4470 1975 4540 videlicet
1993 4474 2120 4562 maris,

266 4643 339 4711 que
361 4629 416 4693 est
447 4631 548 4695 terra
572 4628 688 4695 bacua
711 4625 796 4695 illuc
822 4627 989 4696 abentem
1010 4630 1201 4696 cannetum
1224 4629 1261 4693 et
1283 4625 1470 4696 salicetum
1493 4625 1718 4712 aliquantum
1737 4627 1773 4692 et
1795 4623 1916 4711 binea,
1929 4624 1973 4693 de
1992 4625 2125 4712 quibus

265 4779 449 4866 predictus
464 4743 607 4868 genitor
630 4799 731 4851 meus
753 4801 835 4851 cum
856 4779 1041 4868 ioaquinto
1061 4780 1218 4851 castaldo
1232 4798 1404 4868 germano
1423 4796 1487 4847 suo
1505 4782 1663 4850 barbane
1679 4795 1757 4847 meo
1772 4777 1956 4847 coniuncti
1971 4779 2123 4852 fuerunt

263 4933 309 5003 ad
336 4937 431 5004 bona
453 4935 719 5005 combenientia
741 4954 824 5004 cum
840 4937 1022 5024 adegario,
1039 4937 1102 5024 qui
1117 4933 1344 5004 dumnandus
1360 4938 1524 5023 bocatnr,
1541 4940 1577 5004 et
1593 4932 1840 5022 guidenardus
1856 4934 1920 5020 qni
1938 4933 2125 5022 iaquintus

264 5089 425 5177 bocatur,
449 5089 612 5176 germani
627 5088 695 5158 tilii
715 5091 873 5158 masceni
897 5089 1072 5175 aurificis,
1089 5089 1128 5156 in
1143 5089 1273 5175 quibus
1298 5087 1386 5176 ipsis
1408 5085 1579 5176 germani
1604 5085 1790 5156 ecclesiam
1817 5087 1988 5157 bocabulo
2005 5089 2122 5157 sancti

265 5201 433 5310 iohannis
455 5246 698 5312 constructam
721 5245 843 5332 habet,
867 5247 903 5312 et
924 5243 1149 5330 aliquantum
1173 5243 1281 5310 binea
1301 5240 1386 5310 illut
1408 5240 1452 5308 de
1475 5257 1548 5309 una
1572 5244 1676 5326 parte
1700 5237 1819 5308 dubie.
1841 5291 1849 5307 .
1869 5290 1877 5306 .
1961 5239 2064 5308 fines:
2091 5261 2115 5310 a

264 5398 366 5481 parte
390 5395 555 5485 orientis,
579 5399 672 5466 sicut
693 5397 852 5485 predicto
874 5397 980 5466 dubio
1003 5395 1175 5466 decurrit:
1200 5396 1244 5465 de
1259 5397 1384 5482 suptus
1398 5394 1471 5463 111
1487 5393 1575 5464 litus
1600 5394 1724 5463 maris:
1744 5393 1787 5462 de
1808 5393 1883 5465 alia
1905 5399 2009 5481 parte
2025 5395 2121 5465 sicut

262 5549 448 5621 descendit
470 5568 533 5639 per
556 5551 644 5640 pede
666 5553 710 5622 de
732 5557 850 5622 monte
873 5553 936 5640 qui
957 5551 1090 5621 dicitur
1112 5550 1255 5638 troccle,
1279 5568 1348 5639 que
1370 5555 1424 5618 est
1448 5551 1520 5618 dne
1543 5556 1664 5621 nostra
1679 5557 1716 5620 et
1732 5549 1835 5620 lines.
1856 5600 1864 5617 .
1885 5600 1892 5617 .
1914 5601 1922 5617 .
1947 5551 2118 5640 desuper

263 5705 351 5774 1111
377 5703 466 5793 pede
489 5705 533 5775 de
555 5712 674 5777 monte
696 5707 759 5794 qui
781 5704 914 5776 dicitur
936 5704 1065 5794 labate,
1081 5724 1150 5795 que
1164 5711 1218 5776 est
1232 5707 1303 5776 111
1318 5712 1457 5794 nostra,
1472 5711 1510 5776 et
1526 5705 1623 5776 sicut
1639 5705 1799 5776 decurrit
1816 5723 1929 5792 usque
1947 5705 1985 5773 in
2003 5707 2121 5794 ipsum

262 5857 429 5947 dnbinm3
454 5859 537 5928 illut
559 5877 642 5928 vero
664 5859 707 5928 de
728 5858 801 5929 elia
823 5863 926 5947 parte
949 5856 1107 5930 fluminis
1131 5861 1213 5929 abet
1234 5858 1334 5929 finis:
1359 5861 1402 5932 de
1426 5879 1499 5930 una
1522 5867 1624 5948 parte
1648 5860 1765 5948 ipsum
1788 5858 1938 5930 llnbium
1957 5911 2119 5930 ......

456 6013 526 6071 lou.
547 6030 583 6071 11.
1931 6013 1965 6072 tt
