5334 7098
628 481 691 551 llll
1259 483 1431 553 donax
1471 481 1737 555 dlvsn‘Sls

572 708 609 770 et
631 705 814 772 notarium
839 709 932 774 hanc
957 709 1131 776 cartulam
1155 713 1274 775 nostre
1297 707 1507 775 vinditionis
1531 707 1728 776 asscribere
1752 707 1970 794 rogabimus.
1991 707 2117 772 Actum
2133 702 2171 768 in
2189 703 2338 769 civitate
2355 703 2423 766 Lu-

573 857 672 924 ceria
696 857 757 942 qui
783 863 818 924 et
841 859 1004 944 interfui,
1030 863 1148 928 Mense
1171 869 1207 928 et
1231 862 1428 930 indictione
1453 860 1690 946 suprascripsi
1716 859 1885 926 feliciter.

618 983 649 1098 †
675 1012 749 1099 Ego
773 1014 833 1098 qui
861 1031 969 1100 supra
992 1014 1145 1102 agellrid
1171 1015 1270 1084 iudos

618 1135 648 1251 †
675 1165 749 1252 Ego
775 1165 906 1233 ioanne
931 1171 1019 1234 teste

606 1266 655 1404 †
681 1319 756 1404 Ego
780 1318 910 1385 onixsu
935 1323 1037 1386 teste.

1352 1863 1637 1944 DCXLIX.

1359 2127 1413 2202 A.
1442 2124 1493 2202 D.
1522 2122 1647 2203 1012.

621 2365 657 2504 †
685 2417 710 2499 ¹)
725 2419 764 2481 ln
787 2418 931 2483 nomine
946 2416 1095 2502 domini,
1111 2416 1237 2483 domno
1254 2416 1356 2484 basili
1373 2415 1497 2482 divina
1513 2415 1634 2500 gratia
1651 2413 1843 2498 imperator
1860 2415 2027 2498 augusta
2042 2409 2107 2478 deo
2123 2410 2299 2497 propitius
2316 2411 2425 2496 quiu-

575 2571 787 2657 quagesimo
811 2571 937 2655 quinto
960 2587 1056 2637 anno
1081 2567 1221 2654 imperii
1246 2569 1336 2654 eiuS,
1361 2575 1499 2634 etcum
1523 2586 1563 2633 eo
1587 2575 1763 2654 regnante
1790 2565 1917 2632 domno
1940 2563 2167 2634 constantino
2197 2564 2310 2632 irater
2336 2565 2426 2651 eius

571 2723 812 2791 sanctissimis
836 2722 1113 2808 imperatoribus
1136 2722 1286 2808 nostru,
1320 2739 1439 2788 mense
1466 2723 1666 2807 februario,
1696 2721 1834 2788 decima
1868 2720 2074 2788 indictione.
2107 2720 2256 2806 Ideoque
2279 2738 2349 2806 ego
2374 2720 2427 2786 in-

573 2877 713 2946 fantulo
736 2875 878 2943 nomine
903 2874 1106 2944 iohannello
1123 2874 1218 2940 illius
1235 2872 1399 2958 iohanni,
1423 2872 1484 2958 qui
1502 2893 1580 2939 sum
1597 2877 1856 2942 commorantes
1877 2874 1975 2942 intus
1991 2875 2174 2942 cibitatem
2190 2872 2339 2960 lucerie,
2357 2875 2427 2942 cla-

577 3031 723 3114 refeci0,
742 3029 827 3114 quia
843 3029 1016 3095 iohannes
1039 3025 1180 3113 genitor
1204 3043 1303 3092 meus
1326 3043 1389 3112 per
1414 3029 1466 3091 tot
1489 3027 1657 3110 temporis
1680 3028 1835 3112 spatium
1852 3045 1899 3096 ex
1914 3047 1954 3094 oc
1971 3027 2089 3094 seculo
2104 3027 2285 3095 transiens
2301 3031 2342 3094 et
2358 3045 2427 3113 ego

576 3185 757 3273 predictus
782 3181 957 3250 infantulo
981 3200 1061 3246 cum
1085 3177 1202 3247 maria
1226 3177 1402 3264 genitrice
1425 3199 1504 3248 mea
1527 3179 1673 3247 relictus
1696 3200 1788 3262 sum,
1805 3184 1841 3248 et
1857 3198 1953 3246 nunc
1969 3180 2112 3266 quidem
2128 3181 2167 3247 in
2182 3182 2336 3266 parbam
2352 3185 2426 3248 ela-

576 3343 652 3406 tem
678 3358 733 3404 me
758 3355 833 3404 esse
857 3334 1023 3420 profiteor
1048 3337 1084 3400 et
1101 3353 1124 3400 a
1139 3331 1298 3418 periculo
1314 3333 1419 3400 famis
1434 3337 1470 3400 et
1485 3333 1648 3402 nuditate
1665 3351 1870 3420 oppressum
1886 3352 1950 3420 pro
1967 3335 2188 3420 temporibus
2211 3333 2318 3402 malis
2336 3335 2433 3420 quod

580 3492 817 3560 advenerunt.
843 3489 921 3556 ldco
944 3493 980 3556 et
1002 3485 1054 3552 nil
1077 3487 1202 3570 habeo,
1228 3486 1320 3553 unde
1343 3485 1462 3553 vibere
1486 3487 1637 3572 valeam3
1655 3491 1843 3575 propterea
1858 3488 2000 3556 declaro
2016 3506 2071 3555 me
2086 3490 2220 3556 habere
2237 3505 2313 3556 una
2335 3493 2428 3555 sorte

581 3645 620 3710 in
647 3643 725 3729 ipsa
749 3641 904 3708 sortione
926 3640 968 3708 de
992 3639 1060 3725 ipsi
1083 3638 1200 3724 patrui
1227 3637 1296 3704 mei
1321 3639 1464 3705 nomine
1486 3641 1675 3726 grimoaldi
1699 3645 1736 3708 et
1751 3641 1910 3710 damiani
1934 3642 2045 3710 tertia
2067 3659 2151 3726 pars
2173 3641 2219 3709 da
2244 3641 2313 3726 ipsi
2337 3639 2426 3707 reci-

579 3796 701 3881 piente
715 3794 753 3859 in
766 3791 916 3860 ecclesia
928 3792 984 3858 eui
997 3788 1209 3858 vocabulum
1221 3791 1275 3854 est
1286 3793 1488 3856 sanctorum
1500 3790 1737 3875 apostolorum
1749 3791 1902 3880 philippi
1918 3795 1955 3860 et
1971 3793 2087 3861 iacobi
2102 3796 2137 3860 et
2150 3791 2189 3858 in
2204 3791 2280 3879 ipso
2297 3793 2430 3880 ortale,

579 3944 648 4016 lali
665 3945 807 4032 quidem
831 3943 1017 4028 sortiones,
1042 3943 1141 4028 quali
1165 3945 1201 4009 et
1226 3941 1263 4006 in
1289 3943 1366 4027 ipsa
1390 3941 1549 4026 predicta
1572 3943 1722 4011 ecclesia
1745 3947 1781 4010 et
1804 3944 1878 4014 alia
1901 3947 2008 4014 rebus
2025 3945 2067 4013 de
2083 3944 2266 4012 territorio
2282 3945 2430 4014 culteet

579 4099 716 4168 inculte
740 4115 803 4184 per
827 4096 977 4164 diversis
1000 4095 1086 4161 locis
1109 4115 1171 4182 per
1187 4094 1330 4181 proprio
1347 4095 1528 4162 territorio
1552 4095 1710 4162 lucerino
1727 4097 1968 4181 pertinentem
1984 4097 2093 4166 michi
2111 4118 2134 4166 a
2149 4097 2357 4184 supradicto
2373 4117 2433 4184 ge-

578 4255 735 4320 nitorem
759 4269 887 4318 meum.
912 4248 1011 4315 Unde
1034 4265 1231 4334 congruum
1255 4247 1362 4315 michi
1387 4255 1510 4316 estex
1533 4268 1613 4318 mea
1637 4251 1833 4320 hereditate
1858 4254 1896 4318 in
1921 4251 2187 4338 aliquantulum
2219 4251 2369 4322 bindere
2394 4259 2430 4321 et

580 4404 735 4490 pretium
766 4403 954 4488 recipere,
983 4403 1160 4486 quatenus
1191 4399 1233 4466 de
1256 4399 1332 4485 ipso
1356 4400 1513 4485 prelium
1537 4401 1803 4488 aliquantulum
1826 4405 1978 4473 evadere
2002 4423 2140 4491 possam
2164 4409 2199 4474 et
2221 4426 2244 4473 a
2266 4405 2427 4492 periculo

515 4535 519 4540 ’
579 4557 757 4626 nuditatis
780 4555 950 4644 operiam.
974 4555 1045 4640 Set,
1070 4553 1155 4622 dum
1176 4553 1264 4620 dicit
1286 4573 1349 4639 per
1372 4553 1482 4620 doctis
1506 4554 1724 4642 hominibus,
1748 4561 1788 4624 ut
1803 4557 1875 4625 nisi
1889 4576 1955 4644 ego
1972 4557 2017 4627 ad
2033 4557 2210 4626 seniorem
2226 4566 2262 4628 et
2274 4559 2428 4630 iudicem

581 4712 833 4798 proclamaret,
858 4715 894 4777 et
917 4728 1063 4779 causam
1085 4727 1161 4776 mee
1184 4709 1407 4776 necessitatis
1431 4709 1574 4777 illorum
1597 4717 1719 4780 notam
1743 4715 1896 4799 faceret,
1921 4711 2115 4781 secundum
2138 4714 2230 4802 logis
2254 4714 2430 4784 rationem

581 4861 683 4932 illam
706 4864 853 4932 vindere
877 4863 1024 4932 minime
1048 4866 1209 4950 poteret3
1232 4863 1330 4931 Unde
1354 4882 1418 4950 pro
1442 4867 1534 4933 hanc
1558 4883 1634 4932 rem
1658 4867 1838 4952 presentia
1861 4865 1980 4935 sillitti
2005 4865 2159 4934 iudicem
2182 4866 2256 4935 abii
2282 4872 2318 4935 et
2344 4869 2430 4936 illuc

588 5017 799 5104 reclamabi,
824 5024 863 5086 ut
886 5021 932 5085 ab
950 5019 1028 5086 eius
1045 5017 1290 5086 celsitudinem
1305 5016 1425 5087 datam
1443 5015 1699 5085 absolutionem
1715 5015 1822 5085 michi
1841 5016 1919 5104 ipsa
1930 5015 2090 5104 predicta
2104 5019 2277 5088 sortiones
2292 5021 2338 5089 de
2355 5021 2431 5109 ipsa

586 5171 753 5259 predicta
777 5171 926 5242 ecclesia
949 5178 985 5241 et
1006 5172 1050 5240 de
1073 5173 1149 5260 ipso
1172 5171 1285 5241 ortale
1308 5171 1537 5241 benundandi
1562 5175 1598 5240 et
1614 5173 1652 5239 in
1667 5189 1707 5239 oc
1723 5179 1880 5258 tempore
1895 5174 2048 5260 pessimo
2064 5191 2136 5241 non
2152 5175 2321 5262 perirem.
2338 5177 2439 5245 Gum-

583 5316 654 5412 gue
679 5326 790 5394 isdem
814 5329 1008 5412 prephatus
1032 5325 1141 5395 iudex
1165 5343 1281 5395 meam
1305 5325 1464 5394 audisset
1487 5323 1818 5414 proclamationem,
1843 5342 1909 5394 nec
1933 5342 2005 5393 non
2023 5327 2060 5394 et
2075 5329 2233 5398 nostram
2251 5329 2344 5400 vidit
2362 5333 2436 5398 ino

581 5583 903 5594 ——-—-—-—-——-——
916 5586 982 5592 μ.-.-
999 5585 1028 5593 ..-

628 5752 649 5838 ¹)
672 5761 753 5822 vide
778 5761 959 5824 sac-simile
985 5764 1018 5822 iu
1043 5765 1106 5822 line
1132 5762 1201 5822 Vol.
