5310 7080
607 545 653 614 st
804 605 807 613 .
1246 542 1420 616 cobux
1455 547 1720 622 cavensis

559 773 679 837 tamen
703 771 809 838 talem
834 771 1027 837 sartionem
1051 769 1133 837 inde
1160 772 1228 838 sibi
1253 772 1480 860 percipiant,
1512 773 1618 859 quale
1649 779 1685 842 et
1716 793 1826 842 unum
1856 775 1899 843 de
1922 777 1990 862 ipsi
2015 776 2081 843 lilii
2105 777 2187 862 sui,
2212 782 2248 845 et
2273 777 2404 864 largire

561 921 635 988 illis
659 941 763 1008 super
788 941 825 988 se
849 920 1010 1010 abitare,
1042 927 1078 991 et
1108 923 1151 989 de
1175 923 1289 989 omnis
1314 922 1457 990 illorum
1480 944 1589 994 causa
1620 907 1689 1011 que
1711 925 1811 992 modo
1834 928 1948 993 abunt
1970 930 2006 994 et
2030 926 2067 993 in
2092 930 2199 994 antea
2223 945 2351 1013 parare
2375 935 2410 998 et

560 1075 773 1160 conquisiere
797 1073 953 1159 potuerit
967 1125 976 1162 ,
1001 1095 1072 1142 non
1095 1074 1176 1142 illut
1200 1075 1255 1141 vel
1280 1078 1409 1144 exinde
1434 1096 1557 1144 eorum
1581 1079 1704 1146 tollere
1728 1081 1860 1164 absque
1885 1097 2008 1146 eorum
2033 1080 2244 1166 bolumtate,
2268 1099 2333 1147 uec
2356 1083 2398 1150 do

561 1227 637 1312 ipsa
660 1229 754 1292 sorte
778 1227 870 1310 quod
895 1245 1017 1294 eorum
1040 1227 1177 1294 dederit
1193 1249 1207 1318 3,
1233 1229 1321 1295 etsi
1346 1228 1474 1314 aliquit
1506 1230 1587 1298 inde
1611 1250 1733 1297 eorum
1757 1231 1882 1298 tulerit
1907 1251 1969 1318 per
1991 1232 2143 1317 inbitiS,
2176 1231 2258 1298 illut
2283 1251 2404 1300 eorum

563 1380 737 1466 reidant,
763 1386 799 1446 et
823 1380 933 1448 alium
958 1380 1072 1446 filium
1095 1399 1217 1467 suum,
1242 1382 1296 1448 vel
1326 1381 1399 1450 alia
1424 1400 1517 1450 nura
1546 1399 1705 1450 sunnon
1729 1383 1956 1451 remeliorare
1982 1385 2024 1450 de
2048 1385 2168 1452 omnia
2191 1403 2257 1452 sua
2280 1404 2386 1452 causa
2400 1405 2410 1468 ;

559 1534 595 1598 et
619 1533 649 1599 si
675 1532 941 1601 remelioratum
964 1534 1141 1620 paruerit,
1167 1553 1237 1600 non
1262 1534 1308 1600 sit
1333 1535 1475 1619 stabile,
1500 1540 1554 1600 set
1578 1553 1639 1620 por
1656 1534 1726 1602 ista
1742 1535 1862 1602 wadia
1886 1535 1958 1602 fiad
1981 1535 2143 1621 disrupto
2166 1540 2202 1603 et
2228 1537 2349 1604 redeat
2365 1536 2410 1603 ad

560 1683 789 1771 confusione,
814 1685 858 1752 ad
882 1684 1112 1754 dibidendum
1136 1685 1231 1751 inter
1255 1703 1290 1752 se
1316 1685 1446 1752 fratres
1469 1683 1662 1770 equaliter.
1695 1685 1788 1770 quod
1812 1683 1843 1750 si
1866 1685 1988 1753 taliter
2012 1704 2083 1750 non
2108 1686 2353 1772 adimpleberit
2375 1693 2412 1754 et

561 1835 692 1920 aliquit
715 1838 757 1904 de
782 1837 902 1906 omnia
926 1840 1169 1924 suprascripta
1193 1841 1372 1904 remobere
1397 1841 1460 1905 aut
1484 1841 1649 1904 contrare
1666 1836 1852 1921 quesierit,
1870 1841 1956 1903 tunc
1980 1857 2043 1922 per
2068 1841 2160 1907 bona
2183 1840 2404 1906 combeuien-

562 1989 613 2056 tia
637 2007 699 2075 per
724 1989 802 2075 ipsa
826 1988 945 2056 wadia
969 1991 1141 2076 obligabit
1165 2009 1201 2056 se
1217 2007 1425 2074 conrponere
1449 1989 1495 2056 ad
1511 1987 1572 2056 ille
1589 1991 1756 2073 ominem,
1781 1991 1840 2056 oui
1856 1991 1998 2056 brebem
2023 1990 2090 2056 iste
2115 1991 2153 2057 in
2177 2010 2322 2059 manum
2348 2012 2408 2077 pa-

558 2143 697 2228 ruerit,
723 2142 854 2229 biginti
879 2142 980 2210 solidi
1004 2143 1251 2230 constantini,
1276 2147 1313 2208 et
1336 2161 1398 2228 per
1423 2141 1549 2210 inbitis
1572 2141 1694 2208 taliter
1718 2139 1968 2227 adimplerent3
1993 2147 2028 2209 et
2053 2161 2117 2228 pro
2141 2145 2263 2212 omnia
2287 2164 2410 2230 supra-

507 2287 510 2294 ’
556 2295 692 2380 scripta
716 2295 993 2381 adimplendum,
1019 2296 1112 2361 siout
1138 2315 1244 2382 supra
1268 2295 1415 2381 legitur,
1437 2295 1503 2380 ipsi
1520 2293 1694 2363 nominati
1721 2299 1822 2382 pater
1847 2301 1883 2362 et
1906 2295 2014 2381 tilius,
2039 2300 2162 2363 tamen
2186 2299 2261 2384 ipse
2286 2303 2406 2382 petrus

558 2445 654 2513 filius
679 2447 754 2513 eius
779 2467 840 2533 per
866 2448 1124 2515 absolutionem
1149 2448 1260 2534 ipsius
1278 2448 1433 2533 genitori
1457 2467 1532 2534 sue,
1556 2449 1591 2514 et
1615 2450 1730 2534 ipsum
1757 2451 1897 2516 astante
1922 2448 2135 2516 mediatores
2159 2450 2262 2514 nobis
2286 2468 2409 2534 posue-

557 2604 643 2667 runt
665 2601 770 2668 disiio
795 2602 909 2668 filium
923 2609 957 2670 et
973 2623 1182 2688 germanum
1202 2621 1324 2670 eorum
1344 2607 1377 2670 et
1393 2602 1576 2670 maraldus
1593 2603 1707 2668 lilium
1726 2602 1937 2670 manlienolfi
1950 2604 2155 2688 presbiteri.
2175 2605 2267 2689 quod
2285 2605 2411 2690 scripsi

558 2771 627 2837 ego
651 2753 836 2820 mirandus
861 2753 1020 2822 notarius
1046 2759 1080 2820 et
1104 2753 1262 2820 interlui.

600 2877 630 2992 †
661 2906 735 2989 Ego
760 2903 960 2972 romoaldus

603 3029 634 3144 †
660 3059 733 3144 Ego
758 3058 964 3124 silrenolsus.

1391 3536 1574 3616 DXCI.

1334 3762 1388 3838 A.
1417 3761 1468 3838 D.
1497 3759 1625 3841 1006.

597 3939 633 4078 †
658 3994 697 4058 In
721 3990 864 4058 nomine
887 3991 1021 4057 domini
1045 3992 1195 4058 lroctabo
1218 3989 1353 4056 decimo
1388 4007 1483 4056 anno
1517 3988 1743 4077 principatus
1765 3990 1885 4055 domni
1910 3991 2022 4056 nostri
2047 3991 2226 4076 guaimari
2250 3995 2401 4081 gloriosi

551 4146 745 4234 principis,
771 4149 890 4213 Mense
912 4147 1105 4231 hoctuber,
1129 4144 1257 4228 quinta
1288 4141 1497 4210 indictione.
1522 4143 1679 4226 ydeoque
1709 4159 1772 4207 nos
1796 4141 1900 4208 disiio
1924 4143 2020 4209 iilius
2044 4144 2220 4228 quondam
2245 4146 2397 4215 iohanni

549 4301 587 4364 et
610 4299 739 4365 mulier
763 4299 909 4366 nomine
933 4297 1094 4382 bigurita
1118 4294 1193 4362 filia
1219 4294 1357 4381 boroni,
1381 4294 1509 4361 relicta
1534 4295 1712 4380 quondam
1735 4293 1827 4362 mari
1851 4298 1887 4362 et
1910 4295 2112 4380 supradicto
2138 4295 2309 4385 iohanni,
2334 4299 2395 4385 qui

548 4469 669 4520 snmus
692 4457 808 4523 mater
831 4455 867 4520 et
889 4453 979 4538 lilia,
1004 4449 1145 4518 declaro
1169 4468 1234 4536 ego
1257 4448 1433 4536 bigurita,
1458 4447 1626 4532 quoniam
1644 4447 1734 4514 mihi
1759 4453 1812 4515 est
1827 4449 2031 4534 pertinente
2056 4451 2162 4516 abere
2185 4471 2208 4517 a
2230 4469 2314 4536 pars
2338 4471 2396 4519 su-

550 4605 703 4690 pradicti
728 4606 820 4672 mari
844 4604 906 4690 qui
930 4605 999 4670 fuit
1023 4602 1141 4689 priore
1165 4603 1243 4670 viro
1267 4620 1390 4687 meua,
1423 4603 1589 4686 quartam
1623 4618 1705 4685 pars
1730 4599 1767 4664 in
1792 4600 1906 4664 omnis
1931 4601 2037 4666 rebus
2060 4617 2126 4668 sua
2143 4603 2268 4686 ,quod
2292 4602 2400 4669 michi

550 4757 625 4842 ipse
650 4755 706 4822 rir
732 4775 830 4824 meus
843 4757 943 4824 emisi
956 4757 995 4824 in
1008 4757 1064 4823 die
1077 4761 1197 4824 nostre
1214 4753 1464 4841 copulationiS,
1482 4755 1624 4837 quando
1642 4723 1699 4820 me
1716 4752 1783 4818 sivi
1799 4752 2122 4840 uxoremsociavit,
2146 4715 2181 4821 et
2203 4771 2401 4841 congruum

549 4907 659 4974 michi
685 4913 738 4974 est
761 4909 889 4976 exindo
913 4908 1129 4976 venumdare
1154 4913 1320 4992 quartam
1343 4923 1427 4992 pars
1444 4905 1487 4972 de
1503 4903 1694 4970 medietate
1718 4903 1760 4969 de
1777 4920 1849 4969 una
1873 4903 1975 4988 pecia
1998 4904 2041 4970 de
2064 4908 2162 4972 terra
2186 4923 2266 4972 oum
2293 4908 2399 4976 vinea

549 5067 585 5131 et
608 5064 762 5130 baouum
786 5078 855 5128 uno
879 5061 1038 5127 tenie‘nte
1062 5061 1101 5124 in
1119 5057 1234 5125 lecum
1249 5045 1466 5143 campiliano
1482 5055 1702 5123 salernitane
1717 5053 1849 5120 linibus
1867 5073 1929 5140 per
1946 5057 2011 5122 heo
2036 5055 2118 5122 linis
2143 5061 2178 5124 et
2202 5061 2392 5128 mensuris:

547 5213 591 5283 de
614 5218 739 5302 suptus
767 5213 878 5280 latere
902 5229 1022 5298 apars
1045 5209 1192 5277 meridie
1215 5210 1284 5276 fine
1301 5208 1393 5296 petri
1411 5207 1477 5273 filii
1502 5207 1697 5292 mauronti,
1723 5206 1815 5274 sicut
1840 5205 1976 5275 termiti
2001 5208 2077 5274 fieti
2101 5214 2199 5295 sunt,
2223 5215 2277 5277 est
2301 5214 2395 5298 passi

548 5369 705 5458 triginta
728 5368 886 5455 quinque
902 5369 937 5433 01
953 5317 1119 5455 gubitum
1144 5381 1266 5428 unum:
1284 5380 1304 5428 a
1321 5379 1406 5446 pars
1421 5357 1570 5427 orientis
1588 5358 1758 5427 similiter
1782 5361 1854 5426 fine
1879 5361 1992 5452 ipsius
2016 5361 2123 5447 petri,
2141 5365 2176 5427 et
2191 5361 2335 5430 exiente
2360 5365 2398 5430 in

548 5526 609 5594 bia
633 5525 799 5612 pupblica
822 5526 875 5590 est
898 5520 981 5588 inde
1004 5517 1098 5605 passi
1124 5513 1254 5603 biginti
1273 5514 1392 5581 minus
1408 5515 1571 5600 gubitum
1589 5531 1712 5579 unum:
1737 5512 1779 5579 de
1795 5529 1904 5597 super¹
1926 5513 2038 5580 latere
2054 5514 2125 5580 line
2149 5513 2228 5600 ipsa
2252 5517 2313 5584 via
2336 5536 2400 5600 pu·

549 5679 658 5764 blica,
682 5681 736 5744 est
759 5674 973 5763 permade
996 5672 1076 5759 ipsa
1093 5669 1150 5738 via
1166 5669 1262 5756 passi
1291 5665 1423 5754 biginti
1448 5667 1573 5733 hocto:
1600 5664 1642 5732 de
1666 5663 1739 5733 alia
1754 5681 1836 5750 pars
1859 5665 1905 5732 ab
1928 5664 2109 5733 occidente
2132 5663 2300 5734 similiter
2326 5669 2396 5736 fine

547 5829 659 5919 ipsius
680 5831 787 5917 petri,
811 5831 895 5897 sunt
919 5827 1001 5896 inde
1025 5824 1120 5913 passi
1144 5823 1264 5891 decem
1288 5839 1398 5906 usque
1428 5819 1466 5886 in
1489 5816 1560 5884 fine
1584 5815 1713 5886 falconi
1740 5816 1954 5904 presbiteri,
1986 5823 2021 5886 et
2043 5837 2106 5905 per
2132 5818 2210 5906 ipsa
2233 5821 2305 5890 tine
2330 5821 2421 5890 lal-⁴
