5334 7098
636 551 700 621 151)
1275 553 1446 625 lllllillx
1481 555 1746 627 Cni'susls

582 774 814 842 mediatorem
838 777 927 844 mihi
951 777 1068 862 posuit
1091 778 1258 865 seipsum,
1282 778 1348 846 tali
1373 779 1516 866 ordine,
1548 784 1588 848 ut
1611 780 1736 849 amodo
1758 785 1795 848 et
1818 779 1915 846 omni
1940 781 2123 865 tempore,
2149 777 2343 864 usquedum
2369 776 2432 844 ille

581 947 642 996 eos
666 933 787 997 tenere
811 935 847 998 et
871 930 1033 1002 laborare
1058 932 1227 1020 boluerit,
1252 953 1315 1000 sue
1339 935 1414 1001 sint
1437 935 1634 1023 potestatis,
1651 954 1710 1004 eos
1725 936 1919 1006 tenendum
1935 938 1971 1004 et
1984 932 2254 1018 dominandum,
2277 937 2313 999 et
2326 932 2430 1000 fobee

468 1171 471 1183 .
582 1087 620 1149 et
646 1080 758 1149 omnis
781 1098 843 1148 sue
867 1083 1038 1152 utilitatis
1063 1085 1101 1151 in
1125 1085 1202 1172 ipsa
1225 1087 1413 1155 medietate
1428 1087 1466 1152 in
1483 1105 1566 1173 pars
1581 1087 1774 1155 occidentis
1799 1088 1929 1156 ibidem
1954 1086 2072 1156 saciad
2095 1087 2191 1153 iusta
2215 1084 2368 1171 ratione,
2395 1096 2434 1151 et

583 1235 802 1322 temporibus
827 1237 903 1304 suis
928 1239 1004 1325 ipso
1028 1242 1216 1308 arbustum
1240 1239 1415 1308 scalciant
1439 1245 1475 1308 ei
1497 1241 1749 1328 propaginare,
1764 1247 1900 1330 potare,
1926 1246 1961 1308 et
1987 1240 2046 1308 ubi
2072 1241 2257 1325 meruerit,
2282 1239 2432 1306 arbores

581 1396 617 1457 et
642 1392 733 1458 bites
757 1391 888 1459 ibidem
912 1391 1092 1480 plantare,
1115 1398 1152 1461 et
1175 1394 1265 1462 bites
1288 1399 1419 1481 traere,
1443 1399 1479 1463 et
1503 1395 1636 1462 siccos
1660 1397 1823 1464 laborare
1845 1397 1888 1463 19
1912 1413 2018 1481 super
2042 1394 2142 1462 etde
2167 1394 2304 1478 subter,
2333 1393 2429 1459 sicut

582 1548 656 1633 ipse
686 1545 781 1615 locus
803 1546 987 1633 meruerit,
1013 1549 1052 1612 ut
1074 1547 1245 1634 proficiad
1268 1553 1303 1616 et
1325 1566 1397 1614 non
1419 1547 1616 1635 disperead,
1632 1549 1668 1612 et
1684 1566 1746 1634 per
1762 1547 1949 1615 circoitum
1972 1547 2054 1614 illut
2070 1547 2219 1616 cludant
2236 1551 2271 1614 et
2288 1547 2431 1614 clusum

582 1701 686 1768 illum
712 1703 842 1772 abeant
865 1703 961 1768 omni
986 1706 1155 1788 tempore,
1178 1705 1215 1769 et
1238 1702 1368 1769 ibidem
1392 1703 1547 1771 residere
1570 1707 1606 1771 et
1621 1703 1772 1788 abitare,
1789 1704 1825 1768 et
1841 1703 1957 1770 omnis
1980 1719 2042 1768 sue
2066 1700 2235 1770 utilitatis
2259 1702 2353 1769 iusta
2369 1721 2430 1769 ra-

584 1855 717 1924 tionem
742 1856 872 1924 ibidem
897 1857 1025 1943 lacere,
1043 1863 1078 1924 et
1101 1857 1323 1942 palmentum
1339 1856 1510 1924 sabritum
1535 1857 1630 1923 omni
1649 1823 1805 1942 ternpore
1823 1853 1953 1921 ibidem
1971 1856 2114 1937 abeant,
2132 1854 2226 1920 sicut
2242 1857 2432 1941 meruerit,

580 2015 616 2078 et
641 2030 702 2096 per
727 2011 904 2078 bindemie
929 2030 991 2078 sue
1016 2015 1172 2096 tempore
1197 2011 1314 2081 faciad
1338 2029 1402 2078 nos
1425 2012 1480 2079 vel
1505 2031 1587 2099 pars
1611 2011 1723 2098 ipsius
1746 2010 1892 2078 ecclesie
1915 2009 2030 2078 sancti
2047 2009 2214 2096 maximi,
2240 2015 2279 2078 ut
2296 2010 2431 2078 ibidem

580 2165 783 2252 dirigamus
807 2165 955 2232 missum
979 2169 1161 2250 nostrum,
1185 2169 1220 2232 et
1244 2169 1322 2232 acto
1345 2169 1502 2250 temporo
1526 2183 1584 2232 eos
1608 2164 1893 2250 bindemiarent,
1918 2169 1953 2232 et
1977 2166 2053 2251 ipso
2077 2165 2200 2230 binum
2227 2165 2357 2233 ibidem
2384 2168 2429 2232 ad

581 2318 799 2405 palmentum
824 2325 858 2387 et
880 2321 994 2386 omnis
1017 2336 1121 2404 poma
1144 2315 1275 2386 exinde
1299 2318 1497 2388 dibidereut
1520 2340 1582 2405 per
1607 2318 1844 2388 medietatem:
1869 2337 1933 2386 nos
1956 2318 2008 2386 vel
2033 2337 2117 2405 pars
2142 2317 2256 2405 ipsius
2279 2318 2431 2386 ecclesie

582 2473 822 2558 medietatem,
847 2479 882 2540 et
906 2473 966 2540 ille
989 2479 1025 2541 et
1049 2489 1129 2538 suos
1152 2472 1274 2539 eredes
1297 2473 1534 2560 medietatem;
1552 2475 1602 2540 sic
1618 2480 1752 2561 tamen,
1770 2479 1809 2542 ut
1827 2476 1903 2560 ipsa
1927 2477 2082 2542 sortione
2106 2474 2265 2560 predicte
2281 2475 2431 2543 ecclesie

580 2631 698 2696 saneti
723 2628 873 2697 maximi
896 2629 939 2695 de
963 2627 1039 2714 ipso
1064 2630 1187 2695 binum
1211 2649 1273 2715 per
1296 2633 1452 2715 tempore
1476 2628 1558 2696 illut
1582 2633 1767 2714 portarent
1787 2629 1831 2696 ad
1847 2629 2032 2697 cellarium
2056 2631 2214 2717 predicte
2238 2631 2387 2697 ecclesie
2405 2651 2428 2697 a

577 2785 705 2850 subtus
730 2783 861 2869 parieti
887 2783 983 2851 inira
1007 2784 1081 2867 ipso
1106 2782 1222 2850 locum
1240 2782 1401 2868 nuceria,
1419 2786 1454 2849 et
1468 2782 1593 2850 mittad
1610 2781 1711 2849 illum
1728 2785 1765 2850 in
1781 2801 1940 2870 organea
1956 2783 2048 2870 quod
2065 2785 2196 2853 ibidem
2212 2803 2295 2872 pars
2311 2786 2425 2873 ipsius

579 2937 725 3004 ecclesio
750 2939 780 3005 ei
808 2936 1101 3024 adsignaberint,
1134 2941 1170 3004 et
1203 2957 1267 3023 per
1298 2936 1397 3002 illum
1430 2941 1465 3003 ot
1495 2957 1559 3020 per
1591 2938 1668 3004 eius
1692 2937 1815 3004 eredes
1840 2939 1917 3006 siad
1941 2938 2147 3006 annualiter
2171 2941 2249 3026 ipsa
2273 2959 2434 3027 organea

579 3091 742 3158 conciata
767 3093 873 3176 bona3
899 3097 934 3158 et
957 3091 987 3158 si
1014 3091 1168 3158 boluerit
1191 3109 1274 3175 pars
1299 3090 1411 3175 ipsius
1434 3089 1581 3157 ecclesie
1605 3089 1657 3156 eis
1681 3090 1767 3157 dare
1791 3107 1950 3176 organea
1975 3093 2081 3176 bona,
2107 3097 2146 3159 ut
2169 3091 2251 3159 illut
2274 3098 2428 3180 reponad

582 3244 619 3308 in
644 3245 722 3328 ipsa
746 3262 830 3310 casa
853 3262 956 3328 quem
982 3241 1114 3310 ibidem
1139 3242 1270 3311 iactam
1297 3245 1403 3327 abet,
1436 3247 1471 3309 et
1502 3217 1579 3327 ipsa
1602 3261 1760 3328 organea
1786 3245 1877 3311 bona
1901 3245 2121 3331 conciarent,
2145 3251 2182 3313 et
2205 3247 2282 3333 ipso
2305 3249 2429 3316 binum

509 3393 513 3400 '
580 3393 774 3458 sortionem
800 3393 911 3478 ipsius
934 3391 1081 3460 ecclesio
1106 3391 1144 3456 in
1162 3393 1240 3477 ipsa
1264 3411 1423 3479 organea
1448 3395 1604 3479 mittere,
1630 3399 1665 3461 et
1689 3395 1828 3462 salbum
1854 3394 1935 3463 illut
1959 3395 2110 3484 iaciant,
2128 3399 2259 3484 absque
2275 3401 2431 3487 degene-

581 3546 722 3612 ratione
746 3549 781 3612 et
804 3545 928 3631 ingne,
944 3545 1053 3612 donec
1072 3543 1154 3612 illut
1169 3544 1250 3611 inde
1268 3543 1392 3610 tulerit
1409 3564 1493 3630 pars
1512 3546 1624 3630 ipsius
1640 3547 1785 3616 ecclesie
1801 3551 1916 3616 sancti
1934 3549 2099 3636 maximi,
2116 3555 2152 3618 et
2168 3552 2278 3620 donec
2302 3553 2431 3622 ibidem

581 3699 747 3766 steterint
763 3699 878 3784 ipsum
903 3699 1049 3765 missum
1074 3699 1231 3783 predicto
1256 3700 1404 3767 ecclesie
1421 3717 1483 3785 pro
1499 3699 1743 3785 recipiendum
1761 3702 1839 3787 ipsa
1860 3703 2015 3770 sortione
2032 3704 2074 3770 de
2091 3703 2168 3792 ipso
2192 3706 2330 3792 binum,
2357 3706 2430 3774 illis

581 3857 702 3919 autem
725 3871 806 3918 cum
830 3851 966 3918 notriro
990 3853 1086 3920 iusta
1110 3853 1263 3938 ratione,
1288 3857 1323 3920 et
1348 3853 1478 3920 darent
1502 3855 1535 3920 ei
1561 3853 1826 3939 palmentateca
1851 3855 1947 3924 iusta
1971 3859 2264 3928 consuetudinem
2287 3861 2331 3928 de
2357 3861 2431 3947 ipso

582 4004 710 4089 locum,
735 4009 770 4072 et
794 4005 836 4071 de
860 4006 953 4090 quod
977 4005 1073 4073 inira
1096 4006 1344 4092 suprascripta
1368 4007 1476 4072 rebus
1500 4008 1773 4094 seminaberint,
1789 4009 1898 4076 deant
1914 4008 2045 4080 exinde
2062 4029 2201 4100 semper
2224 4016 2433 4084 terraticum

581 4157 627 4225 ad
653 4177 737 4243 pars
760 4156 872 4244 ipsius
897 4157 1044 4228 ecclesie
1067 4158 1164 4226 iusta
1187 4157 1479 4225 consuetudinem
1504 4159 1547 4226 19
1572 4159 1648 4246 ipso
1667 4163 1795 4248 locum,
1815 4167 1850 4230 et
1866 4183 1888 4230 a
1904 4183 1974 4249 quo
1999 4149 2076 4250 ipsa
2101 4167 2208 4234 rebus
2232 4172 2353 4236 tenere
2370 4177 2433 4238 ant

581 4317 745 4384 laborare
769 4316 950 4386 noluerint
975 4317 1013 4383 in
1037 4315 1195 4402 predicto
1220 4314 1367 4400 ordine,
1402 4314 1529 4383 inolita
1554 4317 1660 4382 rebus
1686 4316 1763 4401 ipsa
1788 4315 1950 4385 laborata
1976 4323 2012 4384 et
2036 4319 2173 4388 cultata
2197 4325 2233 4388 et
2256 4323 2356 4392 clusa
2381 4347 2433 4393 re·

581 4469 723 4536 mittere
748 4469 792 4537 ad
816 4473 989 4556 potestate
1014 4470 1170 4554 predicte
1193 4469 1355 4554 ecclesie,
1380 4471 1416 4535 et
1442 4466 1555 4537 licead
1581 4467 1654 4536 illis
1677 4469 1806 4538 exinde
1829 4469 1929 4538 exire
1953 4457 2035 4538 cum
2057 4473 2172 4540 omnis
2194 4493 2261 4544 sua
2284 4477 2429 4548 mobilia

488 4683 498 4696 ,
581 4641 649 4706 que
673 4624 723 4690 ibi
749 4623 930 4709 abuerint,
955 4627 1096 4690 etcum
1121 4629 1196 4689 tota
1219 4621 1296 4708 ipsa
1321 4620 1548 4707 lingnamina
1571 4622 1614 4690 19
1639 4623 1717 4710 ipsa
1742 4643 1824 4693 casa
1846 4631 1951 4694 extra
1975 4627 2050 4712 ipso
2072 4629 2316 4720 palmentum,
2341 4639 2377 4701 et
2400 4636 2429 4701 si

582 4777 786 4857 coopertum
810 4771 919 4839 suerii
943 4772 1016 4838 illis
1039 4770 1165 4838 diebus
1190 4770 1265 4857 ipso
1288 4773 1520 4858 palmentum,
1545 4775 1640 4841 siant
1663 4775 1705 4842 de
1725 4777 1804 4862 ipsa
1820 4778 1983 4865 ecclesia3
2010 4784 2044 4848 et
2068 4782 2098 4847 si
2124 4783 2318 4870 aliquando
2341 4789 2431 4852 tem·

586 4943 671 5010 pore
696 4925 756 4992 ille
781 4931 816 4993 ct
840 4925 916 4992 suis
939 4927 1061 4993 eredes
1085 4925 1127 4992 19
1152 4946 1193 4994 ac
1218 4931 1315 4993 terra
1338 4925 1563 4996 salernitana
1588 4929 1745 4997 exierint
1767 4948 1832 5016 pro
1857 4932 1970 5000 aliubi
1994 4935 2039 5001 ad
2065 4934 2294 5024 abitandum,
2319 4945 2382 5007 aut
2403 4943 2433 5008 si

586 5079 693 5147 talem
719 5078 870 5147 fecerint
893 5081 1048 5166 culpam,
1072 5081 1166 5148 unde
1182 5081 1226 5148 ad
1244 5080 1419 5166 palatium
1442 5083 1600 5151 cecidere
1616 5083 1791 5172 debuerit,
1808 5087 1972 5155 similiter
1989 5090 2095 5156 rebus
2112 5090 2189 5177 ipsa
2213 5111 2294 5158 curn
2311 5097 2431 5163 omnia

585 5237 679 5301 intro
704 5253 740 5301 se
765 5233 953 5301 abentibus
969 5235 1183 5318 perboniant
1200 5232 1245 5300 ad
1261 5238 1433 5319 potestate
1450 5235 1606 5322 predicto
1621 5237 1782 5325 ecclesie3
1800 5243 1836 5307 91
1852 5242 1882 5309 si
1899 5239 1995 5310 inira
2010 5245 2125 5312 tribus
2141 5245 2231 5313 anni
2249 5245 2282 5312 ic
2300 5249 2434 5316 rebersi

584 5389 720 5458 luerint
743 5387 787 5457 ad
812 5387 1035 5475 abitandum,
1053 5395 1116 5458 aut
1141 5389 1172 5457 si
1190 5389 1233 5455 de
1257 5388 1334 5475 ipsa
1359 5390 1464 5476 culpa
1487 5391 1648 5480 liberati,
1673 5399 1709 5462 91
1734 5393 1913 5465 boluerint
1937 5401 2042 5467 rebus
2058 5397 2138 5486 ipsa
2152 5403 2275 5468 tenere
2291 5405 2327 5468 et
2344 5401 2436 5498 labo

585 5565 665 5613 rare
682 5546 719 5612 in
738 5545 983 5632 suprascripto
1007 5543 1146 5632 ordine,
1164 5545 1329 5612 inclitum
1346 5545 1426 5612 illut
1442 5547 1605 5616 rebcrtar
1622 5551 1667 5618 ad
1683 5554 1854 5636 potestate
1872 5551 2013 5623 illorum
2029 5559 2064 5623 et
2080 5554 2122 5622 de
2138 5555 2281 5622 illorum
2297 5555 2432 5642 eredeS,

585 5697 630 5762 ad
649 5699 826 5766 abendum
844 5698 881 5765 in
898 5701 1142 5787 suprascripta
1168 5699 1318 5769 ratione:
1344 5706 1500 5788 tanturn,
1518 5703 1548 5771 si
1565 5705 1641 5788 ipso
1656 5721 1791 5771 annum
1808 5708 1899 5790 quod
1916 5705 2103 5794 redierint,
2120 5710 2227 5776 rebus
2251 5708 2330 5796 ipsa
2343 5710 2436 5779 labo

583 5862 664 5923 raia
688 5857 812 5941 tuerit,
838 5855 949 5924 licead
976 5857 1049 5923 illis
1073 5857 1133 5940 qui
1159 5877 1217 5923 eos
1241 5856 1496 5942 laboraberint,
1528 5858 1609 5924 inde
1626 5859 1749 5926 tollere
1767 5861 1882 5927 omnis
1898 5861 2056 5949 frugens.
2074 5863 2166 5946 quod
2182 5866 2212 5932 si
2230 5863 2353 5932 taliter
2370 5869 2432 5934 etc.
