5334 7098
614 532 684 603 ult
1263 535 1436 608 CODEX
1470 535 1737 608 CAVENSIS

571 757 664 824 mari
688 756 1000 847 benumdedimus,
1024 759 1069 828 ad
1092 760 1267 828 securiter
1291 765 1327 829 et
1350 761 1501 829 firmiter
1530 759 1654 828 amodo
1678 761 1714 826 et
1736 773 1873 844 semper
1903 759 1943 823 tu
1967 753 2158 824 iamdictus
2190 755 2417 842 guaimarius

570 906 696 996 tuique
719 911 884 980 eredibus
908 911 1035 982 inclita
1057 912 1172 981 omnis
1195 913 1438 998 supradictam
1462 915 1621 982 nostram
1650 911 1905 981 bindictionem
1927 909 2130 996 abendam,
2154 907 2418 996 possidendum,

572 1063 844 1152 dominandum,
868 1067 989 1136 omnia
1012 1067 1142 1136 exinde
1166 1067 1461 1154 faciendumque
1485 1067 1684 1156 bolueritis3
1709 1068 1804 1136 unde
1825 1085 1890 1156 pro
1912 1064 2194 1135 confirmandam
2220 1068 2257 1134 et
2279 1065 2422 1136 stabili-

571 1216 741 1286 sceudam
764 1217 866 1286 nobis
890 1239 958 1289 anc
982 1223 1140 1288 nostram
1164 1218 1431 1304 bindicticnem,
1455 1241 1479 1289 a
1502 1217 1676 1307 presentis
1699 1219 1897 1306 recepimus
1912 1240 1934 1288 a
1951 1223 1985 1286 te
2009 1213 2177 1286 iamdicto
2192 1217 2421 1304 guaimarius

569 1370 703 1442 exinde
726 1372 808 1442 auri
832 1373 960 1442 solidos
983 1373 1026 1442 de
1048 1375 1121 1444 tari
1145 1374 1301 1461 triginta
1324 1393 1396 1444 ana
1418 1375 1491 1444 tari
1507 1379 1661 1462 quatuor
1684 1395 1748 1463 per
1772 1374 1923 1443 solidum
1940 1375 1979 1442 in
2002 1373 2119 1440 omnis
2143 1373 2416 1460 deliberatione,

569 1525 664 1592 sicut
687 1525 782 1593 inter
805 1544 869 1593 nos
893 1528 1081 1614 combenit,
1105 1533 1142 1596 et
1161 1546 1226 1615 pro
1250 1528 1295 1597 ad
1318 1528 1559 1597 defensionem
1581 1528 1679 1598 vobis
1695 1547 1833 1615 semper
1856 1526 2034 1596 abendum
2057 1525 2101 1594 de
2123 1524 2333 1612 supradicta
2355 1543 2420 1592 no·

570 1679 646 1746 stra
669 1678 888 1748 bindictione
905 1680 1066 1749 dedimus
1089 1681 1190 1750 modo
1214 1680 1280 1749 tibi
1306 1681 1380 1768 ipse
1404 1681 1621 1768 scriptionis,
1646 1681 1709 1768 qui
1731 1677 1896 1766 superius
1920 1679 1954 1745 ic
1978 1677 2102 1765 aliqua
2125 1654 2210 1764 pars
2232 1679 2415 1748 declarate

572 1832 672 1916 sunt,
697 1835 736 1898 ut
759 1832 901 1918 quando
924 1834 1084 1902 causatio
1106 1833 1188 1901 inde
1212 1832 1311 1901 vobis
1333 1838 1478 1903 exsurte
1494 1835 1604 1904 fuerit
1621 1834 1663 1903 de
1678 1834 1886 1921 supradicta
1908 1837 2032 1902 nostra
2054 1831 2289 1920 bindictione,
2306 1839 2341 1902 et
2356 1851 2421 1920 per

573 2002 636 2050 vos
667 1985 755 2071 ipsis
784 1985 970 2055 bolueritis
1001 1987 1083 2056 inde
1113 1992 1205 2057 esset
1228 1992 1411 2075 auctores,
1435 1991 1642 2074 potestatem
1673 1987 1811 2056 abeatis
1834 1988 1913 2056 vice
1937 1991 2061 2054 nostra
2085 1985 2124 2054 in
2148 1986 2312 2054 omnibus
2338 1987 2423 2056 inde

571 2155 722 2205 causare
744 2156 824 2205 cum
848 2138 1064 2226 supradictis
1089 2139 1308 2227 scriptionis
1332 2143 1368 2208 et
1392 2157 1473 2207 cum
1495 2138 1602 2226 quale
1625 2137 1700 2207 alia
1723 2138 1904 2206 monimen
1919 2142 1956 2206 et
1972 2139 2117 2207 ratione
2132 2140 2215 2207 inde
2230 2139 2424 2226 abueritis,

573 2292 610 2356 et
633 2288 742 2358 finem
766 2290 897 2359 exinde
921 2292 1062 2378 facere,
1087 2291 1245 2378 qualiter
1269 2292 1470 2376 bolueritis3
1494 2297 1530 2362 et
1552 2310 1616 2360 nos
1637 2291 1829 2361 iamdictus
1852 2291 2026 2360 iohannes
2050 2293 2178 2360 iubene
2202 2295 2238 2360 et
2262 2291 2423 2378 predicta

574 2441 679 2528 bona,
705 2442 766 2528 qui
790 2460 913 2510 sumus
936 2445 1109 2529 amboque
1132 2442 1200 2530 viri
1224 2446 1259 2511 et
1282 2443 1399 2531 uxori,
1425 2443 1662 2532 obligabimus
1685 2463 1749 2512 nos
1773 2448 1808 2514 et
1830 2448 1970 2512 nostros
1993 2444 2115 2514 eredes
2139 2445 2263 2515 amodo
2280 2448 2317 2512 et
2331 2462 2423 2512 sem-

572 2613 636 2682 per
660 2595 907 2665 antislandum
930 2598 966 2663 et
989 2595 1246 2664 defensandum
1262 2595 1328 2664 tibi
1353 2599 1512 2684 predicto
1533 2599 1729 2687 guaimari,
1753 2617 1861 2687 quam
1884 2603 1919 2668 et
1941 2599 1988 2668 ad
2006 2599 2079 2670 tuis
2093 2599 2270 2684 eredibus,
2293 2597 2423 2666 inclita

572 2747 783 2835 supradicta
805 2752 929 2816 nostra
951 2746 1125 2816 bindictio
1140 2768 1162 2817 a
1178 2767 1262 2835 pars
1285 2750 1398 2835 ipsius
1420 2751 1548 2821 domne
1571 2752 1712 2840 righale
1728 2758 1764 2824 et
1781 2753 1826 2824 da
1841 2753 1958 2840 ipsum
1973 2751 2134 2840 areghisi
2150 2752 2295 2840 genitor
2310 2750 2422 2837 illius,

573 2906 611 2970 ct
634 2923 656 2972 a
679 2921 764 2990 pars
788 2904 901 2990 ipsius
924 2903 1041 2970 nicete
1063 2906 1099 2970 et
1121 2901 1168 2971 da
1192 2905 1270 2990 ipsa
1294 2921 1405 2972 uxore
1428 2909 1464 2972 et
1486 2905 1553 2974 filii
1576 2904 1669 2992 eius,
1693 2911 1729 2976 et
1751 2908 1798 2976 da
1821 2907 1964 2974 illorum
1986 2906 2121 2992 eredes,
2138 2909 2175 2974 et
2191 2905 2238 2974 da
2262 2904 2317 2974 illi
2333 2906 2422 2972 omi-

576 3056 683 3124 nibus
706 3060 742 3124 et
764 3056 949 3144 partibus,
974 3057 1035 3144 qui
1059 3075 1122 3143 pro
1146 3075 1229 3144 pars
1252 3055 1306 3124 vel
1329 3057 1453 3126 datum
1483 3059 1526 3127 de
1549 3059 1615 3126 toti
1638 3057 1873 3146 suprascripti
1904 3058 2149 3146 quodcumque
2178 3058 2424 3127 causationem

578 3209 662 3277 inde
685 3211 784 3278 vobis
806 3211 1042 3297 preposuerit,
1067 3215 1102 3278 et
1117 3211 1148 3279 si
1163 3228 1227 3296 per
1242 3209 1326 3280 aliis
1348 3210 1528 3279 ominibus
1542 3211 1585 3279 de
1607 3211 1686 3298 ipsa
1703 3214 1809 3279 rebus
1833 3211 1932 3278 vobis
1956 3211 2137 3279 contentio
2154 3212 2263 3280 fuerit
2279 3215 2425 3298 exurte,

577 3379 639 3430 vos
662 3362 746 3432 inde
768 3381 917 3433 causare
939 3363 1111 3450 debeatiS,
1134 3382 1244 3450 asque
1267 3365 1363 3432 omni
1386 3363 1539 3433 colludio
1562 3381 1674 3452 usque
1697 3365 1743 3434 ad
1765 3384 1888 3436 veram
1911 3370 1947 3435 et
1969 3365 2162 3434 diffinitam
2178 3366 2307 3452 legem5
2333 3369 2371 3434 et
2394 3367 2426 3434 si

579 3519 711 3588 exinde
733 3517 960 3608 perdideritis
982 3519 1025 3588 de
1049 3523 1225 3607 quantum
1247 3539 1294 3588 ex
1316 3519 1394 3607 ipsa
1416 3521 1530 3606 rebus
1546 3517 1643 3586 vobis
1674 3519 1806 3587 tultum
1830 3519 1961 3608 luerit,
1992 3521 2130 3590 nullam
2162 3521 2298 3590 siamus
2326 3521 2423 3590 vobis

582 3671 714 3740 exinde
738 3671 940 3761 culpabilis,
964 3676 1018 3740 set
1041 3692 1178 3759 semper
1201 3692 1264 3760 ρετ
1287 3672 1465 3742 rationem
1488 3671 1531 3740 de
1554 3672 1629 3759 ipso
1651 3673 1805 3759 pretium
1829 3673 1928 3740 vobis
1952 3674 2150 3742 recdamus:
2170 3677 2310 3743 tantum
2332 3677 2430 3745 omni

585 3829 743 3912 tempore
767 3845 905 3913 semper
929 3827 1212 3914 suprascriptam
1235 3831 1395 3895 nostram
1412 3824 1668 3893 bindictionem
1683 3825 1782 3892 vobis
1797 3824 2020 3894 defensemus
2036 3828 2082 3895 ab
2096 3827 2170 3896 illis
2185 3847 2253 3914 que
2267 3831 2432 3917 superius

585 3975 733 4064 legitur3
758 3977 800 4046 de
824 3998 895 4064 qua
917 3997 980 4064 per
1003 3981 1097 4047 bona
1119 3979 1372 4048 conuenientia
1395 3997 1459 4046 nos
1482 3978 1680 4066 supradicti
1697 3978 1753 4046 vir
1768 3983 1805 4048 et
1821 3997 1912 4047 uxor
1928 3981 2101 4049 iohannes
2123 3982 2253 4049 iubene
2267 3985 2304 4050 et
2319 3983 2428 4070 bona,

584 4149 770 4198 commune
795 4149 1003 4198 consensum
1030 4135 1150 4200 nostre
1173 4131 1381 4225 uoluntatis,
1406 4131 1541 4219 guadia
1562 4133 1629 4200 tibi
1652 4133 1811 4220 predicto
1834 4133 2022 4220 guaimaro
2044 4135 2216 4222 dedimus,
2241 4141 2277 4206 et
2300 4136 2436 4206 media-

585 4289 680 4352 tores
704 4284 771 4352 tibi
794 4285 975 4372 posuimus
997 4303 1061 4352 nos
1085 4285 1188 4372 ipsiS,
1213 4288 1248 4352 et
1271 4304 1335 4372 ρετ
1358 4286 1436 4371 ipsa
1458 4287 1592 4373 guadia
1613 4287 1852 4374 obligabimus
1876 4306 1940 4358 nos
1962 4294 1998 4358 et
2020 4293 2158 4358 nostros
2180 4292 2315 4378 eredes;
2339 4293 2430 4380 quod

584 4438 616 4504 si
639 4435 763 4506 taliter
786 4437 906 4506 omnia
929 4437 1175 4525 suprascripta
1208 4455 1272 4524 per
1295 4437 1500 4524 supradicto
1531 4437 1655 4508 ordine
1684 4437 1785 4534 robis
1814 4441 2012 4528 vestrisque
2040 4442 2205 4511 eredibus
2227 4463 2299 4512 non
2321 4445 2431 4514 adim·

583 4587 812 4678 pleberimus,
835 4590 890 4659 vel
915 4590 1045 4676 aliquit
1059 4589 1102 4659 de
1118 4607 1161 4659 ea
1176 4609 1245 4676 quc
1267 4591 1432 4676 superius
1454 4590 1601 4679 legitur,
1617 4595 1800 4662 remobere
1823 4599 1888 4664 aut
1910 4600 2076 4666 contrare
2100 4599 2352 4686 quesierimus,
2364 4603 2426 4670 aut

584 4741 616 4808 si
640 4742 884 4830 quodcumque
907 4745 1131 4813 causationes
1155 4743 1237 4812 inde
1260 4745 1358 4812 vobis
1381 4744 1679 4830 preposuerimm,
1698 4745 1753 4813 vel
1774 4747 1906 4834 aliquit
1929 4748 2012 4816 inde
2035 4749 2134 4818 vobis
2157 4753 2324 4822 minuare
2345 4773 2428 4841 que·

588 4894 770 4982 sierimus,
793 4914 856 4982 per
878 4912 942 4964 nos
966 4895 1021 4964 vel
1044 4914 1108 4982 per
1131 4896 1355 4966 summissam
1378 4899 1557 4983 nostram,
1581 4913 1645 4983 per
1668 4895 1746 4984 ipsa
1769 4897 1905 4985 guadio
1935 4918 2144 4988 componere
2166 4904 2426 4993 obbligabimus

586 5063 652 5114 nos
675 5047 873 5134 supradicti
896 5051 953 5118 vir
975 5052 1011 5117 et
1034 5067 1125 5118 uxor
1147 5053 1184 5118 et
1206 5054 1345 5118 nostros
1368 5048 1489 5118 credes
1501 5099 1511 5136 ,
1535 5049 1634 5117 vobis
1656 5051 1853 5140 vestrisque
1876 5055 2041 5123 eredibus
2063 5056 2110 5126 ad
2132 5005 2280 5146 duplum
2302 5079 2426 5149 supra-

586 5201 724 5271 dictum
746 5202 915 5291 pretium,
939 5201 1031 5289 quod
1054 5201 1146 5270 flunt
1168 5203 1207 5270 in
1231 5201 1337 5271 simul
1362 5202 1466 5271 solidi
1482 5203 1611 5274 deteri
1626 5207 1710 5274 boni
1733 5225 1798 5276 sex
1811 5208 2030 5312 triginta,et
2045 5213 2167 5283 omnia
2188 5215 2433 5304 suprascripte

585 5357 686 5426 vobis
709 5357 979 5446 adimpleamus.
1005 5357 1051 5426 Et
1072 5357 1215 5446 quando
1237 5376 1301 5425 nos
1325 5355 1526 5445 nostrisque
1553 5360 1719 5429 eredibus
1742 5363 1944 5447 quesieritis
1967 5367 2075 5435 abere
2098 5372 2262 5437 auctores
2284 5371 2333 5437 ab
2355 5369 2433 5458 ipsa

587 5511 832 5599 suprascripta
855 5511 986 5580 domna
1009 5509 1150 5598 righale
1174 5513 1210 5579 et
1234 5509 1280 5580 da
1302 5511 1418 5598 ipsum
1442 5509 1623 5598 areghisio
1646 5511 1810 5598 genitore
1832 5531 1910 5600 suo,
1933 5519 1969 5584 et
1991 5513 2038 5586 da
2059 5535 2144 5604 pars
2168 5519 2280 5607 ipsius
2302 5522 2433 5609 niceta,

588 5669 626 5732 ot
649 5664 696 5734 da
717 5664 797 5752 ipsa
821 5683 931 5736 uxore
954 5663 1065 5755 illius,
1079 5669 1125 5734 et
1148 5663 1195 5733 da
1217 5663 1285 5750 ipsi
1309 5663 1375 5731 filii
1400 5662 1562 5752 illorum,
1585 5663 1643 5732 vel
1665 5664 1712 5736 da
1735 5665 1789 5734 illi
1811 5667 1991 5738 ominibus
2012 5673 2049 5739 et
2070 5673 2258 5762 partibus,
2282 5676 2346 5764 qui
2369 5695 2431 5764 pro

593 5813 739 5886 illorum
763 5823 800 5887 et
822 5817 969 5889 illarum
991 5816 1155 5906 partibus
1178 5815 1422 5904 quodcumque
1446 5817 1692 5888 causationem·
1714 5815 1798 5889 inde
1821 5819 1919 5888 vobis
1942 5825 2181 5915 preposuerit,
2204 5826 2349 5898 faciatis
2372 5843 2431 5895 nos
