5318 7102
959 469 1140 542 nubunt
1167 474 1492 551 VRANCORUM
2073 487 2093 555 7

274 675 530 754 Testimonium
556 682 810 809 episcoporum,
831 687 958 787 absque
975 704 1154 790 peccatum
1174 698 1285 772 iacere
1302 703 1448 798 possint,
1470 705 1543 776 sive
1560 729 1624 778 nec
1643 705 1786 792 invidia,
1816 729 1880 778 nec
1899 706 1965 778 alia
1984 707 2139 782 occasio·

322 865 403 915 nem
421 844 559 935 malam,
580 870 645 921 neo
672 848 762 922 iusta
787 875 856 924 non
883 851 1177 950 interposuerunt,
1198 857 1265 930 nisi
1284 883 1400 932 veram
1418 861 1586 936 iustitiam
1613 866 1655 936 ad
1681 863 1943 960 perficiendum,
1963 873 1998 939 et
2015 889 2135 963 pacem

320 1001 610 1094 confirmandum,
640 1009 684 1082 Ut
700 1010 729 1081 si
749 1011 826 1106 quis
844 1009 932 1085 latro
950 1012 993 1084 de
1011 1037 1080 1087 uno
1099 1017 1190 1088 furto
1208 1013 1387 1110 probatum
1405 1019 1522 1106 suerit,
1545 1021 1723 1108 moriatur,
1744 1028 1778 1094 et
1794 1020 1848 1092 his
1875 1020 2009 1094 duobus
2031 1021 2134 1096 furtis

321 1163 413 1235 unde
439 1165 580 1236 oculum
607 1190 716 1239 unum
743 1177 777 1240 et
795 1192 918 1241 nasum
936 1169 1079 1264 perdere
1097 1171 1210 1260 debet,
1239 1176 1504 1270 constituamus,
1533 1179 1577 1249 Ut
1604 1179 1765 1251 dominus
1784 1180 1874 1254 serui
1894 1179 1990 1252 illius
2009 1201 2134 1254 secun-

316 1325 401 1396 dum
427 1319 554 1419 legem‚
583 1329 639 1398 cui
666 1328 757 1400 furta
783 1328 925 1415 suerint,
954 1331 1088 1404 solvere
1114 1330 1272 1420 debeant,
1301 1331 1344 1403 de
1368 1339 1439 1406 tres
1465 1357 1546 1407 vero
1572 1336 1686 1422 furtis,
1717 1335 1807 1407 unde
1827 1338 1953 1409 morire
1970 1337 2128 1425 debcant,

316 1504 410 1553 mors
436 1455 532 1554 illius
559 1484 650 1556 furta
675 1481 735 1555 illa
760 1483 957 1572 excludant,
986 1486 1029 1558 Et
1055 1487 1105 1561 sic
1131 1489 1245 1562 omnis
1272 1489 1347 1564 sine
1373 1493 1486 1588 culpa,
1515 1517 1575 1590 per
1600 1493 1732 1566 invidia
1749 1495 1786 1590 ¹),
1815 1503 1873 1566 aut
1906 1517 1966 1590 per
2000 1494 2131 1568 iniusta

316 1639 549 1731 occasionem,
578 1645 646 1717 nisi
672 1670 732 1740 per
758 1647 927 1720 iustitiam
953 1655 988 1720 et
1013 1672 1130 1743 pacem
1157 1649 1326 1736 iacienda,
1355 1647 1531 1723 hominem
1559 1651 1755 1739 dessecerit,
1785 1653 1979 1726 secundum
2005 1676 2128 1748 penam

315 1829 418 1900 quam
444 1805 575 1894 intulit,
605 1809 767 1882 emendet
792 1811 828 1904 2).

265 1968 313 2036 lte
339 1987 442 2037 causa
467 1989 549 2038 vero
576 1987 641 2058 que
667 1964 757 2037 bone
783 1967 949 2039 memorie
967 1964 1101 2061 genitor
1120 1973 1237 2038 noster
1255 1965 1393 2061 pipinus
1419 1967 1455 2037 in
1482 1989 1543 2039 sua
1561 1966 1685 2062 placita
1711 1977 1745 2042 et
1771 1970 1912 2042 sinodos
1930 1971 2124 2058 constituit,

315 2148 520 2199 conservare
547 2123 710 2198 volumus
735 2127 774 2221 ³).
1947 2092 1948 2096 ¹

261 2309 305 2360 nn
331 2307 440 2362 ancus
464 2305 555 2361 vnno
581 2303 831 2372 eccunsmnuu,
860 2308 927 2378 que
953 2309 1061 2382 usque
1087 2311 1180 2360 nunc
1206 2315 1265 2387 per
1290 2289 1395 2364 verbo
1421 2290 1540 2362 domni
1567 2293 1658 2388 regis
1684 2291 1841 2366 homines
1868 2295 2060 2365 secularem
2087 2293 2122 2364 in

311 2445 517 2519 beneficium
542 2447 750 2536 babuerunt,
780 2457 818 2521 ut
843 2451 878 2522 in
905 2457 1004 2523 antea
1030 2451 1081 2524 sic
1107 2452 1253 2526 habeant
1271 2451 1338 2524 nisi
1357 2478 1416 2548 per
1433 2452 1537 2526 uerbo
1555 2453 1673 2524 domni
1694 2452 1798 2547 regis,
1826 2454 1876 2523 Ad
1903 2455 1993 2549 ipsas
2012 2453 2123 2526 eccle-

310 2609 378 2678 sias
404 2607 533 2678 suerint
559 2616 748 2697 reuocatas,
776 2619 811 2682 et
836 2612 865 2682 si
892 2609 934 2682 de
960 2634 1070 2706 usque
1096 2634 1188 2682 nunc
1215 2612 1257 2683 ad
1276 2617 1408 2704 partem
1434 2612 1601 2683 aecclesie
1628 2635 1736 2683 nonas
1763 2619 1797 2682 et
1823 2613 1975 2683 decimas
1998 2611 2117 2697 exivit,

309 2764 350 2836 Et
375 2787 468 2838 nunc
495 2767 530 2836 in
557 2777 655 2842 antea
675 2770 812 2857 saciant,
832 2779 866 2842 et
883 2770 1024 2865 insuper
1041 2771 1082 2841 ad
1101 2769 1196 2839 illam
1214 2765 1430 2854 aecclesiam,
1459 2766 1501 2837 de
1526 2789 1545 2838 u
1571 2774 1665 2839 catos
1692 2767 1842 2839 solidum
1869 2788 1879 2837 1
1907 2769 2046 2857 reddat,
2076 2725 2119 2842 de

306 2924 448 3020 triginta
475 2926 693 2999 medietatem
720 2927 924 3014 solidorum,
954 2926 996 2999 de
1021 2946 1069 2998 xx
1093 2901 1246 2998 trimisse
1273 2944 1297 3010 1;
1326 2924 1444 3017 etqui
1471 2948 1580 3018 usque
1597 2948 1690 2998 nunc
1717 2925 1824 2996 alium
1851 2949 1996 3000 censum
2027 2925 2119 2998 dedit

306 3085 340 3156 in
368 3093 479 3173 antea,
508 3087 599 3160 sicut
623 3088 719 3182 prius
745 3088 839 3175 fecit,
860 3089 907 3160 ita
925 3087 1039 3161 faciat.
1068 3085 1111 3158 Et
1137 3085 1229 3156 unde
1247 3104 1357 3176 usque
1376 3082 1523 3152 nuncin
1543 3081 1642 3153 illum
1662 3106 1806 3154 censum
1825 3085 1943 3172 exivit,
1972 3094 2006 3158 et
2032 3086 2116 3181 ipsis

304 3247 396 3341 regis
421 3244 556 3341 legibus
574 3245 762 3317 aecclesiae
779 3253 873 3331 sunt,
894 3253 1094 3331 censentur,
1122 3249 1156 3314 et
1174 3240 1231 3314 ubi
1250 3264 1319 3313 non
1338 3248 1431 3327 sunt,
1452 3239 1658 3325 scribantur,
1687 3249 1721 3314 et
1739 3242 1808 3314 sint
1825 3242 2009 3338 descriptio
2028 3243 2118 3315 inter

305 3405 468 3502 precaria,
496 3413 530 3476 et
555 3403 597 3474 dc
622 3401 726 3475 verbo
752 3400 927 3474 dominico
953 3401 1059 3472 iactas
1085 3409 1118 3473 et
1145 3398 1234 3472 inter
1260 3425 1316 3472 eas
1342 3424 1427 3494 quas
1453 3400 1618 3496 episcopi,
1647 3410 1681 3473 et
1706 3399 1856 3490 abbates,
1885 3413 1918 3476 et
1944 3403 2114 3479 abbatisse

303 3589 424 3639 eorum
450 3563 603 3650 arbitrio,
631 3563 687 3635 vel
713 3560 893 3656 dispositio
920 3564 1063 3650 faciunt,
1093 3570 1131 3634 ut
1155 3562 1258 3633 liceat
1284 3561 1334 3632 eis
1360 3561 1639 3656 quandoquidem
1666 3561 1716 3634 eis
1742 3563 1997 3658 placueritrex,
2027 3587 2113 3660 quas

301 3721 592 3812 beneficiaberint,
622 3724 663 3794 ad
681 3733 812 3818 partem
831 3722 939 3818 ipsius
957 3723 1144 3795 aecclesiae
1161 3721 1313 3816 recipere
1331 3719 1510 3806 iacientes,
1540 3727 1577 3791 ut
1595 3719 1834 3814 unusquisque
1851 3721 1953 3795 bomo
1972 3724 2013 3795 ad
2032 3747 2113 3798 oau-

301 3907 374 3956 sam
401 3883 456 3956 dei
483 3883 520 3952 ln
548 3905 653 3955 onore
679 3880 743 3954 deo
769 3877 918 3952 fideliter
943 3887 977 3952 et
1002 3879 1147 3954 firmiter
1174 3878 1433 3975 deservisses).

252 4066 341 4076 --.
398 4065 477 4072 -.-.-..
525 4068 529 4071 ,
553 4067 575 4070 --
621 4063 729 4070 -.——-

247 4167 366 4230 scritto
396 4167 451 4229 nel
482 4168 558 4229 Cod.
592 4167 667 4228 Car.
700 4164 734 4222 in
764 4181 830 4222 una
860 4161 930 4224 sola
958 4165 1223 4238 continuanium,
1256 4149 1311 4226 nel
1341 4165 1499 4226 Muratori
1530 4169 1547 4226 e
1578 4164 1682 4226 diviso
1713 4165 1747 4225 in
1777 4171 1827 4226 tre
1858 4163 1946 4242 leggi
1970 4166 2107 4227 distinte

247 4315 416 4388 LXXXIV,
440 4315 591 4389 LXXXV,
616 4312 785 4376 LXXXVI.

288 4463 311 4542 ι)
332 4463 359 4523 11
381 4461 543 4524 Muratori'
563 4422 617 4523 has
640 4468 675 4526 at
696 4463 725 4527 si
748 4478 857 4526 comes
879 4459 950 4523 sina
973 4458 1071 4537 culpa
1091 4475 1152 4537 per
1173 4457 1339 4522 invidiam.

287 4610 310 4690 2)
331 4608 416 4672 Mur.
440 4609 607 4672 LXXXVI.

285 4755 309 4838 3)
332 4757 500 4818 Concorda
522 4754 572 4818 col
595 4757 635 4818 N.
661 4754 738 4816 CLV
762 4754 814 4816 del
837 4753 996 4816 Muratori
1012 4787 1053 4797 -
1067 4752 1301 4813 Additamento
1323 4749 1366 4810 cd
1388 4746 1591 4826 capitulario
1614 4742 1722 4806 Caroli
1743 4745 1868 4826 Mcpnt.
1886 4781 1927 4791 -
1942 4747 1968 4806 Il
1993 4753 2104 4808 nostro

240 4900 364 4964 Codice
386 4906 467 4983 perd
490 4901 519 4962 si
542 4891 692 4966 avvicina¹
714 4904 748 4962 in
771 4908 888 4982 questo
912 4898 1097 4981 Capitolare
1120 4898 1178 4978 pid
1200 4896 1230 4956 al
1254 4893 1401 4967 Baluzio,
1426 4891 1487 4952 che
1511 4893 1541 4951 al
1563 4887 1734 4962 Muratori,
1752 4893 1786 4950 in
1802 4894 1856 4954 cui
1880 4895 1989 4954 nonai
2006 4895 2102 4971 leggc
2145 4905 2148 4913 ’

244 5047 266 5108 il
290 5066 385 5110 nome
408 5049 551 5129 Pipinus,
576 5071 668 5114 come
692 5051 748 5112 nel
771 5055 883 5110 nostro
907 5068 924 5110 e
948 5045 1004 5108 nel
1027 5043 1173 5114 Baluzio,
1199 5058 1348 5121 neppure
1372 5039 1404 5099 la
1425 5057 1505 5100 voce
1534 5035 1674 5101 sinodos.
1698 5037 1783 5099 Ecce
1808 5035 1831 5096 il
1854 5042 1939 5098 testo
1961 5029 2104 5098 Murato-

242 5193 346 5256 riano.
373 5218 387 5254 a
411 5197 454 5260 Ut
474 5214 557 5276 quae
578 5198 681 5263 bonae
701 5195 877 5262 memoriae
900 5192 1031 5258 Genitor
1051 5197 1166 5256 noster
1187 5184 1221 5247 in
1242 5201 1302 5250 sua
1323 5183 1449 5247 Placita
1470 5179 1660 5254 constituit,
1692 5179 1797 5244 etsie
1819 5197 1877 5247 nos
1900 5198 2100 5250 conservare

242 5367 258 5402 «
282 5343 434 5410 nolumus
459 5367 487 5405 a.

278 5491 302 5572 ι)
325 5492 447 5565 Questo
478 5489 657 5572 capitolare
682 5491 716 5550 in
738 5493 831 5567 parte
861 5485 1024 5550 concorda
1053 5483 1103 5548 col
1127 5483 1220 5546 CLVI
1254 5481 1308 5544 del
1336 5481 1439 5552 Mum,
1465 5477 1505 5540 ed
1528 5477 1563 5537 in
1587 5477 1652 5540 fine
1680 5496 1759 5558 pare
1785 5479 1846 5543 che
1871 5480 1954 5543 trovi
1978 5499 2023 5541 un
2053 5483 2099 5544 ri-

236 5641 370 5698 sccntro
393 5635 449 5697 nel
473 5636 550 5698 Cod.
575 5635 664 5697 della
686 5634 772 5696 uitta
795 5633 827 5694 di
850 5633 988 5696 Modena
1010 5632 1109 5695 citato
1137 5633 1224 5697 dallo
1247 5636 1354 5692 stesso
1378 5638 1491 5694 autore
1514 5629 1612 5712 (ibid.
1637 5645 1710 5708 pag.
1742 5628 1803 5690 113
1824 5630 1909 5689 Nota
1930 5625 2020 5708 104).
2051 5629 2097 5691 La

235 5785 347 5864 parole
372 5792 464 5850 cacos
494 5785 547 5847 del
570 5791 682 5847 nostro
713 5782 832 5847 Codice
859 5801 924 5844 non
947 5783 1109 5864 saprebbe
1139 5781 1314 5864 spiegarsi.
1344 5779 1397 5842 Ma
1419 5779 1507 5841 forse
1531 5778 1554 5839 il
1578 5779 1704 5858 copista
1725 5775 1779 5839 del
1803 5775 1922 5840 Codice
1947 5777 2096 5866 Cavense
