5318 7102
905 566 1087 640 Ruuuu
1120 562 1445 636 FllllNCOllUM
2009 567 2053 634 lll

293 787 462 860 iustitiam
488 783 632 862 cuilibet
657 788 874 862 diffacienda·
888 753 999 886 fugire
1027 815 1097 863 non
1123 789 1276 872 fecisset,
1305 785 1348 858 llt
1365 785 1416 856 sic
1433 786 1466 856 ei
1485 786 1519 855 in
1539 809 1580 856 oc
1594 786 1823 858 satisfactum.
1854 787 1891 859 Si
1918 791 2032 858 autem
2051 783 2103 854 in-

292 945 435 1020 traverit
460 945 502 1017 ad
529 941 602 1040 ipsa
628 945 818 1018 emunitate
844 946 963 1019 comiti
981 945 1127 1020 collecta
1145 967 1267 1017 manus
1285 942 1449 1037 quislibet
1466 945 1627 1016 resistere
1643 943 1864 1040 temptaverit
1881 943 2018 1018 comitis
2036 942 2101 1016 hoc

287 1127 403 1198 agere,
431 1102 488 1175 vel
514 1101 670 1199 principe
695 1103 842 1192 delerat,
862 1104 989 1198 ubique
1007 1103 1194 1190 iudicetur,
1215 1111 1254 1174 ut
1270 1103 1361 1176 sicut
1378 1101 1437 1174 ille
1456 1101 1515 1196 qui
1538 1102 1758 1175 immunitate
1778 1103 1941 1174 damnum
1959 1102 2096 1189 lecerit,

288 1279 330 1333 uc
356 1261 488 1334 solidos
515 1269 713 1357 componat,
741 1263 845 1334 devet
870 1261 986 1358 itaque
1013 1263 1146 1348 comiti,
1167 1285 1308 1334 manum
1325 1260 1490 1338 resistere
1508 1261 1767 1356 presumpserit,
1788 1279 1830 1334 uu
1848 1261 1978 1334 solidos
2004 1283 2099 1333 com-

291 1442 420 1514 ponere
448 1417 646 1492 iudicentur
672 1417 709 1515 ¹).

242 1581 277 1651 Si
304 1580 382 1674 quis
408 1579 444 1648 in
462 1577 634 1651 aecclesia
659 1579 862 1674 coniugium
888 1578 1013 1654 lecerit
1039 1579 1130 1650 intra
1155 1577 1264 1674 ipsius
1290 1579 1461 1651 ecclesiae
1488 1579 1589 1666 atrio,
1619 1601 1738 1674 pacem
1765 1579 1928 1666 habeant,
1960 1602 2026 1651 nec
2053 1582 2099 1653 sit
2145 1577 2148 1583 ’
2251 1614 2255 1622 ·

289 1742 318 1812 si
345 1763 504 1828 necesse,
526 1741 586 1834 qui
605 1741 639 1812 in
659 1741 828 1814 aecclesia
845 1741 983 1836 ingredi
999 1745 1040 1838 ²),
1070 1741 1188 1812 nullus
1214 1760 1294 1812 eum
1321 1761 1382 1832 per
1409 1739 1478 1810 vim
1506 1738 1680 1810 abstraere
1699 1747 1887 1833 presumat,
1908 1741 1968 1810 sed
1994 1739 2100 1812 liceat

290 1899 321 1969 ei
349 1898 506 1970 confiteri
533 1901 626 1993 quod
652 1899 750 1985 lecit,
778 1907 814 1971 et
838 1899 919 1972 inde
946 1923 1006 1996 per
1033 1923 1173 1972 manum
1191 1893 1216 1996 8)
1241 1895 1413 1970 bonorum
1440 1895 1620 1969 hominum
1640 1897 1675 1966 in
1695 1897 1890 1970 discutione
1909 1899 1945 1968 in
1963 1897 2102 1993 publico

252 2154 256 2160 .
290 2057 527 2153 perducantur
552 2052 591 2151 ⁸).

242 2219 276 2288 Si
305 2219 383 2310 quis
409 2217 589 2288 bominum
616 2217 652 2288 in
679 2217 847 2289 iudicium
874 2216 1002 2290 iniuste
1029 2226 1151 2290 contra
1176 2217 1283 2288 alium
1309 2215 1539 2287 altercantem
1573 2237 1634 2309 per
1660 2215 1790 2287 malum
1816 2215 1996 2312 ingenium
2023 2243 2103 2313 pre.

290 2378 478 2474 sumpserit
504 2378 684 2464 adiubare,
713 2386 815 2472 atque
843 2377 1008 2450 indecora
1034 2376 1221 2464 iudicibus,
1249 2383 1285 2447 et
1310 2375 1428 2446 comiti
1455 2377 1653 2471 increpatus
1680 2376 1797 2464 luerit,
1825 2386 1860 2449 ct
1885 2401 2012 2474 negare
2031 2403 2100 2452 non

290 2537 456 2632 potuerit,
486 2536 616 2608 solidos
642 2554 688 2608 xv
714 2559 921 2631 componere
948 2533 1122 2609 iudicetur
1148 2539 1187 2632 Ι).

243 2697 279 2766 Si
306 2693 384 2788 quis
411 2695 454 2766 de
480 2693 640 2766 libertate
667 2716 730 2765 sua
755 2693 863 2764 luerit
888 2691 1142 2786 interpellatus,
1172 2700 1207 2764 et
1230 2693 1343 2780 timet,
1372 2716 1415 2764 ne
1442 2694 1478 2764 in
1497 2693 1678 2782 servitium
1696 2693 1809 2780 cadat,
1830 2695 1945 2790 alique
1963 2696 2005 2767 de
2023 2721 2101 2792 pro·

291 2855 429 2952 pinquis
456 2854 529 2927 suis
555 2877 616 2949 per
642 2877 745 2948 quem
772 2853 807 2923 in
834 2851 1015 2926 seruitium
1041 2875 1186 2924 casurus
1206 2853 1335 2924 timens
1353 2851 1557 2938 hocciderit,
1577 2853 1672 2924 ldem
1690 2861 1836 2948 patrem,
1852 2855 1919 2926 Aut
1937 2863 2098 2942 matrem,

204 3001 206 3006 ¹
290 3015 495 3110 patruelem,
525 3019 584 3085 aut
610 3012 834 3098 abunculum,
862 3013 919 3101 uel
945 3010 1099 3105 quolibet
1125 3009 1346 3093 huiusmodi,
1374 3010 1638 3105 propinquitatis
1665 3033 1826 3105 persone,
1846 3012 1921 3107 lpse
1947 3014 2006 3108 qui
2033 3015 2100 3088 hoc

289 3173 537 3268 penetraverit,
573 3174 754 3260 moriatur,
774 3172 935 3244 donatio
953 3171 1029 3243 cius
1046 3177 1082 3242 et
1100 3167 1396 3263 consanguinibus
1414 3167 1449 3240 in
1468 3170 1674 3242 servitutem
1692 3172 1793 3242 cadat
1808 3166 1849 3265 ⁸);
1877 3181 1911 3244 et
1937 3173 1966 3244 si
1993 3197 2098 3270 nega-

290 3332 381 3406 verit
394 3331 507 3428 ipsum
522 3331 722 3418 occidisset,
743 3332 785 3405 ad
804 3354 931 3403 novem
949 3330 1124 3403 moveries
1142 3327 1273 3424 ignitus
1289 3329 1313 3424 ²)
1328 3327 1370 3399 ad
1385 3326 1554 3400 iudicium
1574 3329 1631 3401 dei
1649 3331 1884 3404 examinatum
1903 3332 2046 3405 accedat
2057 3336 2096 3429 ⁸).

241 3491 306 3578 Qui
326 3513 381 3560 res
407 3511 486 3561 suas
512 3512 573 3584 pro
592 3488 708 3562 anima
733 3512 796 3559 sua
814 3489 856 3560 ad
875 3487 1040 3560 causandi
1057 3488 1082 3582 ο)
1099 3487 1275 3558 tradidere
1302 3485 1467 3573 voluerit,
1487 3485 1619 3558 domini
1636 3487 1823 3560 traditione
1842 3488 1959 3577 saciat,
1980 3513 2098 3563 coram

289 3646 435 3719 testibus
461 3645 639 3742 legitimis,
668 3669 735 3740 que
761 3645 929 3716 hactenus
954 3643 990 3714 in
1017 3644 1115 3718 hoste
1141 3643 1232 3740 lactc
1259 3652 1340 3717 sunt
1364 3645 1586 3733 tradictione,
1607 3645 1793 3739 dequibus
1819 3647 1916 3720 nulla
1941 3657 1994 3722 est
2011 3672 2095 3744 que-

240 4033 341 4043 ---....
383 4037 411 4043 ...
428 4037 599 4044 ,-------...
618 4038 624 4043 .

281 4307 304 4386 ’)
326 4307 409 4368 Mur.
435 4309 500 4370 CII.

283 4453 306 4532 ²)
329 4452 391 4513 Nel
415 4455 566 4530 margine
590 4453 723 4514 interno
746 4454 774 4514 si
797 4454 893 4531 legge
918 4454 1033 4517 scritto
1057 4455 1090 4514 in
1115 4471 1207 4514 rosso
1225 4474 1231 4514 :
1248 4453 1343 4518 Roth.
1367 4467 1437 4533 cap.
1459 4451 1530 4514 xnl
1552 4450 1642 4515 etin
1665 4468 1735 4532 cap.
1758 4452 1896 4516 cuxxn.

285 4597 309 4678 3)
330 4597 428 4660 Nellc
451 4603 559 4659 stesso
583 4597 684 4676 foglio
708 4599 813 4660 anche
837 4599 893 4660 nel
916 4600 1064 4676 margine
1096 4601 1227 4662 interno
1257 4601 1286 4662 si
1317 4599 1413 4678 legge
1438 4599 1522 4660 altra
1551 4597 1663 4660 chiosa
1693 4599 1809 4661 scritta
1838 4600 1873 4660 in
1902 4609 2016 4663 rosso·:
2046 4601 2094 4663 ti.

243 4763 313 4826 cap.
339 4746 439 4809 ct111.

280 4893 305 4972 ι)
324 4891 409 4954 Mur.
435 4891 518 4954 CIII.

283 5035 307 5115 5)
327 5036 412 5097 Mur.
438 5034 516 5096 CIV.

283 5181 308 5261 ο)
330 5181 345 5242 1
367 5180 431 5242 due
456 5180 567 5242 Codici
583 5179 754 5242 Modonesi
771 5181 897 5242 hanno:
922 5180 1051 5259 aquatio
1067 5180 1148 5258 ejus,
1165 5185 1200 5243 et
1215 5179 1481 5260 consenquinitas
1496 5179 1531 5242 in
1544 5181 1743 5260 servitutem
1759 5182 1889 5258 cadant,
1915 5185 1976 5246 che
1993 5185 2096 5248 molto

242 5325 272 5385 si
294 5327 444 5388 arvicina
466 5327 606 5390 ad-ac
626 5325 718 5390 natio
740 5325 822 5399 eius,
847 5331 882 5388 ct
903 5323 1175 5403 consenquiuibus
1195 5323 1446 5391 inservituram
1463 5323 1560 5389 cadat
1575 5325 1629 5387 del
1653 5325 1730 5389 Cod.
1756 5327 1846 5402 Cav.;
1863 5329 1887 5390 il
1903 5329 1986 5392 Mur.
2011 5338 2093 5412 perd

244 5472 302 5534 ha:
327 5475 478 5554 coquatio
500 5475 582 5554 ejus,
606 5480 642 5539 et
662 5471 928 5554 consanguinitas
949 5472 983 5534 in
1004 5471 1179 5537 seruitium
1200 5472 1307 5537 cadat.

281 5621 304 5702 Ι)
326 5623 447 5685 Invecc
471 5622 503 5682 di
525 5620 566 5684 ad
587 5637 703 5686 novem
723 5621 889 5687 morarios
911 5617 1033 5698 iquitus
1048 5620 1072 5680 il
1094 5618 1179 5681 Mur.
1203 5619 1262 5680 ha:
1286 5617 1328 5680 ad
1349 5633 1465 5684 norem
1488 5635 1638 5686 vomeres
1658 5619 1792 5702 'iquitos

280 5768 304 5851 ⁸)
324 5771 409 5832 Mur.
435 5769 498 5833 GV.

280 5913 304 5996 ⁹)
325 5913 445 5978 Invece
469 5913 502 5975 di
518 5914 560 5978 ad
582 5914 737 5980 cauendi
755 5915 778 5976 il
801 5914 884 5976 Mur.
910 5915 969 5977 ha:
993 5914 1036 5977 ad
1058 5929 1168 5980 casam
1188 5913 1255 5977 uei.
