5318 7102
620 568 667 637 42
1312 558 1677 633 destructum

622 786 786 860 neraliter
812 787 927 876 faciat,
954 786 1046 860 sicut
1063 785 1254 880 antiquitus
1273 785 1339 857 luit
1356 783 1588 869 consuetudo,
1609 788 1645 853 et
1662 805 1731 854 non
1752 788 1982 876 anteponatur
2000 782 2187 866 emunitas,
2206 805 2250 853 ne
2268 806 2325 878 pro
2341 784 2421 858 hanc

622 970 695 1018 rem
722 947 817 1020 nulla
844 949 1027 1022 occasione
1053 945 1232 1042 perueniat
1261 946 1297 1040 ¹).

568 1107 613 1180 Ut
638 1109 761 1180 viduas
786 1116 821 1180 et
846 1105 1017 1202 orphanos
1043 1114 1220 1178 auctorem
1246 1103 1393 1176 babeant
1420 1104 1510 1176 iusta
1536 1103 1677 1175 illorum
1704 1102 1817 1197 legem
1844 1103 1902 1196 qui
1929 1102 1988 1172 illa
2006 1102 2187 1174 defensent
2213 1112 2246 1175 et
2274 1105 2416 1192 adiuret,

617 1274 654 1337 ut
687 1288 747 1361 per
781 1265 951 1337 malorum
983 1263 1164 1336 hominum
1197 1264 1456 1358 oppressionem
1483 1287 1581 1334 suam
1607 1263 1740 1335 iustitia
1766 1287 1835 1334 uon
1862 1262 1993 1357 perdat,
2022 1263 2111 1334 etsi
2139 1271 2276 1336 autores
2302 1263 2419 1358 aliquis

617 1449 693 1499 esse
719 1449 789 1498 non
815 1427 978 1512 voluerit,
1008 1424 1111 1497 iudex
1136 1425 1340 1520 proveniant
1366 1424 1468 1495 deum
1493 1424 1676 1496 timentem
1702 1422 1893 1511 bominem,
1922 1425 2014 1495 iusta
2039 1433 2076 1496 ut
2102 1423 2156 1495 lex
2182 1424 2334 1518 ipsorum
2359 1433 2419 1512 est,

619 1587 678 1680 qui
705 1595 822 1659 nostra
848 1585 1107 1681 preceptionem
1134 1583 1276 1657 illorum
1303 1591 1510 1679 peragerent
1536 1607 1640 1656 causa
1666 1587 1702 1681 ²).

568 1747 613 1819 Ut
638 1745 697 1841 qui
724 1769 761 1818 se
787 1745 1052 1818 reclamaverint
1078 1767 1181 1839 super
1207 1741 1400 1838 pontificos,
1421 1743 1512 1836 quod
1536 1741 1705 1814 iustitiam
1731 1741 1877 1814 habeant
1895 1743 1936 1813 ad
1957 1743 2220 1836 requirendum,
2251 1745 2423 1840 distringat

616 1904 716 1976 illum
743 1931 874 1994 comes,
903 1916 961 1979 aut
986 1930 1047 2002 per
1072 1907 1218 1978 missum
1245 1929 1360 1992 suurn,
1390 1914 1448 1978 aut
1474 1927 1534 1999 per
1560 1903 1742 1998 epistolam
1769 1927 1866 1973 suam
1893 1903 1934 1973 ad
1961 1904 2074 1998 ipsum
2101 1902 2314 1999 pontificem
2341 1914 2373 1978 et
2397 1909 2421 1978 si

616 2065 691 2160 ipse
717 2067 916 2162 episcopum
943 2066 1110 2152 francus,
1146 2066 1212 2136 dut
1245 2062 1476 2158 langobardus
1502 2062 1676 2134 distulerit
1702 2063 1869 2134 iustitiam
1896 2062 2120 2150 faciendum,
2149 2062 2249 2134 Tunc
2276 2063 2363 2134 iusta
2387 2073 2420 2135 ut

614 2223 680 2320 ipsi
708 2224 859 2319 episcopi
886 2225 1078 2319 elegerunt,
1108 2222 1165 2295 ubi
1193 2222 1407 2294 consuetudo
1435 2221 1501 2292 suit
1527 2221 1730 2317 pignerandi
1757 2244 1776 2290 a
1802 2219 1905 2316 longo
1930 2228 2105 2314 tempore,
2140 2227 2179 2292 ut
2205 2221 2241 2290 in
2267 2223 2420 2293 antesin

613 2406 654 2455 eo
680 2385 783 2456 modo
809 2385 855 2456 sit
881 2407 942 2479 pro
969 2385 1060 2478 ipsas
1087 2383 1219 2455 iustitia
1245 2382 1437 2468 iaciendas,
1466 2389 1500 2453 et
1526 2381 1591 2452 boc
1610 2379 1818 2450 constitutos
1837 2377 2045 2472 ubicumque
2064 2378 2220 2473 pontifex
2238 2377 2420 2454 substantia

614 2542 784 2631 babuerit,
807 2544 1010 2615 aduocatum
1030 2541 1177 2614 habeant
1195 2543 1230 2612 in
1250 2543 1362 2636 ipsum
1389 2542 1604 2628 comitatum,
1626 2539 1753 2634 absque
1771 2539 1969 2611 tarditatem
1988 2540 2120 2612 iustitia
2138 2539 2243 2611 saciat
2268 2548 2303 2612 et
2319 2543 2420 2612 susci-

612 2703 694 2797 piat,
722 2714 757 2774 et
781 2703 862 2774 talis
888 2702 934 2774 sit
961 2703 1054 2796 ipsos
1081 2702 1265 2774 advocatos
1292 2701 1419 2774 liberos
1445 2700 1603 2773 homines
1630 2709 1664 2772 ct
1690 2701 1772 2772 boni
1799 2699 1993 2797 opiniones,
2026 2699 2124 2770 laicis
2152 2709 2211 2772 aut
2238 2701 2374 2773 clericis
2396 2700 2418 2797 ³)

613 2862 673 2956 qui
699 2871 954 2934 sacramentum
982 2886 1042 2958 pro
1069 2885 1172 2934 causa
1198 2861 1386 2934 aecclesiae
1406 2885 1492 2954 quae
1510 2861 1651 2956 perierit
1677 2860 1850 2931 deducere
1878 2862 1985 2954 possit
2012 2847 2100 2930 iusta
2127 2859 2332 2952 qualitatem
2349 2861 2420 2932 sub·

608 3023 768 3110 stantiae,
797 3024 887 3094 sicut
913 3023 968 3095 lex
996 3025 1149 3118 ipsorum
1176 3031 1229 3094 est
1255 3023 1291 3116 ⁸).

562 3183 609 3253 lle
637 3182 870 3254 universalem
896 3183 1037 3275 quidem
1064 3183 1190 3276 populo
1216 3183 1293 3274 quis
1322 3181 1448 3274 ubique
1475 3182 1625 3254 iustitias
1651 3182 1830 3277 quesierit,
1860 3181 2040 3276 suscipiat,
2069 3191 2138 3253 tam
2167 3183 2207 3252 ad
2235 3182 2415 3255 comitibus

610 3345 695 3429 suiS,
724 3341 778 3414 vel
804 3345 908 3414 etiam
935 3342 1156 3430 oastaldebis,
1185 3367 1225 3414 eo
1244 3367 1280 3413 se
1298 3341 1534 3427 absculdalris,
1555 3342 1610 3414 vel
1629 3342 1698 3413 loci
1717 3342 1853 3437 positia,
1875 3341 1964 3413 iusta
1984 3340 2139 3434 ipsorum
2158 3341 2273 3436 legem
2293 3322 2414 3437 absque

607 3501 817 3590 tarditatem,
846 3503 875 3574 si
901 3526 1019 3574 comes
1046 3503 1235 3575 franciscos
1262 3502 1438 3574 distulerit
1465 3501 1632 3574 iustitiam
1650 3495 1674 3596 5)
1702 3501 1914 3590 laciendum,
1935 3510 1968 3571 et
1987 3499 2167 3595 probatum
2187 3501 2309 3588 fuerit,
2330 3501 2414 3574 iusta

607 3671 645 3734 ut
671 3662 811 3734 illorum
838 3662 1029 3750 bonorem,
1063 3663 1155 3733 siout
1181 3663 1381 3732 francorum
1409 3667 1461 3732 est
1488 3660 1718 3746 consuetudo,
1747 3667 1781 3730 et
1807 3660 1847 3729 de
1875 3659 2095 3753 langobardis
2123 3661 2264 3748 comite,
2295 3663 2352 3756 qui
2378 3687 2415 3734 ex

605 3821 689 3914 ipsis
715 3823 911 3915 neglectum
938 3821 1091 3915 posuerit
1118 3821 1285 3892 iustitiam
1312 3819 1523 3902 laciendum,
1553 3821 1644 3890 siout
1670 3819 1825 3913 ipsorum
1852 3827 1904 3891 est
1929 3818 1996 3906 lex,
2026 3819 2075 3892 lta
2100 3829 2299 3915 componat;
2328 3830 2361 3894 et
2386 3823 2413 3894 si

606 3982 750 4054 lorsitan
777 3982 973 4054 adtenderit
998 3983 1041 4053 ad
1067 3982 1253 4069 oasindios,
1283 3980 1336 4052 vcl
1363 3990 1524 4076 parentes
1550 3990 1584 4053 et
1610 3983 1739 4054 amieos
1767 4007 1861 4071 suos,
1882 4007 1943 4056 seu
1970 3985 2141 4078 premium
2159 3993 2194 4057 et
2210 3983 2328 4079 legem
2346 4009 2410 4058 nou

607 4139 812 4214 iudicaverit
838 4142 879 4212 ad
906 4140 1091 4224 oasindios,
1119 4141 1174 4212 vel
1201 4151 1359 4234 parentes
1386 4149 1420 4212 ct
1446 4143 1575 4212 amicos
1602 4165 1696 4230 suos,
1725 4165 1787 4213 seu
1814 4145 1998 4238 premium,
2027 4154 2062 4214 et
2087 4143 2200 4239 legem
2227 4169 2300 4218 non
2327 4147 2413 4219 iudi·

613 4300 755 4381 oarerit,
784 4307 817 4372 et
843 4297 1024 4394 probatum
1051 4297 1170 4386 luerit,
1189 4305 1384 4393 componat,
1405 4308 1439 4371 et
1458 4299 1623 4372 honorem
1651 4325 1752 4372 suum
1781 4302 1950 4390 admittat,
1980 4304 2072 4376 sicut
2098 4302 2151 4374 lex
2177 4303 2332 4400 ipsorum
2350 4311 2411 4378 est.

567 4625 873 4634 wau-...ss
891 4630 893 4634 .
909 4629 950 4635 --
968 4631 1001 4638 ...α

597 4841 619 4918 ¹)
640 4839 724 4899 Mur.
749 4839 787 4900 V.

593 4977 617 5066 ²)
639 4986 722 5047 Mur.
746 4985 801 5048 VI.
864 4977 865 4982 ¹

593 5129 617 5210 ³)
641 5133 705 5192 Per
727 5136 846 5208 questo
870 5129 966 5209 luogo
990 5131 1039 5193 cf.
1063 5129 1147 5191 Mur.
1172 5131 1256 5194 Nota
1278 5131 1309 5213 9)
1330 5151 1403 5211 pag.
1428 5132 1499 5195 119.
1541 5157 1542 5162 ¹

592 5277 616 5358 ⁴)
637 5278 721 5338 Mur.
746 5277 815 5340 Vll.

592 5420 616 5502 ⁵)
639 5444 654 5480 u
682 5419 759 5483 Coo.
783 5421 907 5484 Euam:
929 5421 972 5487 Et
985 5421 1015 5486 si
1028 5423 1140 5488 comes
1162 5421 1359 5488 franciscus
1381 5421 1553 5486 distulerit
1563 5419 1731 5505 justitiam
1745 5422 1943 5488 taciendam.
1961 5426 2059 5504 Apud
2073 5431 2195 5487 veteres
2209 5423 2405 5492 franciscus

552 5591 567 5628 «
586 5587 650 5646 pro
671 5567 817 5634 Francus
839 5579 869 5632 et
890 5571 1068 5636 Francicus
1089 5591 1158 5632 nou
1180 5591 1259 5633 raro
1279 5573 1431 5632 occurrit.
1452 5572 1506 5634 Usi
1522 5578 1630 5634 autem
1644 5579 1720 5633 suut
1734 5579 1765 5633 et
1774 5574 1879 5652 primi
1900 5573 2068 5636 Itotiauae
2083 5573 2215 5654 linquae
2231 5579 2403 5657 scriptores

551 5735 567 5773 n
596 5714 693 5775 Tusci
715 5715 851 5816 Ductor,
874 5715 1228 5818 contaminationes,
1253 5717 1439 5792 Boccoctus,
1464 5724 1494 5779 et
1516 5720 1587 5781 otti.
1613 5719 1777 5800 Populum
1799 5723 1893 5783 illum
1913 5721 2095 5789 Frauocsco
2119 5724 2332 5803 appellantes,
2349 5727 2405 5806 qui

550 5879 679 5923 «nuuc
700 5862 793 5925 uobis
816 5871 864 5926 est
883 5863 1046 5928 cranzese
1071 5887 1099 5925 u.
1124 5862 1219 5945 (Mur.
1244 5864 1289 5926 ib.
1314 5865 1397 5926 Nota
1419 5866 1481 5946 ld).
