5376 7104
1004 509 1410 586 nlrtonnrlulls
2009 510 2081 584 229

273 737 431 808 mitdant
455 740 563 826 hube,
587 738 680 824 quod
705 735 979 806 vindemiaberit
1003 737 1046 806 de
1070 737 1148 825 ipsa
1163 742 1282 826 rebus3
1300 745 1336 808 et
1351 739 1476 808 amodo
1490 743 1525 807 et
1548 757 1686 826 semper
1709 738 1782 807 illis
1797 743 1832 808 et
1848 736 1922 808 suis
1945 737 2127 828 eredibus,

221 847 225 854 ι
271 895 375 962 natos
409 889 744 1004 nascente,¹inclita
775 890 1018 978 suprascripta
1050 894 1174 961 nostra
1204 892 1418 961 tradiotione
1449 892 1492 962 de
1516 911 1621 980 super
1644 893 1744 962 etde
1769 897 1890 981 supter
1914 893 2127 988 annualiter

270 1047 484 1133 perfectam,
509 1046 728 1134 laborarent,
753 1051 789 1116 et
811 1047 1015 1134 operarent,
1031 1049 1067 1114 et
1081 1045 1379 1134 propaginareut,
1395 1049 1444 1131 et,
1463 1046 1524 1113 ubi
1541 1044 1726 1130 meruerit,
1750 1047 1895 1114 arbores
1918 1049 1954 1114 et
1978 1045 2067 1114 vites
2082 1045 2126 1115 de

274 1201 366 1267 bono
389 1197 528 1268 bitineo
550 1198 760 1303 plantarent
783 1201 819 1266 et
842 1197 922 1265 illut
946 1200 1149 1286 surgerent,
1173 1201 1214 1264 ut
1235 1215 1374 1284 semper
1399 1198 1505 1264 rebus
1529 1197 1608 1284 ipsa
1632 1199 1720 1266 bene
1743 1201 1896 1285 pareant
1918 1202 2066 1285 operata
2090 1205 2128 1268 et

275 1353 440 1424 laborata
463 1353 507 1422 de
531 1359 654 1442 supter
676 1358 712 1423 et
734 1354 777 1423 de
801 1371 929 1456 super;
954 1359 988 1424 et
1010 1355 1053 1424 de
1076 1354 1238 1444 quicquit
1268 1353 1425 1442 frugium
1457 1353 1662 1424 annualiter
1694 1353 1733 1420 in
1757 1353 1834 1440 ipsa
1866 1357 1972 1422 rebus
1994 1353 2126 1443 suerit,

269 1508 383 1578 deant
406 1509 490 1578 inde
514 1510 560 1578 ad
582 1528 667 1598 pars
691 1510 850 1597 predicte
873 1515 991 1578 nostre
1015 1509 1163 1578 ecclesie
1187 1509 1281 1580 iusto
1304 1511 1516 1581 terraticum
1545 1509 1739 1578 secundum
1767 1509 2057 1579 consuetudinem
2082 1511 2126 1578 de

270 1663 348 1750 ipso
373 1662 509 1730 locum:
542 1681 648 1750 poma
672 1679 755 1730 vero
777 1665 813 1730 ct
836 1661 920 1728 nuci
944 1661 1037 1747 quod
1061 1660 1099 1729 in
1123 1661 1202 1748 ipsa
1225 1665 1331 1732 rebus
1353 1665 1561 1734 annualiter
1593 1663 1726 1750 suerit,
1758 1664 1902 1750 integra
1934 1661 2126 1733 medietate

272 1814 408 1885 exinde
432 1817 478 1886 ad
501 1835 586 1904 pars
608 1816 777 1886 iamdicte
801 1819 921 1884 nostre
945 1815 1092 1884 ecclesie
1115 1816 1238 1901 deant,
1264 1822 1300 1885 et
1322 1816 1549 1886 medietatem
1573 1815 1653 1884 illos
1676 1816 1746 1884 sibi
1770 1818 1916 1902 abeant3
1942 1820 1978 1884 et
2001 1811 2127 1886 amodo

277 1976 314 2039 et
338 1988 479 2057 semper
502 1969 712 2040 annualiter
728 1969 771 2038 de
789 1969 967 2037 bindemie
982 1973 1065 2056 apto
1081 1973 1236 2056 tempore
1260 1971 1395 2040 faciant
1411 1989 1494 2058 pars
1511 1969 1665 2058 predicte
1690 1975 1812 2039 nostre
1828 1970 2001 2039 hecclesie
2017 1971 2127 2056 scire,

273 2129 315 2192 ut
338 2142 424 2212 pars
447 2124 605 2213 predicte
627 2103 748 2192 nostre
772 2123 919 2192 ecclesie
941 2123 1105 2211 dirigant
1128 2122 1212 2190 illuc
1236 2124 1385 2192 missum
1407 2141 1525 2208 suum,
1549 2126 1586 2190 et
1610 2121 1684 2188 illis
1707 2125 1785 2192 tota
1809 2125 1914 2191 rebus
1939 2123 2018 2210 ipsa
2042 2129 2125 2211 apto

277 2281 437 2365 tempore
459 2278 700 2366 bindemient,
725 2283 760 2346 et
783 2277 898 2343 omnis
923 2277 1046 2345 vinum
1070 2295 1178 2362 quam
1203 2277 1286 2346 inde
1308 2278 1465 2364 exierit,
1490 2282 1564 2348 tam
1589 2279 1762 2346 nunrdum
1793 2298 1899 2364 quarn
1926 2280 2125 2367 peciolum,

272 2451 339 2518 per
364 2429 591 2500 medietatem
615 2431 697 2498 illut
720 2431 905 2500 dibidant:
931 2448 1014 2517 pars
1037 2429 1194 2516 predicte
1220 2433 1340 2496 nostre
1364 2428 1537 2497 hecclesie
1560 2429 1662 2498 tollat
1681 2479 1894 2498 ........
1921 2431 2124 2520 medietate3

273 2588 310 2653 et
336 2585 414 2672 ipsa
438 2587 594 2653 sortione
617 2603 726 2671 quam
750 2585 794 2653 de
817 2585 892 2672 ipso
916 2585 1039 2652 binum
1064 2583 1110 2651 ad
1133 2602 1217 2669 pars
1242 2583 1409 2652 iamdicte
1439 2589 1557 2652 nostre
1580 2585 1754 2652 hecclesie
1782 2585 1940 2670 venerit,
1968 2585 2042 2654 illis
2065 2605 2125 2658 eos

272 2741 449 2825 reponant
480 2738 518 2804 in
550 2739 626 2824 ipso
651 2737 848 2824 applictum
871 2737 913 2805 de
943 2736 1021 2824 ipsa
1045 2753 1131 2806 casa
1156 2735 1193 2804 in
1217 2754 1387 2824 organea,
1411 2755 1479 2823 que
1504 2757 1588 2824 pars
1613 2737 1778 2807 iamdicte
1801 2743 1921 2808 nostre
1946 2742 2120 2812 hecclesie

179 2947 181 2952 .
276 2909 400 2959 eorum
425 2891 477 2958 ibi
500 2891 658 2979 dederit,
683 2896 719 2959 et
744 2889 816 2957 illis
840 2907 998 2976 organea
1024 2889 1100 2977 ipsa
1124 2887 1287 2957 concient
1310 2891 1421 2977 bona,
1445 2893 1482 2958 et
1506 2891 1642 2960 saciant
1674 2892 1775 2958 nobis
1799 2893 1875 2978 ipso
1906 2893 2029 2959 binum
2054 2895 2127 2965 sal·

272 3048 373 3132 bum,
400 3045 511 3128 donec
536 3046 743 3114 annualiter
767 3063 852 3133 pars
875 3043 1042 3112 iamdicte
1066 3047 1185 3112 nostre
1209 3043 1355 3114 ecclesie
1386 3043 1468 3115 illut
1490 3045 1572 3114 inde
1597 3044 1744 3130 tulerit,
1769 3064 1902 3132 apsque
1927 3045 2127 3134 degenero·
2265 3141 2268 3148 ,

274 3199 371 3269 tione
394 3204 430 3269 et
454 3203 565 3289 ingne
581 3205 618 3269 et
634 3219 765 3286 mures3
791 3200 938 3268 missurn
962 3216 1057 3287 vero,
1074 3200 1136 3284 qui
1153 3217 1215 3285 pro
1227 3217 1312 3285 pars
1328 3198 1494 3284 iamdicte
1518 3196 1665 3266 ecclesie
1688 3198 1898 3267 annualiter
1916 3199 1965 3266 ibi
1988 3201 2123 3270 luerint

271 3356 436 3425 standum
460 3371 565 3440 super
588 3353 666 3439 ipsa
694 3351 896 3437 bindemia,
932 3349 1005 3416 illis
1028 3369 1109 3419 eum
1132 3352 1299 3420 nutriant
1329 3351 1522 3420 secundum
1557 3351 1698 3418 illorum
1727 3351 1985 3440 possibilitate,
2010 3356 2125 3427 donec

274 3527 339 3598 pro
363 3511 441 3596 ipsa
466 3505 648 3575 bindemia
671 3504 916 3592 recipiendum
942 3504 1017 3589 ipso
1041 3503 1165 3569 binum
1188 3501 1237 3570 ibi
1262 3502 1422 3588 steterit,
1448 3520 1510 3570 seu
1534 3505 1570 3570 et
1594 3502 1801 3570 annualiter
1822 3502 1932 3572 deant
1962 3506 2008 3573 ad
2040 3525 2127 3593 pars

270 3663 437 3732 iamdicte
459 3665 579 3729 nostre
601 3657 773 3728 hecclesie
797 3658 1057 3745 palmentateca
1079 3655 1273 3724 secundum
1297 3656 1588 3724 consuetudinem
1612 3655 1655 3722 de
1679 3655 1756 3742 ipso
1779 3655 1918 3740 locum3
1951 3663 1987 3726 et
2012 3661 2125 3745 quale

271 3819 428 3904 tempore
453 3815 527 3884 illis
543 3813 598 3883 vel
615 3812 698 3880 aliis
715 3811 860 3880 filiabus
876 3809 1030 3896 illorum,
1048 3813 1148 3878 natos
1165 3813 1365 3916 nascentes
1390 3805 1598 3894 supradicta
1615 3809 1739 3878 nostra
1765 3807 1979 3878 tradiotione
1998 3814 2124 3882 tenere

272 3977 309 4038 et
334 3968 499 4037 laborare
522 3966 705 4035 noluerint
728 3967 767 4033 in
791 3962 998 4052 supradicta
1022 3960 1176 4047 ratione,
1199 3963 1285 4028 tunc
1308 3963 1384 4027 tota
1399 3961 1435 4026 et
1458 3957 1585 4027 inclita
1608 3960 1715 4026 rebus
1739 3957 1817 4047 ipsa
1840 3962 1942 4032 clusa
1969 3966 2062 4033 bona
2085 3971 2124 4036 et

275 4129 424 4212 operata
446 4129 482 4190 et
506 4121 643 4191 cultata
666 4119 861 4189 remidtant
883 4115 929 4186 ad
952 4081 1164 4202 potestatem
1184 4111 1226 4220 de
1251 4127 1335 4198 pars
1360 4109 1527 4180 iamdicte
1542 4109 1703 4198 ecclesie,
1718 4130 1800 4180 oum
1822 4113 1940 4200 ipsum
1963 4117 2127 4202 palmen-

272 4283 349 4346 tum
374 4281 513 4345 etcum
538 4275 656 4360 ipsum
680 4271 875 4358 applictum
898 4269 941 4338 de
964 4283 1048 4336 casa
1071 4266 1207 4333 clusum
1231 4266 1268 4333 et
1292 4267 1506 4351 coopertum,
1530 4269 1566 4333 et
1591 4264 1774 4351 cumipse
1797 4272 1907 4337 cunta
1930 4269 2023 4354 quod
2038 4289 2125 4358 pars

277 4429 443 4501 iamdicte
468 4425 641 4495 hecclesie
665 4423 715 4491 ibi
740 4421 895 4508 abuerit,
918 4425 955 4489 et
978 4419 1051 4488 illis
1075 4417 1193 4488 licead
1216 4416 1298 4483 inde
1314 4413 1415 4482 exire
1430 4433 1512 4482 curn
1535 4413 1650 4482 omnis
1666 4415 1740 4484 alia
1756 4434 1821 4485 sua
1839 4436 1947 4488 causa
1963 4387 2127 4512 mobilia,

277 4581 355 4650 sine
379 4597 463 4666 pars
497 4577 665 4648 iamdicte
697 4577 819 4642 nostre
843 4570 1016 4640 hecclesie
1040 4569 1309 4638 contrarietate.
1335 4568 1378 4637 de
1401 4587 1473 4654 qua
1501 4586 1563 4654 per
1588 4569 1680 4638 bona
1703 4570 1966 4641 combanientia
1990 4573 2129 4660 guadio.

271 4735 374 4806 nobis
398 4735 437 4802 hi
461 4750 582 4802 omnes
605 4730 840 4818 suprascripti
864 4727 1052 4813 dederunt,
1068 4728 1104 4792 et
1120 4725 1350 4794 mediatorem
1375 4723 1477 4791 nobis
1501 4726 1698 4812 posuerunt
1720 4724 1909 4811 iaquintus
1932 4728 2030 4798 filius
2046 4731 2129 4804 lan·

270 4886 355 4960 dolii
378 4886 535 4957 abitator
558 4887 601 4955 de
625 4885 771 4954 heodem
795 4882 869 4950 loco
892 4898 981 4968 epus
1004 4882 1140 4964 monte3
1167 4882 1203 4946 et
1225 4895 1288 4964 per
1311 4875 1461 4945 headem
1484 4876 1619 4964 guadio
1645 4881 1712 4946 ctc.
1738 4879 1887 4947 Statuta
1909 4885 2046 4954 mulcta
2072 4884 2131 4954 ei-

271 5043 366 5131 piott
390 5040 477 5110 auri
500 5039 692 5109 aelianum
714 5033 1102 5104 constantinianorunr.
1128 5031 1171 5098 Et
1195 5047 1264 5096 unc
1293 5031 1436 5098 brebem
1465 5029 1591 5116 scripsi
1616 5047 1681 5117 ego
1704 5029 1842 5102 cicerus
1865 5034 2030 5106 notarius
2058 5037 2126 5126 qui

273 5194 436 5266 intertui.

322 5322 352 5438 †
379 5351 454 5438 Ego
459 5397 671 5418 ........
697 5343 860 5414 notarius
882 5359 937 5410 me
962 5337 1156 5425 subscripsi

322 5476 353 5593 †
379 5505 456 5592 Ego
480 5501 638 5575 ademari
666 5517 721 5566 me
745 5494 953 5580 subscripsi.

987 5784 1435 5798 ..—-————-——-—·
