<?xml version="1.0" encoding="UTF-8"?>
<!DOCTYPE html PUBLIC "-//W3C//DTD XHTML 1.0 Transitional//EN"
    "http://www.w3.org/TR/xhtml1/DTD/xhtml1-transitional.dtd">
<html xmlns="http://www.w3.org/1999/xhtml" xml:lang="en" lang="en">
 <head>
  <title>
</title>
<meta http-equiv="Content-Type" content="text/html;charset=utf-8" />
  <meta name='ocr-system' content='tesseract 3.04.00' />
  <meta name='ocr-capabilities' content='ocr_page ocr_carea ocr_par ocr_line ocrx_word'/>
</head>
<body>
  <div class='ocr_page' id='page_1' title='image "./codexdiplomatic05aragoog_0063.png"; bbox 0 0 5376 7094; ppageno 0'>
   <div class='ocr_carea' id='block_1_1' title="bbox 620 491 1728 571">
    <p class='ocr_par' dir='ltr' id='par_1_1' title="bbox 620 491 1728 571">
     <span class='ocr_line' id='line_1_1' title="bbox 620 491 1728 571; baseline 0.01 -11"><span class='ocrx_word' id='word_1_1' title='bbox 620 491 666 561; x_wconf 75' lang='lat' dir='ltr'><strong>fifi</strong></span> <span class='ocrx_word' id='word_1_2' title='bbox 1252 496 1424 568; x_wconf 83' lang='lat' dir='ltr'>GODEX</span> <span class='ocrx_word' id='word_1_3' title='bbox 1463 498 1728 571; x_wconf 77' lang='lat' dir='ltr'>CAVENSIS</span> 
     </span>
    </p>
   </div>
   <div class='ocr_carea' id='block_1_2' title="bbox 568 715 2434 5242">
    <p class='ocr_par' dir='ltr' id='par_1_2' title="bbox 568 715 2434 5242">
     <span class='ocr_line' id='line_1_2' title="bbox 573 715 2433 810; baseline 0.01 -31"><span class='ocrx_word' id='word_1_4' title='bbox 573 715 725 804; x_wconf 89' lang='lat' dir='ltr'><strong>saciant,</strong></span> <span class='ocrx_word' id='word_1_5' title='bbox 750 721 787 784; x_wconf 91' lang='lat' dir='ltr'><strong>et</strong></span> <span class='ocrx_word' id='word_1_6' title='bbox 809 721 923 786; x_wconf 91' lang='lat' dir='ltr'><strong>totum</strong></span> <span class='ocrx_word' id='word_1_7' title='bbox 946 720 1022 807; x_wconf 90' lang='lat' dir='ltr'><strong>ipso</strong></span> <span class='ocrx_word' id='word_1_8' title='bbox 1038 721 1225 789; x_wconf 90' lang='lat' dir='ltr'><strong>arbustum</strong></span> <span class='ocrx_word' id='word_1_9' title='bbox 1240 721 1337 790; x_wconf 83' lang='lat' dir='ltr'><strong>infra</strong></span> <span class='ocrx_word' id='word_1_10' title='bbox 1354 723 1430 809; x_wconf 88' lang='lat' dir='ltr'><strong>ipse</strong></span> <span class='ocrx_word' id='word_1_11' title='bbox 1446 724 1529 792; x_wconf 90' lang='lat' dir='ltr'><strong>finis</strong></span> <span class='ocrx_word' id='word_1_12' title='bbox 1544 728 1580 792; x_wconf 92' lang='lat' dir='ltr'><strong>et</strong></span> <span class='ocrx_word' id='word_1_13' title='bbox 1594 725 1776 794; x_wconf 83' lang='lat' dir='ltr'>mensurio</span> <span class='ocrx_word' id='word_1_14' title='bbox 1791 727 1874 794; x_wconf 89' lang='lat' dir='ltr'><strong>abto</strong></span> <span class='ocrx_word' id='word_1_15' title='bbox 1889 727 2048 810; x_wconf 89' lang='grc'><strong>10100010</strong></span> <span class='ocrx_word' id='word_1_16' title='bbox 2066 721 2156 791; x_wconf 90' lang='lat' dir='ltr'><strong>illud</strong></span> <span class='ocrx_word' id='word_1_17' title='bbox 2173 721 2381 794; x_wconf 88' lang='lat' dir='ltr'><strong>lavorarent</strong></span> <span class='ocrx_word' id='word_1_18' title='bbox 2396 731 2433 796; x_wconf 89' lang='lat' dir='ltr'><strong>et</strong></span> 
     </span>
     <span class='ocr_line' id='line_1_3' title="bbox 570 869 2434 966; baseline 0.005 -30"><span class='ocrx_word' id='word_1_19' title='bbox 570 869 753 939; x_wconf 88' lang='lat' dir='ltr'><strong>cultarent</strong></span> <span class='ocrx_word' id='word_1_20' title='bbox 765 871 807 940; x_wconf 91' lang='lat' dir='ltr'><strong>de</strong></span> <span class='ocrx_word' id='word_1_21' title='bbox 818 891 924 958; x_wconf 91' lang='lat' dir='ltr'><strong>super</strong></span> <span class='ocrx_word' id='word_1_22' title='bbox 934 875 971 940; x_wconf 92' lang='lat' dir='ltr'><strong>et</strong></span> <span class='ocrx_word' id='word_1_23' title='bbox 982 872 1025 940; x_wconf 91' lang='lat' dir='ltr'><strong>de</strong></span> <span class='ocrx_word' id='word_1_24' title='bbox 1036 875 1170 958; x_wconf 81' lang='lat' dir='ltr'><strong>supter,</strong></span> <span class='ocrx_word' id='word_1_25' title='bbox 1184 873 1284 942; x_wconf 88' lang='lat' dir='ltr'><strong>sicud</strong></span> <span class='ocrx_word' id='word_1_26' title='bbox 1300 875 1397 944; x_wconf 90' lang='lat' dir='ltr'><strong>locus</strong></span> <span class='ocrx_word' id='word_1_27' title='bbox 1408 876 1484 964; x_wconf 91' lang='lat' dir='ltr'><strong>ipse</strong></span> <span class='ocrx_word' id='word_1_28' title='bbox 1496 879 1865 966; x_wconf 86' lang='lat' dir='ltr'><strong>meruerit,quatenus</strong></span> <span class='ocrx_word' id='word_1_29' title='bbox 1877 876 2068 963; x_wconf 87' lang='lat' dir='ltr'><strong>proficiant</strong></span> <span class='ocrx_word' id='word_1_30' title='bbox 2083 879 2119 944; x_wconf 92' lang='lat' dir='ltr'><strong>et</strong></span> <span class='ocrx_word' id='word_1_31' title='bbox 2130 892 2204 943; x_wconf 90' lang='lat' dir='ltr'><strong>non</strong></span> <span class='ocrx_word' id='word_1_32' title='bbox 2215 875 2434 965; x_wconf 82' lang='lat' dir='ltr'><strong>dispereant,</strong></span> 
     </span>
     <span class='ocr_line' id='line_1_4' title="bbox 572 1023 2434 1116; baseline 0.002 -28"><span class='ocrx_word' id='word_1_33' title='bbox 572 1025 608 1089; x_wconf 90' lang='lat' dir='ltr'><strong>et</strong></span> <span class='ocrx_word' id='word_1_34' title='bbox 624 1025 686 1092; x_wconf 90' lang='lat' dir='ltr'><strong>ubi</strong></span> <span class='ocrx_word' id='word_1_35' title='bbox 702 1024 886 1110; x_wconf 89' lang='lat' dir='ltr'><strong>meruerit,</strong></span> <span class='ocrx_word' id='word_1_36' title='bbox 911 1023 1008 1092; x_wconf 86' lang='lat' dir='ltr'><strong>infia</strong></span> <span class='ocrx_word' id='word_1_37' title='bbox 1031 1023 1107 1108; x_wconf 89' lang='lat' dir='ltr'><strong>ipso</strong></span> <span class='ocrx_word' id='word_1_38' title='bbox 1131 1025 1319 1093; x_wconf 89' lang='lat' dir='ltr'><strong>arbustum</strong></span> <span class='ocrx_word' id='word_1_39' title='bbox 1342 1027 1487 1094; x_wconf 89' lang='lat' dir='ltr'><strong>arbores</strong></span> <span class='ocrx_word' id='word_1_40' title='bbox 1502 1031 1539 1095; x_wconf 88' lang='lat' dir='ltr'><strong>et</strong></span> <span class='ocrx_word' id='word_1_41' title='bbox 1555 1028 1645 1096; x_wconf 87' lang='lat' dir='ltr'><strong>vites</strong></span> <span class='ocrx_word' id='word_1_42' title='bbox 1668 1035 1860 1116; x_wconf 88' lang='lat' dir='ltr'><strong>pastenare</strong></span> <span class='ocrx_word' id='word_1_43' title='bbox 1883 1033 1920 1098; x_wconf 92' lang='lat' dir='ltr'><strong>et</strong></span> <span class='ocrx_word' id='word_1_44' title='bbox 1938 1027 2195 1115; x_wconf 82' lang='lat' dir='ltr'><strong>propaginare,</strong></span> <span class='ocrx_word' id='word_1_45' title='bbox 2212 1025 2285 1095; x_wconf 88' lang='lat' dir='ltr'><strong>illis</strong></span> <span class='ocrx_word' id='word_1_46' title='bbox 2301 1031 2337 1095; x_wconf 90' lang='lat' dir='ltr'><strong>et</strong></span> <span class='ocrx_word' id='word_1_47' title='bbox 2359 1025 2434 1092; x_wconf 89' lang='lat' dir='ltr'><strong>suis</strong></span> 
     </span>
     <span class='ocr_line' id='line_1_5' title="bbox 572 1176 2432 1272; baseline 0.001 -28"><span class='ocrx_word' id='word_1_48' title='bbox 572 1178 736 1246; x_wconf 88' lang='lat' dir='ltr'><strong>eredibus</strong></span> <span class='ocrx_word' id='word_1_49' title='bbox 758 1176 847 1248; x_wconf 92' lang='lat' dir='ltr'><strong>illud</strong></span> <span class='ocrx_word' id='word_1_50' title='bbox 871 1177 1003 1246; x_wconf 88' lang='lat' dir='ltr'><strong>ibidem</strong></span> <span class='ocrx_word' id='word_1_51' title='bbox 1027 1182 1262 1264; x_wconf 88' lang='lat' dir='ltr'><strong>pastenarent</strong></span> <span class='ocrx_word' id='word_1_52' title='bbox 1285 1183 1321 1246; x_wconf 92' lang='lat' dir='ltr'><strong>et</strong></span> <span class='ocrx_word' id='word_1_53' title='bbox 1344 1181 1602 1268; x_wconf 79' lang='lat' dir='ltr'><strong>propaginaret</strong></span> <span class='ocrx_word' id='word_1_54' title='bbox 1626 1185 1662 1248; x_wconf 92' lang='lat' dir='ltr'><strong>et</strong></span> <span class='ocrx_word' id='word_1_55' title='bbox 1685 1181 1844 1272; x_wconf 87' lang='lat' dir='ltr'><strong>cultare,</strong></span> <span class='ocrx_word' id='word_1_56' title='bbox 1869 1181 1970 1250; x_wconf 88' lang='lat' dir='ltr'><strong>sicud</strong></span> <span class='ocrx_word' id='word_1_57' title='bbox 1993 1181 2187 1268; x_wconf 90' lang='lat' dir='ltr'><strong>meruerit;</strong></span> <span class='ocrx_word' id='word_1_58' title='bbox 2211 1185 2248 1249; x_wconf 89' lang='lat' dir='ltr'><strong>et</strong></span> <span class='ocrx_word' id='word_1_59' title='bbox 2271 1180 2347 1266; x_wconf 91' lang='lat' dir='ltr'><strong>ipso</strong></span> <span class='ocrx_word' id='word_1_60' title='bbox 2369 1181 2432 1247; x_wconf 93' lang='lat' dir='ltr'><strong>ba-</strong></span> 
     </span>
     <span class='ocr_line' id='line_1_6' title="bbox 574 1329 2433 1419; baseline -0.001 -20"><span class='ocrx_word' id='word_1_61' title='bbox 574 1350 694 1417; x_wconf 90' lang='lat' dir='ltr'><strong>cuum,</strong></span> <span class='ocrx_word' id='word_1_62' title='bbox 719 1331 778 1415; x_wconf 92' lang='lat' dir='ltr'><strong>qui</strong></span> <span class='ocrx_word' id='word_1_63' title='bbox 805 1335 859 1399; x_wconf 90' lang='lat' dir='ltr'><strong>est</strong></span> <span class='ocrx_word' id='word_1_64' title='bbox 882 1329 979 1397; x_wconf 81' lang='lat' dir='ltr'><strong>inira</strong></span> <span class='ocrx_word' id='word_1_65' title='bbox 1004 1330 1079 1415; x_wconf 90' lang='lat' dir='ltr'><strong>ipse</strong></span> <span class='ocrx_word' id='word_1_66' title='bbox 1103 1329 1186 1398; x_wconf 90' lang='lat' dir='ltr'><strong>finis</strong></span> <span class='ocrx_word' id='word_1_67' title='bbox 1201 1333 1237 1396; x_wconf 92' lang='lat' dir='ltr'><strong>et</strong></span> <span class='ocrx_word' id='word_1_68' title='bbox 1259 1331 1453 1418; x_wconf 90' lang='lat' dir='ltr'><strong>mensurie,</strong></span> <span class='ocrx_word' id='word_1_69' title='bbox 1479 1331 1604 1399; x_wconf 91' lang='lat' dir='ltr'><strong>amodo</strong></span> <span class='ocrx_word' id='word_1_70' title='bbox 1627 1351 1668 1399; x_wconf 93' lang='grc'><strong>00</strong></span> <span class='ocrx_word' id='word_1_71' title='bbox 1684 1351 1780 1403; x_wconf 92' lang='lat' dir='ltr'><strong>anno</strong></span> <span class='ocrx_word' id='word_1_72' title='bbox 1795 1338 1909 1403; x_wconf 88' lang='lat' dir='ltr'><strong>totum</strong></span> <span class='ocrx_word' id='word_1_73' title='bbox 1925 1333 2014 1402; x_wconf 91' lang='lat' dir='ltr'><strong>illud</strong></span> <span class='ocrx_word' id='word_1_74' title='bbox 2030 1337 2221 1419; x_wconf 84' lang='lat' dir='ltr'><strong>pastenare</strong></span> <span class='ocrx_word' id='word_1_75' title='bbox 2236 1334 2382 1399; x_wconf 89' lang='lat' dir='ltr'><strong>arbores</strong></span> <span class='ocrx_word' id='word_1_76' title='bbox 2397 1335 2433 1402; x_wconf 90' lang='grc'><strong>01</strong></span> 
     </span>
     <span class='ocr_line' id='line_1_7' title="bbox 571 1481 2429 1576; baseline 0.001 -26"><span class='ocrx_word' id='word_1_77' title='bbox 571 1487 663 1554; x_wconf 90' lang='lat' dir='ltr'><strong>vites</strong></span> <span class='ocrx_word' id='word_1_78' title='bbox 686 1484 729 1552; x_wconf 90' lang='lat' dir='ltr'><strong>de</strong></span> <span class='ocrx_word' id='word_1_79' title='bbox 755 1487 846 1550; x_wconf 91' lang='lat' dir='ltr'><strong>bono</strong></span> <span class='ocrx_word' id='word_1_80' title='bbox 868 1484 1015 1570; x_wconf 88' lang='lat' dir='ltr'><strong>vitineo,</strong></span> <span class='ocrx_word' id='word_1_81' title='bbox 1039 1486 1075 1550; x_wconf 92' lang='lat' dir='ltr'><strong>et</strong></span> <span class='ocrx_word' id='word_1_82' title='bbox 1098 1485 1211 1550; x_wconf 90' lang='grc'><strong>1010111</strong></span> <span class='ocrx_word' id='word_1_83' title='bbox 1234 1481 1324 1550; x_wconf 92' lang='lat' dir='ltr'><strong>illud</strong></span> <span class='ocrx_word' id='word_1_84' title='bbox 1348 1501 1459 1570; x_wconf 86' lang='lat' dir='ltr'><strong>usque</strong></span> <span class='ocrx_word' id='word_1_85' title='bbox 1482 1485 1666 1554; x_wconf 89' lang='lat' dir='ltr'><strong>duodecim</strong></span> <span class='ocrx_word' id='word_1_86' title='bbox 1682 1489 1770 1556; x_wconf 90' lang='lat' dir='ltr'><strong>anni</strong></span> <span class='ocrx_word' id='word_1_87' title='bbox 1787 1489 1951 1576; x_wconf 89' lang='lat' dir='ltr'><strong>completi</strong></span> <span class='ocrx_word' id='word_1_88' title='bbox 1970 1488 2059 1558; x_wconf 90' lang='lat' dir='ltr'><strong>illud</strong></span> <span class='ocrx_word' id='word_1_89' title='bbox 2075 1505 2223 1574; x_wconf 91' lang='lat' dir='ltr'><strong>operare</strong></span> <span class='ocrx_word' id='word_1_90' title='bbox 2241 1489 2278 1554; x_wconf 91' lang='lat' dir='ltr'><strong>et</strong></span> <span class='ocrx_word' id='word_1_91' title='bbox 2293 1484 2429 1554; x_wconf 88' lang='lat' dir='ltr'><strong>cultare</strong></span> 
     </span>
     <span class='ocr_line' id='line_1_8' title="bbox 572 1635 2430 1727; baseline -0.002 -21"><span class='ocrx_word' id='word_1_92' title='bbox 572 1640 614 1708; x_wconf 91' lang='lat' dir='ltr'><strong>de</strong></span> <span class='ocrx_word' id='word_1_93' title='bbox 641 1657 748 1725; x_wconf 90' lang='lat' dir='ltr'><strong>super</strong></span> <span class='ocrx_word' id='word_1_94' title='bbox 772 1637 873 1707; x_wconf 92' lang='lat' dir='ltr'><strong>etde</strong></span> <span class='ocrx_word' id='word_1_95' title='bbox 897 1639 1019 1722; x_wconf 81' lang='lat' dir='ltr'><strong>supter</strong></span> <span class='ocrx_word' id='word_1_96' title='bbox 1043 1653 1156 1720; x_wconf 90' lang='lat' dir='ltr'><strong>usque</strong></span> <span class='ocrx_word' id='word_1_97' title='bbox 1178 1636 1254 1724; x_wconf 89' lang='lat' dir='ltr'><strong>ipso</strong></span> <span class='ocrx_word' id='word_1_98' title='bbox 1277 1637 1522 1727; x_wconf 89' lang='lat' dir='ltr'><strong>constitutum,</strong></span> <span class='ocrx_word' id='word_1_99' title='bbox 1547 1639 1648 1708; x_wconf 90' lang='lat' dir='ltr'><strong>sicud</strong></span> <span class='ocrx_word' id='word_1_100' title='bbox 1670 1640 1714 1708; x_wconf 93' lang='lat' dir='ltr'><strong>de</strong></span> <span class='ocrx_word' id='word_1_101' title='bbox 1737 1645 1857 1710; x_wconf 89' lang='lat' dir='ltr'><strong>tantos</strong></span> <span class='ocrx_word' id='word_1_102' title='bbox 1880 1659 1995 1710; x_wconf 91' lang='lat' dir='ltr'><strong>annos</strong></span> <span class='ocrx_word' id='word_1_103' title='bbox 2019 1642 2117 1708; x_wconf 86' lang='lat' dir='ltr'><strong>locus</strong></span> <span class='ocrx_word' id='word_1_104' title='bbox 2142 1640 2216 1724; x_wconf 88' lang='lat' dir='ltr'><strong>ipse</strong></span> <span class='ocrx_word' id='word_1_105' title='bbox 2242 1635 2430 1722; x_wconf 90' lang='lat' dir='ltr'><strong>meruerit,</strong></span> 
     </span>
     <span class='ocr_line' id='line_1_9' title="bbox 570 1787 2427 1880; baseline -0.004 -20"><span class='ocrx_word' id='word_1_106' title='bbox 570 1797 611 1860; x_wconf 93' lang='lat' dir='ltr'><strong>ut</strong></span> <span class='ocrx_word' id='word_1_107' title='bbox 633 1809 721 1859; x_wconf 90' lang='lat' dir='ltr'><strong>vene</strong></span> <span class='ocrx_word' id='word_1_108' title='bbox 745 1789 879 1876; x_wconf 89' lang='lat' dir='ltr'><strong>paread</strong></span> <span class='ocrx_word' id='word_1_109' title='bbox 902 1792 1088 1876; x_wconf 89' lang='lat' dir='ltr'><strong>operatum</strong></span> <span class='ocrx_word' id='word_1_110' title='bbox 1111 1791 1147 1856; x_wconf 90' lang='lat' dir='ltr'><strong>et</strong></span> <span class='ocrx_word' id='word_1_111' title='bbox 1170 1787 1345 1856; x_wconf 92' lang='lat' dir='ltr'><strong>cultatum</strong></span> <span class='ocrx_word' id='word_1_112' title='bbox 1369 1793 1404 1856; x_wconf 90' lang='lat' dir='ltr'><strong>et</strong></span> <span class='ocrx_word' id='word_1_113' title='bbox 1428 1791 1574 1876; x_wconf 86' lang='lat' dir='ltr'><strong>factum,</strong></span> <span class='ocrx_word' id='word_1_114' title='bbox 1599 1797 1635 1859; x_wconf 91' lang='lat' dir='ltr'><strong>et</strong></span> <span class='ocrx_word' id='word_1_115' title='bbox 1662 1797 1736 1862; x_wconf 87' lang='lat' dir='ltr'><strong>tota</strong></span> <span class='ocrx_word' id='word_1_116' title='bbox 1759 1793 1838 1880; x_wconf 91' lang='lat' dir='ltr'><strong>ipsa</strong></span> <span class='ocrx_word' id='word_1_117' title='bbox 1860 1794 2029 1864; x_wconf 88' lang='lat' dir='ltr'><strong>tradictio</strong></span> <span class='ocrx_word' id='word_1_118' title='bbox 2052 1811 2115 1879; x_wconf 87' lang='lat' dir='ltr'><strong>per</strong></span> <span class='ocrx_word' id='word_1_119' title='bbox 2140 1793 2220 1877; x_wconf 91' lang='lat' dir='ltr'><strong>ipsa</strong></span> <span class='ocrx_word' id='word_1_120' title='bbox 2244 1788 2427 1856; x_wconf 78' lang='lat' dir='ltr'><strong>mensuris</strong></span> 
     </span>
     <span class='ocr_line' id='line_1_10' title="bbox 570 1939 2429 2032; baseline -0.004 -20"><span class='ocrx_word' id='word_1_121' title='bbox 570 1964 659 2032; x_wconf 84' lang='lat' dir='ltr'><strong>erga</strong></span> <span class='ocrx_word' id='word_1_122' title='bbox 684 1946 763 2030; x_wconf 87' lang='lat' dir='ltr'><strong>ipsa</strong></span> <span class='ocrx_word' id='word_1_123' title='bbox 787 1944 847 2009; x_wconf 86' lang='lat' dir='ltr'><strong>via</strong></span> <span class='ocrx_word' id='word_1_124' title='bbox 871 1941 960 2009; x_wconf 90' lang='lat' dir='ltr'><strong>illud</strong></span> <span class='ocrx_word' id='word_1_125' title='bbox 984 1939 1140 2026; x_wconf 88' lang='lat' dir='ltr'><strong>cludere,</strong></span> <span class='ocrx_word' id='word_1_126' title='bbox 1163 1944 1200 2007; x_wconf 90' lang='lat' dir='ltr'><strong>et</strong></span> <span class='ocrx_word' id='word_1_127' title='bbox 1222 1939 1360 2007; x_wconf 88' lang='lat' dir='ltr'><strong>clusum</strong></span> <span class='ocrx_word' id='word_1_128' title='bbox 1383 1944 1530 2030; x_wconf 89' lang='lat' dir='ltr'><strong>abeant,</strong></span> <span class='ocrx_word' id='word_1_129' title='bbox 1555 1942 1657 2010; x_wconf 89' lang='lat' dir='ltr'><strong>sicud</strong></span> <span class='ocrx_word' id='word_1_130' title='bbox 1680 1945 1866 2030; x_wconf 91' lang='lat' dir='ltr'><strong>meruerit,</strong></span> <span class='ocrx_word' id='word_1_131' title='bbox 1890 1949 1926 2011; x_wconf 91' lang='lat' dir='ltr'><strong>et</strong></span> <span class='ocrx_word' id='word_1_132' title='bbox 1951 1944 2047 2012; x_wconf 85' lang='lat' dir='ltr'><strong>infra</strong></span> <span class='ocrx_word' id='word_1_133' title='bbox 2072 1943 2150 2029; x_wconf 88' lang='lat' dir='ltr'><strong>ipsa</strong></span> <span class='ocrx_word' id='word_1_134' title='bbox 2174 1941 2341 2009; x_wconf 87' lang='lat' dir='ltr'><strong>tradictio</strong></span> <span class='ocrx_word' id='word_1_135' title='bbox 2356 1939 2429 2005; x_wconf 88' lang='lat' dir='ltr'><strong>fra-</strong></span> 
     </span>
     <span class='ocr_line' id='line_1_11' title="bbox 570 2092 2428 2183; baseline -0.003 -21"><span class='ocrx_word' id='word_1_136' title='bbox 570 2098 735 2165; x_wconf 88' lang='lat' dir='ltr'><strong>vicarent</strong></span> <span class='ocrx_word' id='word_1_137' title='bbox 759 2093 805 2164; x_wconf 92' lang='lat' dir='ltr'><strong>ad</strong></span> <span class='ocrx_word' id='word_1_138' title='bbox 829 2093 926 2161; x_wconf 88' lang='lat' dir='ltr'><strong>calce</strong></span> <span class='ocrx_word' id='word_1_139' title='bbox 950 2096 986 2160; x_wconf 90' lang='lat' dir='ltr'><strong>et</strong></span> <span class='ocrx_word' id='word_1_140' title='bbox 1008 2097 1107 2178; x_wconf 90' lang='lat' dir='ltr'><strong>petre</strong></span> <span class='ocrx_word' id='word_1_141' title='bbox 1130 2110 1243 2159; x_wconf 93' lang='lat' dir='ltr'><strong>unum</strong></span> <span class='ocrx_word' id='word_1_142' title='bbox 1267 2092 1487 2177; x_wconf 74' lang='lat' dir='ltr'><strong>pulmentum</strong></span> <span class='ocrx_word' id='word_1_143' title='bbox 1505 2111 1650 2182; x_wconf 92' lang='lat' dir='ltr'><strong>vonum,</strong></span> <span class='ocrx_word' id='word_1_144' title='bbox 1668 2095 1769 2162; x_wconf 90' lang='lat' dir='ltr'><strong>sicud</strong></span> <span class='ocrx_word' id='word_1_145' title='bbox 1785 2097 1972 2183; x_wconf 88' lang='lat' dir='ltr'><strong>meruerit,</strong></span> <span class='ocrx_word' id='word_1_146' title='bbox 1987 2099 2024 2162; x_wconf 89' lang='grc'><strong>01</strong></span> <span class='ocrx_word' id='word_1_147' title='bbox 2040 2095 2177 2163; x_wconf 85' lang='lat' dir='ltr'><strong>faciant</strong></span> <span class='ocrx_word' id='word_1_148' title='bbox 2192 2113 2215 2161; x_wconf 91' lang='lat' dir='ltr'><strong>a</strong></span> <span class='ocrx_word' id='word_1_149' title='bbox 2232 2110 2337 2177; x_wconf 88' lang='lat' dir='ltr'><strong>super</strong></span> <span class='ocrx_word' id='word_1_150' title='bbox 2354 2093 2428 2177; x_wconf 88' lang='lat' dir='ltr'><strong>ipso</strong></span> 
     </span>
     <span class='ocr_line' id='line_1_12' title="bbox 570 2245 2427 2335; baseline -0.004 -17"><span class='ocrx_word' id='word_1_151' title='bbox 570 2249 756 2335; x_wconf 84' lang='lat' dir='ltr'><strong>palmento</strong></span> <span class='ocrx_word' id='word_1_152' title='bbox 779 2247 910 2334; x_wconf 89' lang='lat' dir='ltr'><strong>reditu,</strong></span> <span class='ocrx_word' id='word_1_153' title='bbox 936 2245 1036 2314; x_wconf 90' lang='lat' dir='ltr'><strong>sicud</strong></span> <span class='ocrx_word' id='word_1_154' title='bbox 1059 2246 1244 2332; x_wconf 87' lang='lat' dir='ltr'><strong>meruerit,</strong></span> <span class='ocrx_word' id='word_1_155' title='bbox 1269 2249 1304 2312; x_wconf 91' lang='lat' dir='ltr'><strong>et</strong></span> <span class='ocrx_word' id='word_1_156' title='bbox 1327 2263 1412 2314; x_wconf 89' lang='lat' dir='ltr'><strong>casa</strong></span> <span class='ocrx_word' id='word_1_157' title='bbox 1440 2247 1536 2314; x_wconf 91' lang='lat' dir='ltr'><strong>intro</strong></span> <span class='ocrx_word' id='word_1_158' title='bbox 1552 2247 1628 2334; x_wconf 89' lang='lat' dir='ltr'><strong>ipso</strong></span> <span class='ocrx_word' id='word_1_159' title='bbox 1644 2249 1832 2316; x_wconf 90' lang='lat' dir='ltr'><strong>arbustum</strong></span> <span class='ocrx_word' id='word_1_160' title='bbox 1856 2248 2029 2334; x_wconf 86' lang='lat' dir='ltr'><strong>facerent,</strong></span> <span class='ocrx_word' id='word_1_161' title='bbox 2054 2247 2155 2314; x_wconf 88' lang='lat' dir='ltr'><strong>sicud</strong></span> <span class='ocrx_word' id='word_1_162' title='bbox 2179 2245 2368 2330; x_wconf 89' lang='lat' dir='ltr'><strong>meruerit,</strong></span> <span class='ocrx_word' id='word_1_163' title='bbox 2392 2248 2427 2312; x_wconf 88' lang='lat' dir='ltr'><strong>et</strong></span> 
     </span>
     <span class='ocr_line' id='line_1_13' title="bbox 571 2397 2428 2488; baseline -0.004 -18"><span class='ocrx_word' id='word_1_164' title='bbox 571 2404 611 2470; x_wconf 91' lang='lat' dir='ltr'><strong>in</strong></span> <span class='ocrx_word' id='word_1_165' title='bbox 635 2404 714 2488; x_wconf 88' lang='lat' dir='ltr'><strong>ipsa</strong></span> <span class='ocrx_word' id='word_1_166' title='bbox 736 2419 821 2470; x_wconf 91' lang='lat' dir='ltr'><strong>casa</strong></span> <span class='ocrx_word' id='word_1_167' title='bbox 844 2401 994 2468; x_wconf 89' lang='lat' dir='ltr'><strong>mittant</strong></span> <span class='ocrx_word' id='word_1_168' title='bbox 1016 2400 1172 2467; x_wconf 89' lang='lat' dir='ltr'><strong>ominem</strong></span> <span class='ocrx_word' id='word_1_169' title='bbox 1196 2399 1242 2468; x_wconf 89' lang='lat' dir='ltr'><strong>ad</strong></span> <span class='ocrx_word' id='word_1_170' title='bbox 1265 2399 1505 2485; x_wconf 89' lang='lat' dir='ltr'><strong>residendum,</strong></span> <span class='ocrx_word' id='word_1_171' title='bbox 1529 2401 1565 2466; x_wconf 92' lang='grc'><strong>01</strong></span> <span class='ocrx_word' id='word_1_172' title='bbox 1581 2397 1694 2467; x_wconf 91' lang='lat' dir='ltr'><strong>licead</strong></span> <span class='ocrx_word' id='word_1_173' title='bbox 1711 2397 1785 2466; x_wconf 91' lang='lat' dir='ltr'><strong>illis</strong></span> <span class='ocrx_word' id='word_1_174' title='bbox 1800 2403 1835 2466; x_wconf 88' lang='lat' dir='ltr'><strong>et</strong></span> <span class='ocrx_word' id='word_1_175' title='bbox 1850 2400 1925 2466; x_wconf 90' lang='lat' dir='ltr'><strong>suis</strong></span> <span class='ocrx_word' id='word_1_176' title='bbox 1937 2399 2102 2466; x_wconf 90' lang='lat' dir='ltr'><strong>eredibus</strong></span> <span class='ocrx_word' id='word_1_177' title='bbox 2118 2399 2244 2467; x_wconf 89' lang='lat' dir='ltr'><strong>inclita</strong></span> <span class='ocrx_word' id='word_1_178' title='bbox 2261 2399 2340 2484; x_wconf 88' lang='lat' dir='ltr'><strong>ipsa</strong></span> <span class='ocrx_word' id='word_1_179' title='bbox 2356 2407 2428 2463; x_wconf 84' lang='lat' dir='ltr'><strong>tra-</strong></span> 
     </span>
     <span class='ocr_line' id='line_1_14' title="bbox 571 2548 2428 2642; baseline -0.005 -18"><span class='ocrx_word' id='word_1_180' title='bbox 571 2557 680 2624; x_wconf 77' lang='grc'><strong>1110110</strong></span> <span class='ocrx_word' id='word_1_181' title='bbox 705 2575 767 2642; x_wconf 90' lang='lat' dir='ltr'><strong>per</strong></span> <span class='ocrx_word' id='word_1_182' title='bbox 792 2555 867 2641; x_wconf 91' lang='grc'><strong>1000</strong></span> <span class='ocrx_word' id='word_1_183' title='bbox 891 2555 975 2622; x_wconf 86' lang='lat' dir='ltr'><strong>finis</strong></span> <span class='ocrx_word' id='word_1_184' title='bbox 997 2557 1033 2621; x_wconf 92' lang='lat' dir='ltr'><strong>et</strong></span> <span class='ocrx_word' id='word_1_185' title='bbox 1056 2553 1237 2621; x_wconf 87' lang='lat' dir='ltr'><strong>mensurie</strong></span> <span class='ocrx_word' id='word_1_186' title='bbox 1261 2554 1357 2620; x_wconf 91' lang='lat' dir='ltr'><strong>omni</strong></span> <span class='ocrx_word' id='word_1_187' title='bbox 1383 2557 1540 2638; x_wconf 89' lang='lat' dir='ltr'><strong>tempore</strong></span> <span class='ocrx_word' id='word_1_188' title='bbox 1566 2555 1688 2618; x_wconf 88' lang='lat' dir='ltr'><strong>tenere</strong></span> <span class='ocrx_word' id='word_1_189' title='bbox 1710 2553 1747 2617; x_wconf 92' lang='lat' dir='ltr'><strong>et</strong></span> <span class='ocrx_word' id='word_1_190' title='bbox 1762 2549 1926 2619; x_wconf 89' lang='lat' dir='ltr'><strong>lavorare</strong></span> <span class='ocrx_word' id='word_1_191' title='bbox 1941 2569 2005 2636; x_wconf 92' lang='lat' dir='ltr'><strong>per</strong></span> <span class='ocrx_word' id='word_1_192' title='bbox 2023 2551 2238 2642; x_wconf 24' lang='lat' dir='ltr'><strong>illo-ordine,</strong></span> <span class='ocrx_word' id='word_1_193' title='bbox 2255 2548 2356 2616; x_wconf 88' lang='lat' dir='ltr'><strong>sicud</strong></span> <span class='ocrx_word' id='word_1_194' title='bbox 2371 2567 2428 2614; x_wconf 91' lang='lat' dir='ltr'><strong>su-</strong></span> 
     </span>
     <span class='ocr_line' id='line_1_15' title="bbox 571 2700 2427 2796; baseline -0.005 -19"><span class='ocrx_word' id='word_1_195' title='bbox 571 2711 693 2796; x_wconf 89' lang='lat' dir='ltr'><strong>perius</strong></span> <span class='ocrx_word' id='word_1_196' title='bbox 717 2708 889 2793; x_wconf 83' lang='lat' dir='ltr'><strong>diximus,</strong></span> <span class='ocrx_word' id='word_1_197' title='bbox 913 2709 949 2773; x_wconf 91' lang='lat' dir='ltr'><strong>et</strong></span> <span class='ocrx_word' id='word_1_198' title='bbox 973 2723 1036 2791; x_wconf 91' lang='lat' dir='ltr'><strong>per</strong></span> <span class='ocrx_word' id='word_1_199' title='bbox 1059 2704 1237 2772; x_wconf 85' lang='lat' dir='ltr'><strong>vindemie</strong></span> <span class='ocrx_word' id='word_1_200' title='bbox 1260 2707 1417 2789; x_wconf 89' lang='lat' dir='ltr'><strong>tempore</strong></span> <span class='ocrx_word' id='word_1_201' title='bbox 1440 2703 1576 2771; x_wconf 84' lang='lat' dir='ltr'><strong>saciant</strong></span> <span class='ocrx_word' id='word_1_202' title='bbox 1599 2719 1654 2767; x_wconf 91' lang='lat' dir='ltr'><strong>me</strong></span> <span class='ocrx_word' id='word_1_203' title='bbox 1679 2700 1732 2768; x_wconf 92' lang='lat' dir='ltr'><strong>vel</strong></span> <span class='ocrx_word' id='word_1_204' title='bbox 1757 2720 1842 2786; x_wconf 89' lang='lat' dir='ltr'><strong>pars</strong></span> <span class='ocrx_word' id='word_1_205' title='bbox 1866 2703 1978 2788; x_wconf 89' lang='lat' dir='ltr'><strong>ipsius</strong></span> <span class='ocrx_word' id='word_1_206' title='bbox 2002 2701 2150 2770; x_wconf 89' lang='lat' dir='ltr'><strong>ecclesie</strong></span> <span class='ocrx_word' id='word_1_207' title='bbox 2174 2702 2281 2788; x_wconf 89' lang='lat' dir='ltr'><strong>scire,</strong></span> <span class='ocrx_word' id='word_1_208' title='bbox 2306 2702 2427 2768; x_wconf 85' lang='grc'><strong>011111-</strong></span> 
     </span>
     <span class='ocr_line' id='line_1_16' title="bbox 571 2853 2426 2948; baseline -0.004 -20"><span class='ocrx_word' id='word_1_209' title='bbox 571 2864 734 2948; x_wconf 81' lang='lat' dir='ltr'><strong>rigamus</strong></span> <span class='ocrx_word' id='word_1_210' title='bbox 758 2860 890 2927; x_wconf 84' lang='lat' dir='ltr'><strong>ibidem</strong></span> <span class='ocrx_word' id='word_1_211' title='bbox 913 2858 1043 2924; x_wconf 89' lang='lat' dir='ltr'><strong>missus</strong></span> <span class='ocrx_word' id='word_1_212' title='bbox 1069 2854 1501 2942; x_wconf 83' lang='grc'><strong>000101,0111110010010</strong></span> <span class='ocrx_word' id='word_1_213' title='bbox 1525 2853 1689 2922; x_wconf 86' lang='lat' dir='ltr'><strong>eredibus</strong></span> <span class='ocrx_word' id='word_1_214' title='bbox 1712 2856 1824 2920; x_wconf 93' lang='lat' dir='ltr'><strong>totum</strong></span> <span class='ocrx_word' id='word_1_215' title='bbox 1850 2853 1927 2939; x_wconf 92' lang='lat' dir='ltr'><strong>ipso</strong></span> <span class='ocrx_word' id='word_1_216' title='bbox 1951 2857 2137 2923; x_wconf 89' lang='lat' dir='ltr'><strong>arbustum</strong></span> <span class='ocrx_word' id='word_1_217' title='bbox 2162 2857 2245 2922; x_wconf 91' lang='lat' dir='ltr'><strong>abto</strong></span> <span class='ocrx_word' id='word_1_218' title='bbox 2270 2859 2426 2940; x_wconf 87' lang='lat' dir='ltr'><strong>ternpore</strong></span> 
     </span>
     <span class='ocr_line' id='line_1_17' title="bbox 570 3005 2429 3098; baseline -0.004 -16"><span class='ocrx_word' id='word_1_219' title='bbox 570 3015 848 3098; x_wconf 84' lang='lat' dir='ltr'><strong>vindemiarent,</strong></span> <span class='ocrx_word' id='word_1_220' title='bbox 872 3009 972 3078; x_wconf 91' lang='lat' dir='ltr'><strong>sicud</strong></span> <span class='ocrx_word' id='word_1_221' title='bbox 996 3008 1189 3093; x_wconf 89' lang='lat' dir='ltr'><strong>meruerit,</strong></span> <span class='ocrx_word' id='word_1_222' title='bbox 1213 3011 1249 3074; x_wconf 92' lang='lat' dir='ltr'><strong>et</strong></span> <span class='ocrx_word' id='word_1_223' title='bbox 1273 3010 1382 3073; x_wconf 89' lang='lat' dir='ltr'><strong>totum</strong></span> <span class='ocrx_word' id='word_1_224' title='bbox 1408 3007 1483 3092; x_wconf 88' lang='lat' dir='ltr'><strong>ipso</strong></span> <span class='ocrx_word' id='word_1_225' title='bbox 1514 3005 1639 3072; x_wconf 89' lang='lat' dir='ltr'><strong>vinum</strong></span> <span class='ocrx_word' id='word_1_226' title='bbox 1664 3005 1784 3090; x_wconf 86' lang='lat' dir='ltr'><strong>ibique</strong></span> <span class='ocrx_word' id='word_1_227' title='bbox 1818 3006 1863 3073; x_wconf 89' lang='lat' dir='ltr'><strong>ad</strong></span> <span class='ocrx_word' id='word_1_228' title='bbox 1887 3007 2107 3092; x_wconf 90' lang='lat' dir='ltr'><strong>palmentum</strong></span> <span class='ocrx_word' id='word_1_229' title='bbox 2133 3007 2222 3074; x_wconf 92' lang='lat' dir='ltr'><strong>illud</strong></span> <span class='ocrx_word' id='word_1_230' title='bbox 2247 3008 2429 3074; x_wconf 90' lang='lat' dir='ltr'><strong>internos</strong></span> 
     </span>
     <span class='ocr_line' id='line_1_18' title="bbox 572 3158 2428 3250; baseline -0.006 -14"><span class='ocrx_word' id='word_1_231' title='bbox 572 3169 777 3236; x_wconf 86' lang='lat' dir='ltr'><strong>dividamus</strong></span> <span class='ocrx_word' id='word_1_232' title='bbox 799 3182 862 3250; x_wconf 91' lang='lat' dir='ltr'><strong>per</strong></span> <span class='ocrx_word' id='word_1_233' title='bbox 886 3161 1133 3229; x_wconf 87' lang='lat' dir='ltr'><strong>medietatem:</strong></span> <span class='ocrx_word' id='word_1_234' title='bbox 1158 3176 1224 3245; x_wconf 83' lang='lat' dir='ltr'><strong>ego</strong></span> <span class='ocrx_word' id='word_1_235' title='bbox 1247 3159 1303 3224; x_wconf 88' lang='lat' dir='ltr'><strong>vel</strong></span> <span class='ocrx_word' id='word_1_236' title='bbox 1326 3177 1411 3244; x_wconf 90' lang='lat' dir='ltr'><strong>pars</strong></span> <span class='ocrx_word' id='word_1_237' title='bbox 1436 3158 1546 3244; x_wconf 90' lang='lat' dir='ltr'><strong>ipsius</strong></span> <span class='ocrx_word' id='word_1_238' title='bbox 1571 3159 1718 3226; x_wconf 84' lang='lat' dir='ltr'><strong>ecclesie</strong></span> <span class='ocrx_word' id='word_1_239' title='bbox 1742 3159 1909 3227; x_wconf 90' lang='lat' dir='ltr'><strong>tollamus</strong></span> <span class='ocrx_word' id='word_1_240' title='bbox 1934 3159 2010 3245; x_wconf 91' lang='lat' dir='ltr'><strong>ipso</strong></span> <span class='ocrx_word' id='word_1_241' title='bbox 2034 3162 2157 3228; x_wconf 90' lang='lat' dir='ltr'><strong>vinum</strong></span> <span class='ocrx_word' id='word_1_242' title='bbox 2182 3159 2428 3244; x_wconf 82' lang='lat' dir='ltr'><strong>medietatem,</strong></span> 
     </span>
     <span class='ocr_line' id='line_1_19' title="bbox 568 3311 2427 3398; baseline -0.005 -9"><span class='ocrx_word' id='word_1_243' title='bbox 568 3327 603 3389; x_wconf 89' lang='lat' dir='ltr'><strong>et</strong></span> <span class='ocrx_word' id='word_1_244' title='bbox 629 3319 701 3387; x_wconf 92' lang='lat' dir='ltr'><strong>illis</strong></span> <span class='ocrx_word' id='word_1_245' title='bbox 724 3323 759 3386; x_wconf 88' lang='lat' dir='ltr'><strong>ot</strong></span> <span class='ocrx_word' id='word_1_246' title='bbox 783 3318 857 3384; x_wconf 91' lang='lat' dir='ltr'><strong>suis</strong></span> <span class='ocrx_word' id='word_1_247' title='bbox 879 3314 1043 3382; x_wconf 89' lang='lat' dir='ltr'><strong>eredibus</strong></span> <span class='ocrx_word' id='word_1_248' title='bbox 1067 3311 1178 3380; x_wconf 88' lang='lat' dir='ltr'><strong>tollad</strong></span> <span class='ocrx_word' id='word_1_249' title='bbox 1193 3311 1334 3398; x_wconf 91' lang='lat' dir='ltr'><strong>reliqua</strong></span> <span class='ocrx_word' id='word_1_250' title='bbox 1350 3313 1539 3381; x_wconf 89' lang='lat' dir='ltr'><strong>medietate</strong></span> <span class='ocrx_word' id='word_1_251' title='bbox 1556 3311 1598 3378; x_wconf 90' lang='lat' dir='ltr'><strong>de</strong></span> <span class='ocrx_word' id='word_1_252' title='bbox 1616 3314 1692 3397; x_wconf 92' lang='lat' dir='ltr'><strong>ipso</strong></span> <span class='ocrx_word' id='word_1_253' title='bbox 1708 3314 1853 3397; x_wconf 93' lang='lat' dir='ltr'><strong>vinum;</strong></span> <span class='ocrx_word' id='word_1_254' title='bbox 1877 3317 1913 3380; x_wconf 91' lang='lat' dir='ltr'><strong>et</strong></span> <span class='ocrx_word' id='word_1_255' title='bbox 1929 3331 2037 3398; x_wconf 90' lang='lat' dir='ltr'><strong>aquo</strong></span> <span class='ocrx_word' id='word_1_256' title='bbox 2061 3311 2184 3380; x_wconf 87' lang='lat' dir='ltr'><strong>vinum</strong></span> <span class='ocrx_word' id='word_1_257' title='bbox 2215 3315 2361 3398; x_wconf 85' lang='lat' dir='ltr'><strong>exierit,</strong></span> <span class='ocrx_word' id='word_1_258' title='bbox 2385 3313 2427 3380; x_wconf 89' lang='lat' dir='ltr'><strong>de</strong></span> 
     </span>
     <span class='ocr_line' id='line_1_20' title="bbox 573 3462 2426 3556; baseline -0.003 -17"><span class='ocrx_word' id='word_1_259' title='bbox 573 3472 662 3539; x_wconf 90' lang='lat' dir='ltr'><strong>illud</strong></span> <span class='ocrx_word' id='word_1_260' title='bbox 687 3469 779 3556; x_wconf 86' lang='lat' dir='ltr'><strong>quod</strong></span> <span class='ocrx_word' id='word_1_261' title='bbox 803 3470 841 3535; x_wconf 89' lang='lat' dir='ltr'><strong>in</strong></span> <span class='ocrx_word' id='word_1_262' title='bbox 866 3468 941 3552; x_wconf 89' lang='lat' dir='ltr'><strong>ipso</strong></span> <span class='ocrx_word' id='word_1_263' title='bbox 966 3469 1119 3533; x_wconf 89' lang='lat' dir='ltr'><strong>baouum</strong></span> <span class='ocrx_word' id='word_1_264' title='bbox 1142 3464 1204 3548; x_wconf 90' lang='lat' dir='ltr'><strong>qui</strong></span> <span class='ocrx_word' id='word_1_265' title='bbox 1229 3462 1326 3531; x_wconf 83' lang='lat' dir='ltr'><strong>infra</strong></span> <span class='ocrx_word' id='word_1_266' title='bbox 1350 3465 1425 3548; x_wconf 89' lang='grc'><strong>1000</strong></span> <span class='ocrx_word' id='word_1_267' title='bbox 1448 3464 1532 3531; x_wconf 90' lang='lat' dir='ltr'><strong>finis</strong></span> <span class='ocrx_word' id='word_1_268' title='bbox 1547 3467 1583 3531; x_wconf 93' lang='lat' dir='ltr'><strong>et</strong></span> <span class='ocrx_word' id='word_1_269' title='bbox 1597 3466 1777 3532; x_wconf 90' lang='lat' dir='ltr'><strong>mensurie</strong></span> <span class='ocrx_word' id='word_1_270' title='bbox 1801 3465 2088 3551; x_wconf 88' lang='lat' dir='ltr'><strong>pastenaberint,</strong></span> <span class='ocrx_word' id='word_1_271' title='bbox 2111 3467 2279 3534; x_wconf 85' lang='lat' dir='ltr'><strong>similiter</strong></span> <span class='ocrx_word' id='word_1_272' title='bbox 2296 3467 2426 3534; x_wconf 90' lang='lat' dir='ltr'><strong>medie-</strong></span> 
     </span>
     <span class='ocr_line' id='line_1_21' title="bbox 569 3615 2428 3707; baseline -0.001 -20"><span class='ocrx_word' id='word_1_273' title='bbox 569 3625 643 3690; x_wconf 87' lang='lat' dir='ltr'><strong>tate</strong></span> <span class='ocrx_word' id='word_1_274' title='bbox 669 3621 743 3707; x_wconf 90' lang='grc'><strong>1000</strong></span> <span class='ocrx_word' id='word_1_275' title='bbox 767 3622 890 3688; x_wconf 89' lang='lat' dir='ltr'><strong>vinum</strong></span> <span class='ocrx_word' id='word_1_276' title='bbox 914 3619 1016 3684; x_wconf 91' lang='lat' dir='ltr'><strong>nobis</strong></span> <span class='ocrx_word' id='word_1_277' title='bbox 1039 3617 1092 3683; x_wconf 88' lang='lat' dir='ltr'><strong>vel</strong></span> <span class='ocrx_word' id='word_1_278' title='bbox 1118 3617 1163 3685; x_wconf 88' lang='lat' dir='ltr'><strong>ad</strong></span> <span class='ocrx_word' id='word_1_279' title='bbox 1186 3634 1273 3702; x_wconf 90' lang='lat' dir='ltr'><strong>pars</strong></span> <span class='ocrx_word' id='word_1_280' title='bbox 1297 3616 1410 3702; x_wconf 90' lang='lat' dir='ltr'><strong>ipsius</strong></span> <span class='ocrx_word' id='word_1_281' title='bbox 1434 3615 1581 3682; x_wconf 83' lang='lat' dir='ltr'><strong>ecclesie</strong></span> <span class='ocrx_word' id='word_1_282' title='bbox 1598 3616 1683 3684; x_wconf 90' lang='lat' dir='ltr'><strong>dare</strong></span> <span class='ocrx_word' id='word_1_283' title='bbox 1700 3615 1922 3701; x_wconf 85' lang='lat' dir='ltr'><strong>annualiter,</strong></span> <span class='ocrx_word' id='word_1_284' title='bbox 1939 3619 1975 3682; x_wconf 91' lang='lat' dir='ltr'><strong>et</strong></span> <span class='ocrx_word' id='word_1_285' title='bbox 1992 3615 2135 3700; x_wconf 91' lang='lat' dir='ltr'><strong>reliqua</strong></span> <span class='ocrx_word' id='word_1_286' title='bbox 2152 3617 2341 3686; x_wconf 90' lang='lat' dir='ltr'><strong>medietate</strong></span> <span class='ocrx_word' id='word_1_287' title='bbox 2358 3619 2428 3685; x_wconf 88' lang='lat' dir='ltr'><strong>illis</strong></span> 
     </span>
     <span class='ocr_line' id='line_1_22' title="bbox 576 3771 2426 3865; baseline -0.002 -21"><span class='ocrx_word' id='word_1_288' title='bbox 576 3783 643 3849; x_wconf 82' lang='lat' dir='ltr'><strong>sivi</strong></span> <span class='ocrx_word' id='word_1_289' title='bbox 669 3782 788 3864; x_wconf 88' lang='lat' dir='ltr'><strong>abere,</strong></span> <span class='ocrx_word' id='word_1_290' title='bbox 813 3783 849 3846; x_wconf 92' lang='grc'><strong>01</strong></span> <span class='ocrx_word' id='word_1_291' title='bbox 871 3795 937 3865; x_wconf 83' lang='lat' dir='ltr'><strong>ego</strong></span> <span class='ocrx_word' id='word_1_292' title='bbox 952 3776 1008 3842; x_wconf 91' lang='lat' dir='ltr'><strong>vel</strong></span> <span class='ocrx_word' id='word_1_293' title='bbox 1024 3792 1109 3862; x_wconf 90' lang='lat' dir='ltr'><strong>pars</strong></span> <span class='ocrx_word' id='word_1_294' title='bbox 1127 3774 1238 3859; x_wconf 90' lang='lat' dir='ltr'><strong>ipsius</strong></span> <span class='ocrx_word' id='word_1_295' title='bbox 1253 3773 1402 3839; x_wconf 90' lang='lat' dir='ltr'><strong>ecclesie</strong></span> <span class='ocrx_word' id='word_1_296' title='bbox 1418 3771 1674 3856; x_wconf 84' lang='lat' dir='ltr'><strong>adsingnemus</strong></span> <span class='ocrx_word' id='word_1_297' title='bbox 1698 3789 1821 3839; x_wconf 90' lang='lat' dir='ltr'><strong>eorum</strong></span> <span class='ocrx_word' id='word_1_298' title='bbox 1845 3787 2043 3856; x_wconf 80' lang='lat' dir='ltr'><strong>organeum</strong></span> <span class='ocrx_word' id='word_1_299' title='bbox 2067 3790 2196 3838; x_wconf 82' lang='lat' dir='ltr'><strong>vonum</strong></span> <span class='ocrx_word' id='word_1_300' title='bbox 2220 3773 2266 3841; x_wconf 89' lang='lat' dir='ltr'><strong>da</strong></span> <span class='ocrx_word' id='word_1_301' title='bbox 2290 3775 2426 3862; x_wconf 91' lang='lat' dir='ltr'><strong>vinum,</strong></span> 
     </span>
     <span class='ocr_line' id='line_1_23' title="bbox 575 3923 2427 4016; baseline -0.006 -11"><span class='ocrx_word' id='word_1_302' title='bbox 575 3941 611 4006; x_wconf 92' lang='lat' dir='ltr'><strong>et</strong></span> <span class='ocrx_word' id='word_1_303' title='bbox 634 3934 706 4001; x_wconf 90' lang='lat' dir='ltr'><strong>illis</strong></span> <span class='ocrx_word' id='word_1_304' title='bbox 729 3936 765 3999; x_wconf 87' lang='lat' dir='ltr'><strong>et</strong></span> <span class='ocrx_word' id='word_1_305' title='bbox 787 3931 862 3998; x_wconf 87' lang='lat' dir='ltr'><strong>suis</strong></span> <span class='ocrx_word' id='word_1_306' title='bbox 885 3929 1051 3997; x_wconf 89' lang='lat' dir='ltr'><strong>eredibus</strong></span> <span class='ocrx_word' id='word_1_307' title='bbox 1073 3943 1270 4016; x_wconf 87' lang='lat' dir='ltr'><strong>organeum</strong></span> <span class='ocrx_word' id='word_1_308' title='bbox 1294 3927 1411 4010; x_wconf 89' lang='lat' dir='ltr'><strong>ipsum</strong></span> <span class='ocrx_word' id='word_1_309' title='bbox 1437 3940 1567 3991; x_wconf 89' lang='lat' dir='ltr'><strong>vonum</strong></span> <span class='ocrx_word' id='word_1_310' title='bbox 1594 3924 1803 3992; x_wconf 86' lang='lat' dir='ltr'><strong>conoiarent</strong></span> <span class='ocrx_word' id='word_1_311' title='bbox 1815 3973 1825 4010; x_wconf 97' lang='lat'><strong>,</strong></span> <span class='ocrx_word' id='word_1_312' title='bbox 1850 3923 1951 3990; x_wconf 90' lang='lat' dir='ltr'><strong>sicud</strong></span> <span class='ocrx_word' id='word_1_313' title='bbox 1975 3927 2168 4011; x_wconf 90' lang='lat' dir='ltr'><strong>meruerit,</strong></span> <span class='ocrx_word' id='word_1_314' title='bbox 2192 3931 2228 3994; x_wconf 91' lang='lat' dir='ltr'><strong>et</strong></span> <span class='ocrx_word' id='word_1_315' title='bbox 2251 3931 2427 4014; x_wconf 89' lang='lat' dir='ltr'><strong>reponant</strong></span> 
     </span>
     <span class='ocr_line' id='line_1_24' title="bbox 572 4072 2424 4174; baseline -0.004 -20"><span class='ocrx_word' id='word_1_316' title='bbox 572 4090 650 4174; x_wconf 90' lang='lat' dir='ltr'><strong>ipso</strong></span> <span class='ocrx_word' id='word_1_317' title='bbox 674 4101 871 4172; x_wconf 83' lang='lat' dir='ltr'><strong>organeum</strong></span> <span class='ocrx_word' id='word_1_318' title='bbox 894 4081 993 4148; x_wconf 89' lang='lat' dir='ltr'><strong>intus</strong></span> <span class='ocrx_word' id='word_1_319' title='bbox 1015 4078 1139 4146; x_wconf 91' lang='lat' dir='ltr'><strong>domus</strong></span> <span class='ocrx_word' id='word_1_320' title='bbox 1162 4094 1249 4163; x_wconf 87' lang='lat' dir='ltr'><strong>sua,</strong></span> <span class='ocrx_word' id='word_1_321' title='bbox 1273 4079 1309 4143; x_wconf 93' lang='grc'><strong>01</strong></span> <span class='ocrx_word' id='word_1_322' title='bbox 1331 4078 1507 4161; x_wconf 82' lang='grc'><strong>1000110111</strong></span> <span class='ocrx_word' id='word_1_323' title='bbox 1530 4073 1661 4141; x_wconf 90' lang='lat' dir='ltr'><strong>ibidem</strong></span> <span class='ocrx_word' id='word_1_324' title='bbox 1685 4072 1763 4160; x_wconf 89' lang='lat' dir='ltr'><strong>ipsa</strong></span> <span class='ocrx_word' id='word_1_325' title='bbox 1794 4079 1917 4142; x_wconf 89' lang='grc'><strong>1100110</strong></span> <span class='ocrx_word' id='word_1_326' title='bbox 1940 4076 2096 4142; x_wconf 89' lang='lat' dir='ltr'><strong>sortione</strong></span> <span class='ocrx_word' id='word_1_327' title='bbox 2119 4076 2162 4143; x_wconf 90' lang='lat' dir='ltr'><strong>de</strong></span> <span class='ocrx_word' id='word_1_328' title='bbox 2187 4078 2262 4163; x_wconf 91' lang='lat' dir='ltr'><strong>ipso</strong></span> <span class='ocrx_word' id='word_1_329' title='bbox 2286 4079 2424 4167; x_wconf 88' lang='lat' dir='ltr'><strong>vinum,</strong></span> 
     </span>
     <span class='ocr_line' id='line_1_25' title="bbox 572 4224 2428 4320; baseline -0.005 -12"><span class='ocrx_word' id='word_1_330' title='bbox 572 4245 609 4308; x_wconf 90' lang='lat' dir='ltr'><strong>et</strong></span> <span class='ocrx_word' id='word_1_331' title='bbox 630 4241 749 4308; x_wconf 87' lang='lat' dir='ltr'><strong>facere</strong></span> <span class='ocrx_word' id='word_1_332' title='bbox 772 4237 861 4304; x_wconf 90' lang='lat' dir='ltr'><strong>mihi</strong></span> <span class='ocrx_word' id='word_1_333' title='bbox 886 4233 940 4304; x_wconf 89' lang='lat' dir='ltr'><strong>vel</strong></span> <span class='ocrx_word' id='word_1_334' title='bbox 964 4233 1010 4301; x_wconf 91' lang='lat' dir='ltr'><strong>ad</strong></span> <span class='ocrx_word' id='word_1_335' title='bbox 1032 4249 1116 4318; x_wconf 89' lang='lat' dir='ltr'><strong>pars</strong></span> <span class='ocrx_word' id='word_1_336' title='bbox 1140 4230 1252 4317; x_wconf 87' lang='lat' dir='ltr'><strong>ipsius</strong></span> <span class='ocrx_word' id='word_1_337' title='bbox 1274 4227 1421 4320; x_wconf 85' lang='lat' dir='ltr'><strong>ecclesie</strong></span> <span class='ocrx_word' id='word_1_338' title='bbox 1455 4227 1530 4314; x_wconf 88' lang='lat' dir='ltr'><strong>ipso</strong></span> <span class='ocrx_word' id='word_1_339' title='bbox 1554 4225 1677 4292; x_wconf 91' lang='lat' dir='ltr'><strong>vinum</strong></span> <span class='ocrx_word' id='word_1_340' title='bbox 1701 4224 1863 4312; x_wconf 90' lang='lat' dir='ltr'><strong>salbum,</strong></span> <span class='ocrx_word' id='word_1_341' title='bbox 1889 4225 1973 4292; x_wconf 91' lang='lat' dir='ltr'><strong>dum</strong></span> <span class='ocrx_word' id='word_1_342' title='bbox 1999 4225 2087 4293; x_wconf 92' lang='lat' dir='ltr'><strong>illud</strong></span> <span class='ocrx_word' id='word_1_343' title='bbox 2112 4227 2195 4297; x_wconf 90' lang='lat' dir='ltr'><strong>inde</strong></span> <span class='ocrx_word' id='word_1_344' title='bbox 2219 4231 2428 4318; x_wconf 87' lang='grc'><strong>1010110100,</strong></span> 
     </span>
     <span class='ocr_line' id='line_1_26' title="bbox 572 4375 2425 4478; baseline -0.008 -14"><span class='ocrx_word' id='word_1_345' title='bbox 572 4397 707 4478; x_wconf 87' lang='lat' dir='ltr'><strong>absque</strong></span> <span class='ocrx_word' id='word_1_346' title='bbox 729 4388 1007 4478; x_wconf 84' lang='lat' dir='ltr'><strong>degeneratione</strong></span> <span class='ocrx_word' id='word_1_347' title='bbox 1030 4389 1066 4454; x_wconf 90' lang='lat' dir='ltr'><strong>et</strong></span> <span class='ocrx_word' id='word_1_348' title='bbox 1089 4385 1200 4471; x_wconf 82' lang='lat' dir='ltr'><strong>ingne</strong></span> <span class='ocrx_word' id='word_1_349' title='bbox 1223 4385 1260 4449; x_wconf 93' lang='lat' dir='ltr'><strong>et</strong></span> <span class='ocrx_word' id='word_1_350' title='bbox 1283 4400 1424 4466; x_wconf 84' lang='lat' dir='ltr'><strong>mures3</strong></span> <span class='ocrx_word' id='word_1_351' title='bbox 1448 4386 1484 4448; x_wconf 90' lang='lat' dir='ltr'><strong>et</strong></span> <span class='ocrx_word' id='word_1_352' title='bbox 1510 4381 1541 4448; x_wconf 90' lang='lat' dir='ltr'><strong>si</strong></span> <span class='ocrx_word' id='word_1_353' title='bbox 1568 4395 1639 4444; x_wconf 92' lang='lat' dir='ltr'><strong>non</strong></span> <span class='ocrx_word' id='word_1_354' title='bbox 1662 4375 1815 4444; x_wconf 88' lang='lat' dir='ltr'><strong>voluerit</strong></span> <span class='ocrx_word' id='word_1_355' title='bbox 1839 4395 1924 4462; x_wconf 90' lang='lat' dir='ltr'><strong>pars</strong></span> <span class='ocrx_word' id='word_1_356' title='bbox 1947 4379 2059 4464; x_wconf 88' lang='lat' dir='ltr'><strong>ipsius</strong></span> <span class='ocrx_word' id='word_1_357' title='bbox 2082 4379 2229 4450; x_wconf 90' lang='lat' dir='ltr'><strong>ecclesie</strong></span> <span class='ocrx_word' id='word_1_358' title='bbox 2254 4402 2425 4470; x_wconf 89' lang='lat' dir='ltr'><strong>reponere</strong></span> 
     </span>
     <span class='ocr_line' id='line_1_27' title="bbox 572 4529 2423 4636; baseline -0.006 -19"><span class='ocrx_word' id='word_1_359' title='bbox 572 4551 651 4636; x_wconf 89' lang='lat' dir='ltr'><strong>ipso</strong></span> <span class='ocrx_word' id='word_1_360' title='bbox 674 4547 799 4614; x_wconf 91' lang='lat' dir='ltr'><strong>vinum</strong></span> <span class='ocrx_word' id='word_1_361' title='bbox 823 4544 922 4611; x_wconf 91' lang='lat' dir='ltr'><strong>intus</strong></span> <span class='ocrx_word' id='word_1_362' title='bbox 944 4541 1068 4608; x_wconf 91' lang='lat' dir='ltr'><strong>domus</strong></span> <span class='ocrx_word' id='word_1_363' title='bbox 1092 4539 1252 4624; x_wconf 88' lang='lat' dir='ltr'><strong>illorum,</strong></span> <span class='ocrx_word' id='word_1_364' title='bbox 1277 4535 1349 4603; x_wconf 90' lang='lat' dir='ltr'><strong>illis</strong></span> <span class='ocrx_word' id='word_1_365' title='bbox 1372 4539 1408 4602; x_wconf 91' lang='grc'><strong>01</strong></span> <span class='ocrx_word' id='word_1_366' title='bbox 1424 4535 1499 4602; x_wconf 88' lang='grc'><strong>0010</strong></span> <span class='ocrx_word' id='word_1_367' title='bbox 1514 4531 1678 4600; x_wconf 83' lang='grc'><strong>0101111100</strong></span> <span class='ocrx_word' id='word_1_368' title='bbox 1702 4529 1791 4598; x_wconf 92' lang='lat' dir='ltr'><strong>illud</strong></span> <span class='ocrx_word' id='word_1_369' title='bbox 1806 4534 1949 4616; x_wconf 89' lang='lat' dir='ltr'><strong>portare</strong></span> <span class='ocrx_word' id='word_1_370' title='bbox 1966 4549 2077 4616; x_wconf 88' lang='lat' dir='ltr'><strong>usque</strong></span> <span class='ocrx_word' id='word_1_371' title='bbox 2092 4534 2138 4601; x_wconf 93' lang='lat' dir='ltr'><strong>ad</strong></span> <span class='ocrx_word' id='word_1_372' title='bbox 2154 4534 2313 4624; x_wconf 89' lang='lat' dir='ltr'><strong>cellario,</strong></span> <span class='ocrx_word' id='word_1_373' title='bbox 2330 4539 2423 4624; x_wconf 89' lang='lat' dir='ltr'><strong>quod</strong></span> 
     </span>
     <span class='ocr_line' id='line_1_28' title="bbox 573 4677 2425 4786; baseline -0.013 -22"><span class='ocrx_word' id='word_1_374' title='bbox 573 4715 660 4786; x_wconf 87' lang='lat' dir='ltr'><strong>pars</strong></span> <span class='ocrx_word' id='word_1_375' title='bbox 686 4695 800 4782; x_wconf 90' lang='lat' dir='ltr'><strong>ipsius</strong></span> <span class='ocrx_word' id='word_1_376' title='bbox 822 4694 969 4761; x_wconf 89' lang='lat' dir='ltr'><strong>ecclesie</strong></span> <span class='ocrx_word' id='word_1_377' title='bbox 994 4693 1096 4760; x_wconf 90' lang='lat' dir='ltr'><strong>abuit</strong></span> <span class='ocrx_word' id='word_1_378' title='bbox 1119 4691 1159 4756; x_wconf 91' lang='lat' dir='ltr'><strong>in</strong></span> <span class='ocrx_word' id='word_1_379' title='bbox 1182 4691 1259 4776; x_wconf 89' lang='grc'><strong>1000</strong></span> <span class='ocrx_word' id='word_1_380' title='bbox 1283 4687 1399 4753; x_wconf 88' lang='grc'><strong>100010</strong></span> <span class='ocrx_word' id='word_1_381' title='bbox 1415 4682 1564 4750; x_wconf 85' lang='grc'><strong>0000110</strong></span> <span class='ocrx_word' id='word_1_382' title='bbox 1581 4699 1603 4748; x_wconf 93' lang='grc'><strong>0</strong></span> <span class='ocrx_word' id='word_1_383' title='bbox 1621 4677 1647 4745; x_wconf 89' lang='grc'><strong>11</strong></span> <span class='ocrx_word' id='word_1_384' title='bbox 1662 4678 1787 4763; x_wconf 81' lang='lat' dir='ltr'><strong>parili,</strong></span> <span class='ocrx_word' id='word_1_385' title='bbox 1812 4681 1849 4744; x_wconf 95' lang='grc'><strong>01</strong></span> <span class='ocrx_word' id='word_1_386' title='bbox 1871 4683 2047 4764; x_wconf 88' lang='lat' dir='ltr'><strong>reponant</strong></span> <span class='ocrx_word' id='word_1_387' title='bbox 2062 4681 2151 4749; x_wconf 92' lang='lat' dir='ltr'><strong>illud</strong></span> <span class='ocrx_word' id='word_1_388' title='bbox 2167 4685 2206 4750; x_wconf 92' lang='lat' dir='ltr'><strong>in</strong></span> <span class='ocrx_word' id='word_1_389' title='bbox 2223 4689 2298 4774; x_wconf 91' lang='lat' dir='ltr'><strong>ipso</strong></span> <span class='ocrx_word' id='word_1_390' title='bbox 2321 4708 2425 4776; x_wconf 64' lang='lat' dir='ltr'><strong>erga.</strong></span> 
     </span>
     <span class='ocr_line' id='line_1_29' title="bbox 573 4817 2423 4932; baseline -0.003 -14"><span class='ocrx_word' id='word_1_391' title='bbox 573 4867 683 4920; x_wconf 91' lang='lat' dir='ltr'><strong>neum</strong></span> <span class='ocrx_word' id='word_1_392' title='bbox 706 4845 800 4932; x_wconf 91' lang='lat' dir='ltr'><strong>quod</strong></span> <span class='ocrx_word' id='word_1_393' title='bbox 817 4861 940 4911; x_wconf 89' lang='lat' dir='ltr'><strong>eorum</strong></span> <span class='ocrx_word' id='word_1_394' title='bbox 956 4817 1306 4927; x_wconf 55' lang='lat' dir='ltr'><strong>adsingnarerimuS,</strong></span> <span class='ocrx_word' id='word_1_395' title='bbox 1323 4842 1358 4904; x_wconf 92' lang='lat' dir='ltr'><strong>et</strong></span> <span class='ocrx_word' id='word_1_396' title='bbox 1374 4837 1449 4921; x_wconf 91' lang='grc'><strong>1000</strong></span> <span class='ocrx_word' id='word_1_397' title='bbox 1464 4850 1661 4919; x_wconf 84' lang='lat' dir='ltr'><strong>organeum</strong></span> <span class='ocrx_word' id='word_1_398' title='bbox 1676 4850 1739 4916; x_wconf 89' lang='lat' dir='ltr'><strong>per</strong></span> <span class='ocrx_word' id='word_1_399' title='bbox 1755 4827 1828 4896; x_wconf 89' lang='lat' dir='ltr'><strong>illis</strong></span> <span class='ocrx_word' id='word_1_400' title='bbox 1844 4831 1922 4900; x_wconf 89' lang='lat' dir='ltr'><strong>siad</strong></span> <span class='ocrx_word' id='word_1_401' title='bbox 1939 4849 2069 4902; x_wconf 89' lang='lat' dir='ltr'><strong>vonum</strong></span> <span class='ocrx_word' id='word_1_402' title='bbox 2084 4839 2299 4926; x_wconf 89' lang='lat' dir='ltr'><strong>conciatum,</strong></span> <span class='ocrx_word' id='word_1_403' title='bbox 2323 4847 2423 4913; x_wconf 89' lang='lat' dir='ltr'><strong>sicud</strong></span> 
     </span>
     <span class='ocr_line' id='line_1_30' title="bbox 573 4983 2425 5084; baseline -0.002 -15"><span class='ocrx_word' id='word_1_404' title='bbox 573 4999 765 5084; x_wconf 89' lang='lat' dir='ltr'><strong>meruerit,</strong></span> <span class='ocrx_word' id='word_1_405' title='bbox 790 4999 826 5064; x_wconf 90' lang='grc'><strong>01</strong></span> <span class='ocrx_word' id='word_1_406' title='bbox 849 4997 926 5080; x_wconf 88' lang='grc'><strong>1000</strong></span> <span class='ocrx_word' id='word_1_407' title='bbox 949 4993 1097 5060; x_wconf 91' lang='lat' dir='ltr'><strong>missum</strong></span> <span class='ocrx_word' id='word_1_408' title='bbox 1121 4990 1261 5058; x_wconf 88' lang='lat' dir='ltr'><strong>nutrire</strong></span> <span class='ocrx_word' id='word_1_409' title='bbox 1289 4986 1484 5055; x_wconf 88' lang='lat' dir='ltr'><strong>secundum</strong></span> <span class='ocrx_word' id='word_1_410' title='bbox 1507 5004 1574 5053; x_wconf 90' lang='lat' dir='ltr'><strong>sua</strong></span> <span class='ocrx_word' id='word_1_411' title='bbox 1599 4983 1855 5071; x_wconf 88' lang='lat' dir='ltr'><strong>possivililate,</strong></span> <span class='ocrx_word' id='word_1_412' title='bbox 1880 4990 1916 5054; x_wconf 92' lang='lat' dir='ltr'><strong>et</strong></span> <span class='ocrx_word' id='word_1_413' title='bbox 1937 4986 2046 5056; x_wconf 90' lang='lat' dir='ltr'><strong>deant</strong></span> <span class='ocrx_word' id='word_1_414' title='bbox 2079 4991 2168 5057; x_wconf 90' lang='grc'><strong>101111</strong></span> <span class='ocrx_word' id='word_1_415' title='bbox 2193 4994 2248 5061; x_wconf 88' lang='lat' dir='ltr'><strong>vel</strong></span> <span class='ocrx_word' id='word_1_416' title='bbox 2271 4996 2316 5064; x_wconf 90' lang='lat' dir='ltr'><strong>ad</strong></span> <span class='ocrx_word' id='word_1_417' title='bbox 2341 5017 2425 5083; x_wconf 89' lang='lat' dir='ltr'><strong>pars</strong></span> 
     </span>
     <span class='ocr_line' id='line_1_31' title="bbox 574 5137 2424 5242; baseline -0.001 -22"><span class='ocrx_word' id='word_1_418' title='bbox 574 5152 688 5242; x_wconf 88' lang='lat' dir='ltr'><strong>ipsius</strong></span> <span class='ocrx_word' id='word_1_419' title='bbox 710 5145 858 5217; x_wconf 88' lang='lat' dir='ltr'><strong>ecclesie</strong></span> <span class='ocrx_word' id='word_1_420' title='bbox 882 5143 1157 5232; x_wconf 89' lang='lat' dir='ltr'><strong>palmentateca,</strong></span> <span class='ocrx_word' id='word_1_421' title='bbox 1174 5139 1274 5208; x_wconf 91' lang='lat' dir='ltr'><strong>sicud</strong></span> <span class='ocrx_word' id='word_1_422' title='bbox 1296 5138 1481 5222; x_wconf 84' lang='lat' dir='ltr'><strong>meruerit3</strong></span> <span class='ocrx_word' id='word_1_423' title='bbox 1498 5140 1534 5204; x_wconf 93' lang='lat' dir='ltr'><strong>et</strong></span> <span class='ocrx_word' id='word_1_424' title='bbox 1555 5155 1623 5223; x_wconf 90' lang='lat' dir='ltr'><strong>que</strong></span> <span class='ocrx_word' id='word_1_425' title='bbox 1648 5137 1772 5205; x_wconf 92' lang='lat' dir='ltr'><strong>amodo</strong></span> <span class='ocrx_word' id='word_1_426' title='bbox 1786 5141 1822 5206; x_wconf 91' lang='lat' dir='ltr'><strong>et</strong></span> <span class='ocrx_word' id='word_1_427' title='bbox 1838 5156 1976 5226; x_wconf 90' lang='lat' dir='ltr'><strong>semper</strong></span> <span class='ocrx_word' id='word_1_428' title='bbox 1994 5140 2126 5210; x_wconf 91' lang='lat' dir='ltr'><strong>ibidem</strong></span> <span class='ocrx_word' id='word_1_429' title='bbox 2150 5147 2424 5236; x_wconf 79' lang='lat' dir='ltr'><strong>seminaberint,</strong></span> 
     </span>
    </p>
   </div>
   <div class='ocr_carea' id='block_1_3' title="bbox 572 5289 2425 5383">
    <p class='ocr_par' dir='ltr' id='par_1_3' title="bbox 572 5289 2425 5383">
     <span class='ocr_line' id='line_1_32' title="bbox 572 5289 2425 5383; baseline -0.002 -11"><span class='ocrx_word' id='word_1_430' title='bbox 572 5303 683 5372; x_wconf 89' lang='lat' dir='ltr'><strong>deant</strong></span> <span class='ocrx_word' id='word_1_431' title='bbox 706 5302 810 5367; x_wconf 88' lang='lat' dir='ltr'><strong>nobis</strong></span> <span class='ocrx_word' id='word_1_432' title='bbox 833 5298 888 5365; x_wconf 86' lang='lat' dir='ltr'><strong>vel</strong></span> <span class='ocrx_word' id='word_1_433' title='bbox 904 5298 950 5366; x_wconf 90' lang='lat' dir='ltr'><strong>ad</strong></span> <span class='ocrx_word' id='word_1_434' title='bbox 966 5311 1051 5383; x_wconf 88' lang='lat' dir='ltr'><strong>pars</strong></span> <span class='ocrx_word' id='word_1_435' title='bbox 1075 5292 1187 5379; x_wconf 88' lang='lat' dir='ltr'><strong>ipsius</strong></span> <span class='ocrx_word' id='word_1_436' title='bbox 1208 5291 1354 5358; x_wconf 87' lang='lat' dir='ltr'><strong>ecclesie</strong></span> <span class='ocrx_word' id='word_1_437' title='bbox 1378 5289 1586 5357; x_wconf 89' lang='lat' dir='ltr'><strong>annualiter</strong></span> <span class='ocrx_word' id='word_1_438' title='bbox 1609 5293 1821 5360; x_wconf 88' lang='lat' dir='ltr'><strong>terraticum</strong></span> <span class='ocrx_word' id='word_1_439' title='bbox 1845 5294 2040 5361; x_wconf 90' lang='lat' dir='ltr'><strong>secundum</strong></span> <span class='ocrx_word' id='word_1_440' title='bbox 2063 5299 2356 5368; x_wconf 87' lang='lat' dir='ltr'><strong>consuetudinem</strong></span> <span class='ocrx_word' id='word_1_441' title='bbox 2381 5303 2425 5370; x_wconf 91' lang='lat' dir='ltr'><strong>de</strong></span> 
     </span>
    </p>
   </div>
   <div class='ocr_carea' id='block_1_4' title="bbox 573 5443 2424 5543">
    <p class='ocr_par' dir='ltr' id='par_1_4' title="bbox 573 5443 2424 5543">
     <span class='ocr_line' id='line_1_33' title="bbox 573 5443 2424 5543; baseline -0.002 -19"><span class='ocrx_word' id='word_1_442' title='bbox 573 5457 649 5543; x_wconf 88' lang='lat' dir='ltr'><strong>ipso</strong></span> <span class='ocrx_word' id='word_1_443' title='bbox 673 5454 789 5522; x_wconf 91' lang='lat' dir='ltr'><strong>locum</strong></span> <span class='ocrx_word' id='word_1_444' title='bbox 801 5473 811 5540; x_wconf 93' lang='lat'>;</span> <span class='ocrx_word' id='word_1_445' title='bbox 836 5457 871 5521; x_wconf 92' lang='lat' dir='ltr'><strong>et</strong></span> <span class='ocrx_word' id='word_1_446' title='bbox 894 5452 999 5538; x_wconf 89' lang='lat' dir='ltr'><strong>quale</strong></span> <span class='ocrx_word' id='word_1_447' title='bbox 1023 5454 1181 5534; x_wconf 91' lang='lat' dir='ltr'><strong>tempore</strong></span> <span class='ocrx_word' id='word_1_448' title='bbox 1197 5443 1271 5512; x_wconf 93' lang='lat' dir='ltr'><strong>illis</strong></span> <span class='ocrx_word' id='word_1_449' title='bbox 1286 5447 1322 5510; x_wconf 91' lang='lat' dir='ltr'><strong>et</strong></span> <span class='ocrx_word' id='word_1_450' title='bbox 1337 5444 1412 5510; x_wconf 90' lang='lat' dir='ltr'><strong>suis</strong></span> <span class='ocrx_word' id='word_1_451' title='bbox 1427 5443 1592 5510; x_wconf 88' lang='lat' dir='ltr'><strong>eredibus</strong></span> <span class='ocrx_word' id='word_1_452' title='bbox 1616 5444 1742 5514; x_wconf 88' lang='lat' dir='ltr'><strong>inclita</strong></span> <span class='ocrx_word' id='word_1_453' title='bbox 1765 5445 1843 5532; x_wconf 88' lang='lat' dir='ltr'><strong>ipsa</strong></span> <span class='ocrx_word' id='word_1_454' title='bbox 1866 5446 2034 5516; x_wconf 89' lang='lat' dir='ltr'><strong>tradiotio</strong></span> <span class='ocrx_word' id='word_1_455' title='bbox 2057 5453 2179 5518; x_wconf 90' lang='lat' dir='ltr'><strong>tenere</strong></span> <span class='ocrx_word' id='word_1_456' title='bbox 2201 5455 2238 5518; x_wconf 89' lang='lat' dir='ltr'><strong>et</strong></span> <span class='ocrx_word' id='word_1_457' title='bbox 2259 5453 2424 5523; x_wconf 88' lang='lat' dir='ltr'><strong>lavorare</strong></span> 
     </span>
    </p>
   </div>
   <div class='ocr_carea' id='block_1_5' title="bbox 573 5595 2430 5696">
    <p class='ocr_par' dir='ltr' id='par_1_5' title="bbox 573 5595 2430 5696">
     <span class='ocr_line' id='line_1_34' title="bbox 573 5595 2430 5696; baseline 0.001 -22"><span class='ocrx_word' id='word_1_458' title='bbox 573 5625 646 5675; x_wconf 89' lang='lat' dir='ltr'><strong>non</strong></span> <span class='ocrx_word' id='word_1_459' title='bbox 661 5607 842 5676; x_wconf 89' lang='lat' dir='ltr'><strong>boluerint</strong></span> <span class='ocrx_word' id='word_1_460' title='bbox 873 5603 1038 5674; x_wconf 91' lang='lat' dir='ltr'><strong>inclitum</strong></span> <span class='ocrx_word' id='word_1_461' title='bbox 1062 5598 1152 5670; x_wconf 89' lang='lat' dir='ltr'><strong>illud</strong></span> <span class='ocrx_word' id='word_1_462' title='bbox 1167 5597 1367 5666; x_wconf 87' lang='lat' dir='ltr'><strong>lavoratum</strong></span> <span class='ocrx_word' id='word_1_463' title='bbox 1391 5601 1426 5664; x_wconf 89' lang='lat' dir='ltr'><strong>et</strong></span> <span class='ocrx_word' id='word_1_464' title='bbox 1449 5595 1625 5666; x_wconf 91' lang='lat' dir='ltr'><strong>cultatum</strong></span> <span class='ocrx_word' id='word_1_465' title='bbox 1649 5599 1837 5668; x_wconf 90' lang='lat' dir='ltr'><strong>remittant</strong></span> <span class='ocrx_word' id='word_1_466' title='bbox 1859 5601 1904 5670; x_wconf 93' lang='lat' dir='ltr'><strong>ad</strong></span> <span class='ocrx_word' id='word_1_467' title='bbox 1927 5603 2098 5688; x_wconf 87' lang='lat' dir='ltr'><strong>potestate</strong></span> <span class='ocrx_word' id='word_1_468' title='bbox 2122 5603 2235 5689; x_wconf 85' lang='lat' dir='ltr'><strong>ipsius</strong></span> <span class='ocrx_word' id='word_1_469' title='bbox 2258 5605 2430 5696; x_wconf 87' lang='grc'><strong>00010010,</strong></span> 
     </span>
    </p>
   </div>
   <div class='ocr_carea' id='block_1_6' title="bbox 573 5749 2427 5838">
    <p class='ocr_par' dir='ltr' id='par_1_6' title="bbox 573 5749 2427 5838">
     <span class='ocr_line' id='line_1_35' title="bbox 573 5749 2427 5838; baseline 0.001 -12"><span class='ocrx_word' id='word_1_470' title='bbox 573 5763 610 5826; x_wconf 88' lang='grc'><strong>01</strong></span> <span class='ocrx_word' id='word_1_471' title='bbox 632 5757 746 5827; x_wconf 86' lang='lat' dir='ltr'><strong>licead</strong></span> <span class='ocrx_word' id='word_1_472' title='bbox 770 5756 843 5824; x_wconf 89' lang='lat' dir='ltr'><strong>illis</strong></span> <span class='ocrx_word' id='word_1_473' title='bbox 866 5763 902 5826; x_wconf 93' lang='lat' dir='ltr'><strong>et</strong></span> <span class='ocrx_word' id='word_1_474' title='bbox 926 5756 1001 5826; x_wconf 89' lang='lat' dir='ltr'><strong>suis</strong></span> <span class='ocrx_word' id='word_1_475' title='bbox 1023 5755 1188 5826; x_wconf 87' lang='lat' dir='ltr'><strong>eredibus</strong></span> <span class='ocrx_word' id='word_1_476' title='bbox 1211 5749 1294 5821; x_wconf 92' lang='lat' dir='ltr'><strong>inde</strong></span> <span class='ocrx_word' id='word_1_477' title='bbox 1318 5749 1523 5818; x_wconf 90' lang='lat' dir='ltr'><strong>disturbare</strong></span> <span class='ocrx_word' id='word_1_478' title='bbox 1548 5751 1623 5836; x_wconf 91' lang='grc'><strong>1000</strong></span> <span class='ocrx_word' id='word_1_479' title='bbox 1647 5749 1825 5838; x_wconf 90' lang='lat' dir='ltr'><strong>reditum,</strong></span> <span class='ocrx_word' id='word_1_480' title='bbox 1848 5757 1884 5820; x_wconf 91' lang='lat' dir='ltr'><strong>et</strong></span> <span class='ocrx_word' id='word_1_481' title='bbox 1907 5757 2067 5822; x_wconf 76' lang='lat' dir='ltr'><strong>exoteret</strong></span> <span class='ocrx_word' id='word_1_482' title='bbox 2097 5757 2181 5823; x_wconf 90' lang='lat' dir='ltr'><strong>inde</strong></span> <span class='ocrx_word' id='word_1_483' title='bbox 2212 5758 2328 5826; x_wconf 88' lang='lat' dir='ltr'><strong>omnis</strong></span> <span class='ocrx_word' id='word_1_484' title='bbox 2359 5777 2427 5829; x_wconf 88' lang='lat' dir='ltr'><strong>sua</strong></span> 
     </span>
    </p>
   </div>
   <div class='ocr_carea' id='block_1_7' title="bbox 0 0 2692 7092">
    <p class='ocr_par' dir='ltr' id='par_1_7' title="bbox 0 0 2692 7092">
     <span class='ocr_line' id='line_1_36' title="bbox 0 0 2692 7092; baseline 0 0"><span class='ocrx_word' id='word_1_485' title='bbox 0 0 2692 7092; x_wconf 95' lang='lat' dir='ltr'><strong> </strong></span> 
     </span>
    </p>
   </div>
  </div>
 </body>
</html>
