5376 7104
597 540 668 632 aar
1247 541 1420 615 cooux
1450 541 1715 620 cuvausrs

547 785 636 838 nere
659 765 846 856 obligabit,
870 773 905 837 et
928 787 1063 856 eaque
1085 768 1299 858 prelegitur,
1323 789 1386 858 per
1409 770 1534 839 invitis
1558 770 1660 838 nobis
1684 767 1870 856 adinpleat
1889 786 1952 854 per
1968 767 2174 854 supradicta
2190 765 2340 854 guadia,
2362 771 2400 836 et

546 921 758 990 tamdictum
782 920 1031 1008 mediatorem,
1055 925 1091 990 et
1114 939 1207 1008 pena
1230 921 1407 1008 obligata,

591 1073 675 1142 Alia
698 1073 815 1161 igitur
838 1072 975 1161 guadia
1001 1072 1110 1142 michi
1133 1074 1230 1143 dedit
1254 1074 1330 1162 ipse
1352 1077 1624 1163 prenominatus
1648 1075 1828 1164 radelpoto
1852 1081 1888 1145 et
1903 1075 2149 1163 supradictum
2166 1071 2398 1142 mediatorem

547 1197 652 1294 nobis
675 1227 794 1313 posuit
816 1245 859 1296 ea
882 1228 1036 1314 ratione,
1061 1231 1102 1295 ut
1123 1227 1155 1294 si
1171 1227 1248 1295 dies
1264 1227 1423 1297 ebocatio
1440 1229 1613 1316 cbenerit,
1638 1233 1673 1297 et
1690 1230 1768 1318 ipsa
1784 1228 2038 1316 prenominata
2061 1227 2179 1296 maria
2196 1241 2310 1293 uxore
2334 1241 2400 1294 sua

546 1397 595 1447 ex
618 1397 658 1446 oc
682 1381 799 1448 seculo
822 1379 976 1448 hobierit
989 1430 999 1467 ,
1030 1383 1066 1447 et
1095 1379 1211 1448 filium
1237 1379 1293 1449 vel
1321 1380 1432 1451 liliam
1462 1397 1534 1449 non
1558 1380 1766 1469 reliquerit,
1791 1384 1832 1449 ut
1853 1381 2029 1467 quantum
2052 1376 2298 1466 deportaberit
2322 1377 2399 1463 ipsa

548 1532 799 1619 prenominata
822 1531 937 1600 maria
960 1549 1073 1600 uxore
1095 1549 1163 1599 sua
1185 1535 1222 1598 et
1245 1549 1308 1618 pro
1331 1531 1577 1600 benedictione
1593 1531 1671 1599 eius
1687 1531 1785 1599 dedit
1801 1530 1934 1598 lodoico
1958 1530 2032 1598 filio
2049 1529 2208 1616 landoni,
2226 1532 2268 1596 ut
2285 1531 2396 1596 totum

494 1702 497 1710 ·
550 1687 588 1752 et
611 1684 794 1770 integrum
818 1685 978 1751 rebertar
1002 1681 1046 1749 ad
1071 1682 1149 1768 ipsa
1172 1682 1324 1751 ecelesia
1349 1682 1467 1751 sancti
1491 1683 1687 1770 iohanniS,
1712 1683 1774 1750 ubi
1798 1683 1925 1750 domno
1949 1681 2144 1752 alexander
2167 1683 2277 1750 abbas
2299 1680 2394 1767 regi·

549 1851 633 1903 men
657 1791 780 1904 tenere
803 1853 879 1902 esse
902 1833 1057 1921 videtur,
1075 1834 1233 1920 qualiter
1248 1835 1519 1921 prenominatus
1543 1833 1679 1904 lodoico
1702 1835 1748 1903 ad
1770 1853 1874 1903 suum
1897 1833 2060 1902 hobitum
2083 1831 2258 1902 iudicabit
2281 1838 2317 1901 et
2339 1849 2396 1900 eo·

549 2005 631 2056 rum
653 1987 813 2056 continet
836 1987 1034 2074 scriptum,
1057 1991 1097 2055 ut
1123 1991 1300 2074 quantum
1327 1989 1458 2058 exinde
1485 1988 1650 2076 paruerit
1673 1989 1734 2056 illo
1757 1995 1929 2077 tempore,
1954 1987 2097 2076 quando
2120 1989 2163 2057 de
2187 1989 2254 2055 hoc
2280 1986 2398 2056 seculo

550 2141 758 2230 excesserit,
783 2149 819 2212 et
841 2143 1030 2211 iubentum
1044 2143 1175 2211 exinde
1191 2143 1317 2230 suerit,
1336 2147 1376 2210 ut
1391 2146 1507 2212 toturn
1529 2149 1565 2212 et
1589 2144 1772 2230 integrum
1795 2145 1957 2212 rebertar
1974 2141 2019 2209 ad
2034 2142 2113 2227 ipsa
2130 2141 2272 2248 prefata
2288 2141 2397 2209 eccle·

550 2297 607 2366 sia
631 2317 737 2383 quam
760 2296 844 2364 olim
873 2297 1030 2384 predixi,
1062 2299 1196 2382 absque
1227 2296 1510 2365 contradictione
1534 2296 1646 2383 ipsius
1669 2295 1844 2383 radelpoti
1868 2299 1905 2364 et
1928 2295 1971 2363 de
1992 2295 2070 2363 eius
2093 2294 2273 2363 eredibus.
2299 2293 2395 2371 Quod
2490 2271 2493 2275 ¹

553 2448 584 2515 si
608 2447 729 2516 taliter
753 2446 862 2515 michi
878 2447 1017 2535 meique
1033 2447 1198 2516 eredibus
1213 2466 1276 2533 per
1291 2446 1476 2515 hordiuem
1500 2447 1685 2534 adinplere
1701 2448 1858 2516 noluerit
1873 2449 1911 2514 et
1926 2445 2048 2533 aliqua
2063 2447 2262 2515 intentione
2279 2444 2395 2511 nobis-

549 2617 632 2666 cum
655 2597 787 2666 exinde
811 2600 972 2667 excitare
987 2596 1153 2682 voluerit,
1177 2600 1264 2663 tunc
1279 2596 1409 2684 viginti
1426 2597 1530 2665 solidi
1553 2600 1770 2668 constantini
1786 2599 1888 2667 nobis
1904 2597 2105 2684 nostrisque
2120 2596 2287 2665 eredibus
2304 2613 2399 2665 com·

546 2772 679 2841 ponere
703 2753 917 2842 hobligabit,
941 2759 976 2822 et
998 2774 1042 2823 ea
1062 2773 1130 2840 que
1146 2753 1356 2841 prelegitur,
1374 2773 1437 2840 per
1453 2753 1578 2821 invitis
1594 2753 1779 2840 adinpleat
1801 2771 1864 2839 per
1881 2751 2089 2840 supradicta
2104 2751 2240 2839 guadia
2255 2757 2291 2819 et
2306 2753 2394 2819 iam·

552 2906 689 2974 dictum
713 2907 958 2992 mediatorem,
982 2909 1018 2974 et
1040 2925 1134 2993 pena
1156 2905 1356 2992 hobligata.

593 3059 709 3148 Igitur
733 3060 806 3130 alia
828 3059 989 3146 hguadia
1011 3057 1121 3126 michi
1145 3057 1241 3126 dedit
1265 3059 1341 3143 ipse
1365 3059 1637 3144 prenominatus
1654 3057 1834 3144 radelpoto
1854 3061 1890 3126 et
1905 3057 2135 3126 mediatorem
2151 3059 2262 3126 michi
2280 3056 2397 3144 posuit

551 3216 636 3299 poto
652 3213 749 3280 filius
770 3211 918 3298 poterisi
941 3215 977 3279 et
1000 3211 1091 3282 falco
1114 3211 1211 3279 filius
1235 3209 1364 3279 falconi
1390 3211 1530 3280 diaconi
1556 3229 1597 3280 eo
1621 3211 1751 3298 tinore,
1776 3215 1817 3278 ut
1840 3210 1871 3278 si
1886 3210 2042 3298 peccatis
2057 3210 2297 3278 eminentibus
2312 3207 2391 3296 ipsa

553 3365 806 3451 prenominata
818 3364 936 3435 maria
949 3382 1062 3433 uxore
1075 3383 1139 3433 sua
1150 3367 1222 3433 hab
1233 3363 1356 3451 aliqua
1370 3380 1458 3450 gens
1471 3362 1663 3448 depredata
1674 3362 1799 3448 fuerit,
1808 3365 1848 3430 ut
1861 3366 1988 3448 querat
2000 3381 2079 3432 eam
2091 3362 2297 3449 diligenter,
2312 3379 2398 3450 quo·

551 3519 655 3588 modo
677 3517 804 3587 melius
825 3519 993 3604 potuerit,
1019 3520 1055 3585 et
1078 3519 1110 3584 si
1134 3537 1213 3587 eam
1237 3517 1428 3602 inbenerit,
1451 3517 1547 3583 emat
1569 3533 1649 3584 eam
1673 3514 1716 3583 de
1739 3517 1854 3603 pretio
1877 3533 1954 3603 suo;
1984 3520 2020 3586 et
2043 3518 2074 3584 si
2097 3516 2199 3585 illam
2226 3515 2392 3585 bendide·

555 3675 609 3742 rit
631 3677 668 3741 et
690 3689 770 3742 eam
793 3669 942 3738 minime
965 3666 1129 3736 inbenire
1144 3668 1311 3754 potuerit,
1328 3671 1414 3734 tunc
1431 3667 1571 3735 iuratus
1584 3667 1687 3733 nobis
1702 3667 1798 3735 dicat
1813 3666 1859 3735 ad
1874 3671 2000 3736 sancta
2015 3667 2073 3735 dei
2090 3665 2291 3754 evangelia,
2307 3667 2393 3754 quia

549 3829 747 3917 diligenter
769 3844 848 3894 eam
871 3823 1026 3910 quesibit
1049 3825 1086 3892 et
1108 3823 1271 3891 inbenire
1295 3823 1395 3891 illam
1420 3839 1492 3888 non
1515 3821 1629 3909 potui,
1654 3825 1690 3888 et
1714 3825 1801 3890 tunc
1824 3827 1987 3892 maneret
2016 3843 2038 3893 a
2069 3823 2171 3890 nobis
2194 3821 2398 3892 absolutus.

550 3984 668 4060 Quam
692 3985 728 4048 te
751 3976 924 4047 deusdede
947 3974 1196 4069 diaconum-et
1218 3973 1398 4041 notarium
1422 3975 1517 4040 hunc
1539 3973 1683 4041 brebem
1699 3976 1854 4043 scribere
1870 3975 2087 4062 rogabimus.
2106 3975 2233 4044 Actum
2248 3976 2289 4041 ln
2304 3974 2393 4042 civi-

549 4138 625 4204 tate
650 4129 802 4202 Luceria
824 4133 861 4197 et
884 4127 1031 4198 interfui
1054 4127 1173 4195 Mense
1195 4129 1231 4194 et
1253 4123 1446 4193 indictione
1469 4125 1704 4214 suprascripsi
1730 4127 1895 4197 feliciter.

595 4264 627 4380 †
652 4309 719 4380 ego
742 4289 805 4376 qui
829 4306 939 4376 supra
962 4289 1034 4355 otto
1049 4281 1168 4352 iudice

594 4417 626 4533 †
653 4445 728 4532 Ego
751 4447 833 4531 poto
856 4445 947 4511 teste

567 4571 627 4684 '†
653 4601 728 4685 ligo
751 4593 914 4682 agelsrid.

1245 4813 1695 4822 m-—a——ss

1352 5067 1605 5149 DGXGII.

1321 5300 1377 5378 A.
1405 5298 1455 5376 D.
1483 5293 1607 5376 1016.

597 5479 637 5620 †
661 5529 701 5598 ln
725 5526 869 5598 nomine
893 5523 1026 5595 domini
1049 5523 1216 5595 vicesimo
1238 5525 1385 5614 septimo
1407 5542 1502 5596 anuo
1524 5524 1749 5612 principatus
1764 5524 1885 5593 domni
1900 5525 2012 5595 nostri
2028 5527 2225 5599 Guaimarii
2241 5529 2387 5618 gloriosi

552 5681 747 5771 principis,
763 5687 800 5750 et
815 5677 930 5769 primo
941 5696 1037 5752 anno
1047 5677 1273 5766 principatus
1289 5677 1408 5746 domni
1427 5676 1576 5746 iohanni
1593 5676 1670 5744 eius
1684 5673 1750 5743 filii
1768 5675 1920 5764 glorioso
1935 5677 2116 5767 princeps,
2130 5699 2250 5751 mense
2266 5682 2394 5753 ianua-

552 5835 664 5922 rius‚
697 5829 966 5919 quartadecima
988 5827 1196 5900 indictione.
1231 5826 1519 5897 Memoratorium
1544 5826 1643 5897 lactu
1673 5848 1695 5898 a
1726 5829 1828 5898 nobis
1850 5830 2045 5918 eupraxius
2067 5851 2210 5922 grecus,
2234 5837 2296 5923 qui
2321 5855 2397 5906 sum
