5376 7104
1281 515 1453 592 donax
1480 521 1745 596 ‹llvuusls

1369 919 1653 1040 11111111.

1372 1219 1427 1297 A.
1455 1217 1507 1296 D.
1535 1217 1660 1300 1013.

631 1455 668 1594 †
695 1507 735 1572 ln
759 1507 904 1576 nomine
927 1507 1061 1576 domini
1086 1508 1252 1577 vicesimo
1276 1513 1404 1597 quinto
1428 1529 1525 1579 anno
1549 1512 1775 1598 principatus
1800 1511 1921 1580 domni
1944 1513 2056 1578 nostri
2089 1511 2271 1598 guaimari
2295 1509 2438 1596 gloriosi

587 1661 777 1748 principis,
801 1679 921 1730 mense
945 1663 1107 1751 magius,
1131 1662 1320 1733 undecima
1344 1663 1554 1733 indictione.
1580 1664 1870 1734 memoratorium
1895 1665 2027 1734 lactum
2057 1683 2079 1732 a
2103 1681 2160 1730 me
2183 1679 2433 1731 rossemannus

588 1817 719 1884 clerico
741 1815 814 1882 filio
839 1817 950 1884 amati
973 1816 1188 1904 presbiteri,
1220 1835 1260 1886 11
1291 1819 1383 1904 quod
1414 1823 1500 1886 ante
1532 1817 1734 1885 domnellus
1757 1817 1932 1904 presbiter
1956 1823 1993 1884 et
2015 1817 2125 1886 abbas
2147 1815 2293 1884 ecclesie
2316 1823 2438 1886 sancte

588 1969 701 2078 marie
724 1970 961 2056 pertinentem
985 1970 1186 2058 supradicto
1210 1971 1336 2038 domno
1360 1971 1514 2058 principi
1549 1977 1585 2042 et
1610 1975 1757 2042 iohanni
1782 1975 1903 2042 comiti
1926 1990 2099 2060 germano
2121 1972 2224 2059 eius,
2256 1977 2291 2040 et
2316 1971 2435 2058 ibique

587 2125 792 2194 astantibus
821 2129 1011 2216 subscripti
1043 2131 1163 2215 testea,
1194 2147 1257 2216 per
1286 2128 1559 2197 demandatione
1589 2127 1702 2213 ipsius
1728 2125 1870 2196 abbatis
1899 2101 2047 2194 tradidit
2071 2124 2219 2212 sparani
2243 2125 2287 2194 de
2311 2126 2436 2196 selecta

591 2281 665 2347 filio
690 2280 783 2349 leoni
808 2300 882 2349 una
905 2282 1007 2367 pecia
1031 2281 1073 2348 de
1096 2286 1196 2350 terra
1220 2283 1334 2350 bacua
1357 2301 1438 2348 curn
1463 2281 1642 2368 aliquanti
1667 2281 1769 2348 insiti
1793 2280 1832 2348 in
1857 2281 1932 2367 ipso
1956 2281 2071 2348 locum
2094 2280 2221 2349 selecta
2245 2281 2440 2368 propinquo

590 2453 678 2504 casa
701 2453 835 2520 suaque
860 2438 1031 2524 sparani,
1055 2437 1147 2523 quod
1171 2455 1236 2524 ego
1260 2456 1282 2504 a
1304 2455 1388 2524 pars
1412 2436 1524 2522 ipsius
1548 2434 1694 2504 ecclesie
1718 2434 1756 2500 in
1781 2435 1993 2504 beneficium
2017 2437 2120 2502 teneo
2144 2453 2207 2521 per
2230 2451 2270 2502 ee
2295 2435 2383 2502 fines
2406 2441 2440 2503 11

595 2588 790 2656 mensurio:
815 2589 858 2658 de
882 2607 953 2659 una
976 2594 1079 2676 parte
1102 2591 1173 2658 fine
1197 2591 1270 2678 bia,
1294 2593 1330 2658 et
1346 2595 1401 2657 est
1415 2607 1477 2676 per
1495 2588 1680 2675 longitudo
1703 2589 1746 2655 de
1768 2588 1903 2656 duobus
1918 2585 2081 2673 partibus
2097 2593 2182 2655 sunt
2198 2607 2271 2656 ana
2287 2589 2440 2676 triginta

591 2743 687 2830 passi
705 2761 768 2829 per
786 2743 874 2829 latu,
899 2749 934 2811 11
958 2763 1020 2830 por
1047 2744 1199 2812 latitudo
1222 2743 1265 2810 de
1289 2743 1425 2810 duobus
1447 2745 1565 2830 capite
1582 2747 1666 2810 sunt
1684 2761 1756 2811 ana
1771 2741 1900 2829 big-inti
1919 2746 1997 2809 octo
2013 2741 2123 2828 passi:
2150 2745 2263 2810 totum
2286 2743 2332 2812 ad
2350 2741 2439 2810 iusto

592 2918 736 2985 passum
760 2897 871 2965 omini
895 2902 1138 2967 mensuratum
1157 2897 1321 2965 inclitum
1337 2896 1431 2983 illut,
1449 2899 1541 2965 sicut
1556 2899 1728 2984 diximus,
1744 2898 1776 2965 11
1794 2896 2008 2966 tradidimus
2025 2896 2090 2965 tali
2107 2897 2245 2982 ordino,
2262 2905 2301 2964 ut
2317 2896 2439 2964 amodo

594 3059 630 3120 ot
653 3055 750 3120 omni
774 3056 930 3140 tempore
954 3052 1000 3121 ad
1022 3072 1088 3120 sua
1111 3057 1147 3121 et
1169 3053 1212 3119 de
1234 3050 1308 3118 suis
1322 3052 1485 3120 eredibus
1501 3051 1573 3120 sint
1589 3052 1772 3136 potestatis
1787 3052 1868 3120 illut
1884 3053 2088 3138 tenendum,
2105 3056 2141 3120 11
2157 3053 2255 3120 111111
2271 3057 2307 3120 11
2324 3053 2440 3120 omnis

596 3225 658 3276 sue
684 3209 853 3278 utilitatis
876 3209 973 3275 iusta
995 3208 1138 3276 ratione
1162 3206 1291 3274 ibidem
1315 3207 1529 3290 faciendum,
1553 3209 1590 3274 et
1612 3206 1737 3273 amodo
1760 3211 1873 3275 totum
1889 3206 1970 3274 illut
1985 3212 2174 3293 pastenare
2192 3209 2379 3276 arbustum
2393 3206 2435 3274 de

598 3363 687 3430 bono
710 3363 844 3431 1111111
868 3367 903 3430 11
927 3362 1055 3450 pomis,
1078 3361 1171 3429 sicut
1194 3363 1379 3448 meruerit,
1404 3367 1439 3429 11
1462 3361 1586 3430 amodo
1610 3360 1692 3426 illut
1715 3360 1870 3447 cludere,
1894 3365 1931 3428 11
1953 3360 2091 3428 clusum
2115 3359 2197 3428 illut
2218 3363 2376 3447 abeant3
2399 3361 2440 3428 ad

595 3516 760 3602 completi
785 3534 867 3583 1111
891 3517 1016 3582 nobem
1041 3513 1141 3601 anni,
1165 3517 1206 3580 ut
1230 3514 1354 3582 amodo
1378 3531 1415 3580 se
1439 3515 1652 3600 compleant,
1677 3516 1809 3584 abeant
1833 3517 1871 3583 in
1894 3520 1969 3585 tota
1991 3517 2235 3603 suprascripta
2251 3516 2359 3583 rebus
2384 3533 2439 3582 ar·

599 3671 742 3736 bustum
765 3667 808 3734 de
832 3671 922 3734 bono
945 3666 1079 3734 bitineo
1102 3669 1137 3734 et
1160 3665 1283 3753 pomis,
1307 3669 1342 3734 et
1365 3666 1477 3752 clusu,
1502 3671 1613 3734 totum
1638 3686 1767 3736 vonum
1790 3668 2001 3754 lavoratum,
2025 3671 2061 3736 et
2082 3667 2281 3754 collatum,
2306 3674 2343 3735 11
2365 3685 2437 3735 sur·

599 3828 697 3909 tum,
723 3829 758 3890 11
781 3827 988 3908 operatum,
1012 3821 1106 3888 siout
1129 3821 1171 3889 de
1195 3824 1315 3896 tantos
1339 3839 1452 3890 annos
1474 3826 1510 3888 et
1536 3823 1631 3890 locus
1654 3823 1729 3909 ipse
1752 3821 1936 3907 meruerit,
1962 3826 2000 3889 ut
2026 3839 2113 3890 vene
2137 3826 2264 3908 pareat
2287 3821 2438 3908 factum3

598 3981 636 4042 11
661 3977 791 4044 abinde
814 3978 911 4044 omni
934 3980 1092 4061 tempore
1114 3993 1178 4062 per
1203 3994 1339 4045 annum
1362 3995 1425 4044 suo
1448 3981 1604 4064 ternpore
1628 3983 1741 4046 totum
1764 3978 1839 4062 ipso
1861 3979 2047 4046 arbustum
2070 3975 2233 4064 desuper
2250 3983 2286 4045 et
2301 3975 2345 4044 de
2360 3978 2437 4044 sub·

600 4139 654 4200 ter
680 4134 846 4201 lavorare
869 4135 904 4200 et
927 4131 1063 4200 cultare
1086 4135 1121 4199 et
1143 4132 1394 4220 propaginare,
1419 4135 1454 4199 et
1478 4133 1539 4198 ubi
1562 4133 1706 4200 arbores
1729 4137 1764 4200 et
1787 4130 1877 4198 vites
1892 4132 2077 4217 meruerit,
2094 4130 2176 4199 illut
2193 4131 2324 4199 ibidem
2340 4131 2437 4217 plan-

599 4294 678 4357 tare
703 4293 739 4356 et
764 4305 914 4375 surgere
938 4290 974 4354 11
996 4285 1151 4372 cludere,
1175 4290 1210 4354 et
1233 4287 1370 4353 clusum
1394 4303 1531 4372 semper
1555 4284 1637 4352 illut
1661 4286 1810 4372 abeant,
1835 4283 1928 4353 siout
1951 4286 2136 4372 meruerit,
2159 4289 2196 4354 et
2220 4285 2441 4374 1111111111-

596 4463 697 4534 num,
721 4445 862 4532 quando
886 4445 1070 4531 meruerit,
1094 4449 1208 4512 totum
1233 4442 1314 4511 illut
1338 4441 1514 4530 laborare,
1541 4446 1579 4509 ut
1602 4443 1792 4527 proficiant
1815 4447 1850 4509 et
1873 4457 1945 4531 non
1968 4440 2167 4529 disparant,
2184 4447 2219 4510 et
2234 4443 2373 4512 salbum
2398 4444 2437 4510 il-

597 4599 651 4666 lut
675 4601 824 4685 11111111
849 4605 886 4668 11
909 4619 931 4668 a
953 4617 1023 4686 quo
1046 4598 1169 4668 amodo
1192 4601 1341 4682 parutus
1365 4595 1485 4682 fuerit,
1509 4600 1549 4664 ut
1571 4597 1695 4664 vinum
1711 4595 1794 4664 inde
1811 4595 1943 4664 exierit
1957 4613 2020 4682 per
2036 4614 2172 4665 annum
2187 4596 2230 4663 de
2246 4595 2436 4685 vindemie,

600 4755 737 4822 iaciant
760 4775 816 4824 me
839 4757 894 4822 vel
920 4773 1003 4842 pars
1026 4754 1138 4842 ipsius
1160 4751 1307 4821 ecclesie
1331 4753 1445 4838 scire,
1480 4757 1520 4818 ut
1554 4753 1699 4820 missum
1723 4755 1885 4820 nostrum
1910 4752 1995 4820 illuc
2018 4743 2242 4840 dirigamus,
2266 4759 2331 4822 aut
2355 4753 2438 4822 illuc

600 4927 664 4975 nos
687 4927 890 4996 pergamus,
916 4913 951 4978 et
974 4909 1049 4977 illis
1071 4910 1183 4977 totum
1207 4905 1283 4994 ipso
1306 4910 1493 4975 arbustum
1520 4923 1583 4972 suo
1606 4911 1763 4992 tempore
1785 4905 2019 4993 vindemiare,
2044 4911 2079 4974 11
2102 4925 2207 4992 poma
2236 4909 2319 4979 inde
2342 4909 2439 4978 colli-

599 5082 698 5152 gere,
722 5070 758 5134 et
780 5066 895 5133 omnis
918 5066 1044 5132 binum
1068 5063 1197 5134 exinde
1220 5063 1340 5149 ibique
1363 5062 1407 5130 ad
1430 5061 1651 5149 pulmentum
1674 5069 1710 5130 et
1733 5064 1812 5149 ipsa
1834 5080 1938 5149 poma
1961 5064 2082 5150 ibique
2105 5065 2201 5133 inter
2224 5082 2288 5133 nos
2304 5066 2438 5137 divida-

597 5237 678 5290 mus
701 5221 739 5288 11
763 5219 910 5288 tertiam
933 5223 1082 5307 partem:
1109 5237 1173 5286 nos
1195 5218 1361 5286 tollamus
1385 5216 1467 5286 inde
1492 5235 1565 5284 una
1587 5213 1732 5285 tertiam
1756 5219 1884 5304 parte,
1909 5221 1945 5284 11
1966 5218 2039 5285 illis
2061 5219 2130 5288 due
2153 5221 2279 5309 sortis3
2304 5228 2340 5291 et
2364 5224 2437 5310 ipsa

599 5381 724 5444 nostra
747 5377 940 5445 sortionem
970 5373 1014 5442 de
1043 5375 1117 5458 ipso
1139 5372 1264 5440 vinum
1287 5371 1359 5439 illis
1387 5389 1450 5460 per
1483 5389 1617 5441 annum
1645 5371 1764 5460 ibique
1793 5374 1832 5441 11
1862 5375 1986 5446 domus
2015 5339 2081 5448 sua
2110 5397 2283 5466 reponere
2316 5383 2358 5449 11
2386 5399 2442 5448 11-

599 5551 719 5618 ganea
740 5535 865 5601 nostra
888 5548 951 5617 per
976 5527 1048 5597 illis
1070 5545 1163 5596 vona
1185 5526 1370 5616 conciata,
1395 5531 1487 5598 sicut
1512 5532 1709 5619 meruerit,
1738 5539 1774 5601 et
1797 5531 1933 5604 iaciant
1957 5532 2041 5602 illut
2063 5533 2231 5622 salbum,
2254 5537 2339 5604 dum
2362 5535 2439 5605 illut

601 5686 683 5752 inde
707 5685 908 5776 tulerimus,
932 5669 1066 5774 absque
1090 5682 1368 5772 degeneratione
1390 5688 1426 5752 et
1450 5689 1572 5774 ingne3
1598 5690 1633 5754 et
1657 5687 1699 5754 de
1722 5705 1789 5772 que
1812 5705 1875 5774 per
1899 5707 2036 5757 annum
2060 5689 2099 5757 in
2122 5690 2201 5780 ipsa
2217 5693 2324 5760 rebus
2340 5689 2440 5760 semi-

599 5839 771 5928 naberit,
806 5859 869 5927 per
893 5859 1027 5910 annum
1052 5840 1187 5911 saciant
1212 5857 1267 5907 me
1292 5840 1384 5908 scire
1407 5837 1462 5906 vel
1486 5856 1571 5924 pars
1596 5837 1707 5926 ipsius
1731 5839 1906 5928 ecclesie,
1936 5846 1977 5911 ut
2000 5844 2148 5913 missum
2170 5849 2332 5916 nostrum
2356 5843 2435 5916 illuc
