5310 7080
592 551 659 621 tlt
1229 545 1401 617 tbbux
1438 547 1703 621 tnl'nn‘sls

544 774 628 842 inde
652 780 874 860 restaurare,
898 779 934 842 et
958 775 1029 861 ipsi
1053 777 1167 843 mater
1190 777 1226 841 et
1248 774 1322 840 filio
1346 778 1382 841 et
1404 774 1478 841 suis
1501 775 1665 842 eredibus
1689 774 1786 843 nulle
1810 777 2038 845 causationes
2059 779 2223 847 emittere
2248 778 2291 846 de
2314 781 2388 873 {psa

542 927 645 1016 pecta
660 929 704 997 de
722 933 822 996 terra
845 927 965 1014 ibique
989 927 1028 995 in
1047 927 1123 1013 ipso
1139 925 1269 1013 locum,
1285 927 1379 1011 quod
1393 926 1468 1012 ipse
1482 927 1657 996 madelmo
1679 919 1715 996 et
1737 929 1803 1014 ipsi
1830 927 1895 996 filii
1921 929 2075 998 maraldi
2100 950 2162 1018 per
2190 931 2391 1016 supradicta

546 1079 683 1149 bicaria
705 1080 882 1147 dederunt
905 1078 1019 1164 ipsius
1036 1076 1245 1164 radelghisi,
1261 1079 1324 1163 qui
1348 1078 1508 1146 meraldo
1539 1080 1699 1168 bocabit,
1724 1099 1787 1168 pro
1820 1081 1898 1149 vice
1922 1083 1964 1153 (16
1987 1083 2067 1169 ipsa
2089 1101 2184 1150 nura
2207 1087 2243 1150 et
2267 1089 2390 1171 nepote

542 1251 607 1302 sua
632 1253 695 1319 per
718 1234 799 1319 ipsa
822 1233 1020 1301 mensoria:
1039 1233 1085 1300 ab
1101 1232 1282 1300 occidente
1306 1233 1403 1317 passi
1429 1234 1638 1320 octuaginta
1661 1238 1748 1302 tres:
1766 1257 1789 1304 a
1805 1235 2056 1323 septemtrione
2073 1237 2168 1324 passi
2188 1238 2319 1324 biginti
2334 1258 2391 1306 no

542 1388 634 1453 bem:
653 1389 699 1456 ab
716 1387 852 1456 oriente
869 1387 964 1474 passi
980 1387 1189 1473 octuaginta
1204 1387 1394 1472 quadtuor:
1409 1407 1431 1454 a
1447 1387 1594 1455 meridie
1613 1391 1710 1473 passi
1727 1389 1971 1475 quadraginta
1987 1407 2112 1476 unum,
2131 1390 2223 1456 etin
2240 1390 2392 1458 medium

539 1557 603 1624 per
629 1539 782 1608 latitudo
806 1541 901 1625 passi
920 1541 1165 1626 trigintaocto
1182 1539 1508 1625 adiustopassum3
1527 1559 1588 1625 per
1606 1540 1674 1606 iste
1697 1541 1780 1607 finis
1796 1544 1831 1609 et
1846 1541 2026 1608 mensurie
2050 1540 2150 1609 nulle
2174 1541 2393 1611 causationis

541 1692 610 1778 ipsi
634 1697 749 1761 mater
772 1699 807 1760 et
832 1693 904 1760 filio
928 1711 993 1761 nec
1018 1693 1158 1759 illorum
1183 1693 1303 1760 eredes
1327 1692 1408 1760 inde
1423 1693 1587 1762 emittere
1604 1694 1716 1781 ipsius
1732 1695 1913 1780 madelmi,
1930 1695 1985 1762 vel
2003 1695 2048 1763 ad
2063 1694 2141 1762 eins
2166 1697 2299 1781 eredeS,
2325 1715 2386 1764 nec

538 1865 766 1932 quacumque
789 1850 892 1914 homo
916 1865 980 1934 pro
1004 1847 1147 1914 illorum
1172 1851 1287 1932 parte.
1313 1865 1376 1914 seu
1399 1851 1435 1912 et
1459 1850 1758 1934 esceptuaberunt
1780 1849 1822 1916 de
1848 1850 1928 1934 ipsa
1944 1850 2133 1934 rebusque
2149 1849 2388 1934 fuitipsorum

536 2000 694 2085 iaquinti
711 2007 747 2069 et
764 2001 956 2088 rodelghisi
974 2002 1163 2088 presbiteri
1180 2002 1222 2068 de
1238 2001 1394 2086 predicto
1411 2001 1525 2066 locum
1542 2000 1784 2087 transmeata,
1801 2001 1863 2067 ubi
1879 2001 2022 2086 proprio
2038 1975 2225 2069 ballenara
2241 2003 2391 2088 dicitur,

538 2154 631 2237 quod
654 2154 755 2220 modo
772 2157 902 2222 tenunt
927 2161 962 2222 et
984 2155 1171 2222 dominant
1194 2155 1341 2221 heredes
1363 2151 1511 2220 iohanni
1535 2151 1600 2217 filii
1624 2151 1801 2238 edelgari,
1827 2150 1888 2237 qui
1913 2151 2014 2218 modo
2037 2153 2171 2220 dicitur
2197 2159 2385 2241 scontrati,
2411 2109 2413 2112 Ι

539 2305 632 2390 quod
648 2307 723 2394 ipse
747 2307 940 2395 rodelghisi
959 2311 995 2374 et
1011 2309 1191 2393 predictus
1215 2306 1398 2391 iaquintus
1422 2303 1660 2378 bendiderunt
1684 2304 1845 2391 predicto
1874 2305 2023 2372 iohanni
2050 2306 2123 2373 filio
2154 2305 2267 2393 ipsius
2292 2309 2383 2376 adel-

539 2461 641 2548 gari:
668 2464 715 2529 ha
740 2481 845 2548 snper
868 2468 969 2548 parte
993 2463 1090 2549 passi
1107 2466 1249 2529 centum
1265 2459 1542 2545 quinquaginta,
1561 2461 1596 2524 et
1611 2475 1699 2543 erga
1714 2455 1834 2524 casale
1849 2456 1909 2542 qui
1929 2457 1998 2524 fuit
2015 2460 2173 2544 ipsorum
2198 2459 2391 2546 rodelghisi

539 2625 575 2688 et
599 2619 770 2706 iaquinti,
795 2621 888 2687 sicut
903 2621 986 2706 poiu
1003 2619 1188 2703 discernit,
1213 2618 1308 2704 passi
1325 2621 1480 2701 centum,
1499 2622 1533 2683 et
1550 2616 1693 2683 abinde
1710 2613 1949 2702 coniungente
1966 2617 2011 2683 ad
2029 2618 2097 2702 ipsi
2121 2622 2264 2684 centum
2289 2617 2391 2704 quin-

538 2774 714 2860 quaginta
730 2773 823 2858 passi
850 2777 933 2840 sunt
948 2772 1043 2858 passi
1057 2773 1302 2858 septuaginta,
1316 2770 1408 2856 quod
1420 2775 1473 2836 est
1486 2789 1548 2854 per
1562 2770 1751 2836 circuitum
1764 2769 1841 2854 ipsa
1854 2769 2028 2836 bindictio
2046 2771 2140 2855 passi
2156 2773 2327 2838 tricentos
2339 2773 2390 2838 bi-

537 2929 633 3014 ginti
652 2931 698 2996 ad
714 2928 808 2997 insto
832 2947 974 3014 passum
998 2928 1136 2994 homini
1161 2931 1423 3024 mensuratum3
1447 2943 1533 2994 nam
1556 2946 1578 2993 a
1602 2945 1707 3012 super
1732 2945 1795 3011 per
1818 2931 1934 3012 parte,
1960 2925 2020 2992 ubi
2046 2930 2130 2993 sunt
2154 2926 2220 3013 ipsi
2248 2931 2392 2994 centum

538 3084 806 3168 quinquaginta
829 3085 938 3169 passi,
964 3085 1240 3151 reserbaberunt
1266 3082 1326 3147 bia
1349 3085 1446 3146 estra
1469 3079 1546 3163 ipsa
1570 3079 1754 3144 mensoria
1778 3077 2015 3145 communiter
2040 3079 2106 3164 ipsi
2133 3079 2331 3166 rodelghisi
2355 3095 2385 3146 et

538 3235 725 3320 iaquintus
742 3255 822 3301 cum
838 3235 910 3300 illis
922 3235 1113 3302 abendum.
1131 3253 1239 3318 quam
1255 3237 1290 3299 et
1308 3232 1613 3299 benumdederunt
1630 3229 1740 3317 ipsius
1759 3231 1909 3299 iohanni
1923 3233 1997 3318 ipso
2012 3236 2253 3301 castanietum
2270 3235 2390 3320 ibique

537 3391 633 3452 estra
657 3389 736 3472 ipsa
761 3387 833 3472 bia,
850 3407 918 3470 que
941 3389 1176 3454 communiter
1193 3387 1468 3455 reserbaberunt
1484 3384 1695 3451 contuntum
1720 3384 1759 3450 in
1776 3403 1848 3452 una
1864 3391 1966 3471 parte
1983 3386 2030 3453 ad
2047 3385 2205 3471 predicta
2221 3387 2281 3454 bia
2297 3405 2388 3454 com-

535 3537 705 3606 munalis:
725 3539 762 3602 in
780 3537 853 3605 alia
869 3544 971 3623 parte
988 3538 1033 3604 ad
1049 3538 1119 3604 fine
1135 3537 1177 3603 de
1194 3537 1393 3604 atrianensi
1412 3556 1480 3621 que
1496 3535 1627 3602 dicitur
1645 3536 1901 3622 boccapiczola,
1918 3543 1954 3602 et
1970 3538 2040 3603 fine
2058 3537 2170 3622 ribuS,
2183 3545 2219 3604 et
2234 3556 2299 3623 per
2313 3537 2391 3623 ipsa

535 3689 607 3754 fine
619 3689 661 3755 de
679 3690 746 3774 ipsi
765 3689 962 3757 atrianensi
976 3692 1060 3754 sunt
1072 3687 1168 3772 passi
1182 3685 1335 3773 triginta
1348 3687 1523 3772 quadtuor
1538 3706 1650 3773 usque
1666 3689 1742 3774 ipso
1767 3689 1880 3774 ribnS,
1898 3693 1933 3755 et
1949 3708 2011 3773 per
2029 3689 2104 3774 ipso
2122 3690 2221 3755 ribus
2238 3690 2388 3756 coniun-

535 3845 644 3930 gente
662 3841 706 3910 ad
720 3843 869 3908 flubium
892 3815 1033 3907 boneia:
1059 3842 1102 3908 de
1126 3839 1199 3908 alia
1222 3844 1323 3925 parte
1336 3841 1406 3907 fine
1424 3841 1664 3926 ipsorumque
1682 3843 1752 3908 suit
1770 3841 1963 3927 rodelghisi
1979 3845 2015 3908 et
2032 3841 2202 3928 iaquinti,
2219 3843 2392 3926 quomodo

535 3995 675 4064 ballone
692 3996 865 4062 discernit
889 3999 924 4062 et
948 3994 1108 4062 ascendit
1124 4013 1186 4080 per
1202 3993 1316 4060 medio
1333 3993 1409 4078 ipso
1424 3997 1504 4060 torn
1521 3997 1557 4060 et
1573 3965 1760 4080 coniungit
1776 3999 1914 4061 rectum
1930 3993 1975 4061 ad
1992 3993 2071 4080 ipsa
2086 3993 2160 4080 bia,
2177 4014 2284 4080 quem
2300 3997 2393 4065 feee-

533 4154 619 4216 runt
635 4167 724 4236 erga
748 4151 993 4235 suprascripta
1017 4146 1189 4215 bindictio
1205 4165 1285 4212 cum
1300 4143 1377 4212 bice
1394 4147 1437 4213 de
1453 4147 1514 4214 bia
1530 4165 1608 4215 sua.
1626 4145 1696 4213 ista
1711 4148 1818 4212 rebus
1835 4164 1898 4232 per
1916 4147 2121 4232 supradicte
2138 4147 2221 4214 finis
2237 4154 2274 4216 et
2290 4167 2388 4216 men-

531 4304 628 4370 surio
652 4305 946 4389 soeptuaberunt,
972 4305 1011 4368 ut
1034 4297 1103 4385 ipsi
1128 4302 1242 4367 mater
1259 4304 1294 4366 et
1312 4299 1400 4385 filie,
1419 4317 1620 4365 neccarum
1639 4299 1759 4365 eredes
1776 4297 1873 4364 nulle
1890 4299 2070 4366 calumnie
2086 4303 2149 4367 aut
2165 4303 2389 4369 causationis

536 4456 620 4524 inde
645 4461 845 4546 preponant
870 4455 982 4543 ipsius
1006 4454 1176 4522 madelmi
1201 4453 1255 4520 vel
1278 4453 1322 4521 ad
1339 4452 1439 4520 illius
1461 4453 1598 4540 eredeS,
1615 4453 1763 4539 eoquod
1787 4453 1856 4540 ipsi
1882 4453 2069 4540 scontrati,
2086 4457 2147 4540 qui
2165 4461 2249 4523 sunt
2267 4456 2391 4523 eredes

534 4612 649 4697 ipsius
674 4613 823 4681 iohanni
851 4610 916 4677 tilii
941 4608 1092 4698 predicti
1117 4607 1278 4696 adelgari
1292 4658 1302 4694 ,
1327 4608 1534 4674 ostederunt
1557 4607 1656 4672 modo
1681 4607 1841 4692 cartula,
1865 4625 1933 4692 que
1963 4612 2017 4674 est
2039 4609 2175 4694 scripta
2198 4628 2262 4694 per
2290 4612 2388 4677 theo-

530 4765 672 4834 dericus
695 4765 857 4832 notarius
880 4764 1008 4830 emissa
1033 4777 1128 4829 anno
1152 4760 1321 4827 bicesimo
1345 4757 1568 4846 principatus
1603 4759 1721 4826 domni
1746 4758 1884 4846 gisolfi,
1909 4759 2064 4844 qualiter
2089 4759 2164 4845 ipse
2189 4761 2385 4848 rodelghisi

531 4920 594 5003 qui
617 4919 725 4986 tando
749 4923 829 4984 erat
851 4917 1036 4999 (11666666,
1054 4921 1090 4983 et
1107 4915 1302 4998 rodericus,
1320 4911 1380 4997 qui
1406 4909 1591 4996 iaquintus
1615 4912 1779 4996 boeabat,
1795 4912 2000 4996 supradicta
2024 4913 2129 4978 rebus
2146 4913 2390 4980 bendiderunt

530 5073 690 5156 predicto
713 5071 863 5139 iohanni
887 5070 961 5136 illio
985 5069 1161 5154 adelgari3
1186 5086 1249 5134 seu
1272 5071 1308 5134 et
1331 5069 1462 5133 abeant
1486 5062 1562 5130 bice
1586 5062 1661 5150 ipse
1686 5063 1881 5130 madelmus
1895 5067 1930 5130 et
1947 5063 2022 5130 eius
2046 5065 2169 5132 eredes
2185 5066 2227 5132 de
2244 5067 2308 5134 bia
2326 5031 2388 5153 per

531 5229 637 5294 rebus
661 5228 819 5313 ipsorum
847 5229 962 5292 mater
985 5229 1019 5292 et
1042 5221 1116 5288 filio
1129 5271 1138 5308 ,
1162 5221 1256 5289 unde
1280 5219 1380 5286 modo
1403 5221 1478 5304 est,
1505 5233 1615 5302 usque
1640 5215 1686 5282 ad
1709 5233 1793 5281 casa
1816 5213 1967 5300 predicti
1993 5217 2179 5301 madelmi,
2206 5225 2244 5286 ut
2269 5219 2387 5287 licead

531 5384 650 5469 ipsum
674 5379 850 5447 madelmo
873 5383 909 5446 et
932 5377 1010 5444 eius
1032 5376 1155 5443 eredes
1180 5375 1274 5442 iusta
1298 5373 1475 5440 rationem
1498 5391 1579 5436 cum
1604 5388 1666 5437 sue
1690 5369 1930 5456 congruitatis
1953 5371 2036 5438 inde
2061 5372 2252 5457 ingredere
2277 5378 2315 5440 et
2333 5392 2389 5440 re-

532 5530 684 5618 gredere
710 5549 773 5616 per
798 5529 875 5616 ipsa
898 5529 980 5614 bia,
1004 5530 1137 5613 absque
1161 5523 1414 5593 damnietatem
1439 5521 1481 5589 de
1505 5520 1611 5588 binea
1634 5525 1669 5586 et
1692 5520 1860 5607 pergola,
1890 5540 1958 5606 que
1991 5539 2097 5607 super
2122 5527 2159 5589 et
2183 5524 2280 5592 iusta
2307 5529 2386 5612 ipsa

531 5686 592 5755 bia
616 5691 685 5772 est,
708 5690 744 5752 et
767 5683 835 5770 ipsi
860 5687 974 5750 mater
998 5684 1034 5748 et
1057 5680 1131 5746 filio
1154 5685 1189 5745 et
1212 5695 1334 5746 eornm
1358 5675 1478 5743 eredes
1502 5693 1637 5762 semper
1661 5693 1766 5761 super
1792 5675 1870 5761 ipsa
1893 5675 1953 5743 bia
1978 5676 2057 5761 ipsa
2087 5677 2235 5762 pergola
2259 5681 2384 5748 abere.

530 5809 781 5906 verumtamen
806 5838 880 5922 ipse
905 5837 989 5903 finis
1012 5834 1054 5902 de
1079 5836 1153 5920 ipse
1177 5829 1433 5920 pastenationis
1456 5827 1502 5894 da
1528 5829 1643 5914 ipsum
1666 5827 1840 5893 iohannes
1864 5826 1960 5894 filius
1985 5831 2076 5915 petri
2094 5833 2129 5896 et
2145 5830 2256 5918 ipsius
2283 5838 2381 5920 petri
