5334 7098
614 564 679 634 lid
1265 572 1437 644 condit
1470 570 1737 644 olvnnsls

560 790 667 858 statis
691 795 875 861 teneamus
899 795 935 858 61
958 792 1192 880 (1611161116,
1217 798 1253 864 61
1277 797 1374 864 fobee
1397 801 1433 864 61
1455 795 1569 863 omnis
1600 798 1720 864 nostre
1750 791 1922 863 utilitatis
1950 792 2049 862 iusta,
2075 791 2256 860 rationem
2282 791 2406 860 ibidem

561 941 750 1029 1661611116,
775 946 811 1009 61
833 944 949 1010 totum
973 944 1055 1011 illut
1077 948 1307 1030 pastenemus
1332 949 1477 1015 arbusto
1500 953 1537 1016 et
1561 949 1625 1014 biti
1651 948 1694 1016 de
1718 950 1809 1016 bono
1833 947 1968 1015 bitineo
1990 929 2162 1032 et'poma,
2178 946 2214 1010 et
2238 943 2360 1012 amodo
2376 949 2409 1012 et

562 1112 672 1178 usque
695 1094 879 1163 duodecim
902 1095 989 1166 anni
1006 1098 1160 1185 coupleti
1183 1099 1226 1168 de
1249 1099 1342 1186 quod
1366 1099 1498 1168 ibidem
1514 1099 1825 1186 seminaberimus,
1842 1099 1964 1166 demus
1981 1097 2020 1165 in
2036 1115 2121 1184 pars
2137 1097 2250 1182 ipsius
2264 1095 2408 1164 ecclesie

561 1249 709 1317 tertiam
731 1267 827 1338 pare,
851 1255 886 1318 61
909 1251 977 1318 due
1001 1250 1107 1319 sortis
1132 1251 1213 1320 inde
1237 1253 1339 1320 nobis
1362 1256 1571 1340 habeamus,
1588 1257 1624 1322 et
1640 1254 1685 1322 da
1702 1272 1771 1341 quo
1786 1257 1955 1342 parutum
1979 1253 2101 1338 fuerit,
2126 1255 2167 1318 ut
2191 1250 2274 1317 inde
2290 1252 2410 1317 vinum

561 1403 711 1488 exierit,
735 1421 798 1488 per
822 1421 935 1472 annos
959 1406 1132 1474 faciamus
1155 1408 1248 1475 scire
1271 1425 1356 1494 pars
1372 1406 1483 1493 ipsius
1506 1406 1666 1492 ecclesie,
1691 1410 1732 1474 ut
1754 1406 1890 1494 dirigat
1906 1405 2038 1473 ibidem
2062 1403 2208 1472 missum
2233 1422 2337 1471 suum
2351 1423 2412 1489 pro

564 1555 772 1640 recipienda
796 1558 873 1643 ipsa
896 1577 1019 1626 eorum
1042 1560 1209 1647 sortione,
1233 1564 1269 1628 et
1291 1579 1356 1627 nos
1380 1560 1597 1646 temporibus
1621 1558 1697 1626 suis
1713 1558 1795 1626 illut
1818 1559 2091 1644 vindemiemus,
2108 1561 2144 1626 et
2159 1558 2275 1624 omnis
2290 1558 2410 1624 vinum

564 1712 601 1774 et
626 1725 729 1794 poma
752 1706 881 1775 exinde
906 1708 944 1774 in
969 1710 1112 1777 tertiam
1135 1713 1237 1796 parte
1263 1709 1356 1778 inter
1378 1728 1442 1776 nos
1458 1710 1538 1777 illut
1560 1689 1771 1779 dividamus:
1790 1729 1855 1778 nos
1870 1712 2036 1780 tollamus
2060 1709 2190 1778 exinde
2205 1710 2275 1776 due
2291 1708 2408 1791 sortiS,

564 1865 601 1928 et
624 1862 769 1928 tertiam
792 1865 893 1948 parte
917 1862 1000 1930 inde
1022 1864 1053 1930 ei
1079 1864 1214 1948 demus,
1239 1867 1274 1932 et
1298 1864 1376 1951 ipsa
1398 1883 1520 1932 eorum
1543 1865 1697 1932 sortione
1714 1865 1756 1932 de
1780 1865 1855 1951 ipso
1878 1863 2000 1930 vinum
2015 1881 2080 1930 nos
2097 1863 2179 1931 illut
2203 1879 2413 1948 reponamus

565 2013 769 2106 indomum
793 2017 915 2082 nostra
940 2013 978 2080 in
1002 2033 1197 2102 organeum
1222 2035 1326 2101 quem
1343 2015 1404 2084 ille
1427 2016 1529 2083 nobis
1553 2017 1805 2104 atsignaberit,
1824 2020 1859 2085 61
1876 2016 1953 2105 ipso
1976 2033 2173 2104 organeum
2189 2015 2260 2083 siat
2275 2031 2340 2099 per
2355 2031 2416 2081 nos

564 2165 766 2234 conciatum
791 2169 934 2253 bonum,
958 2172 993 2235 et
1017 2169 1156 2237 salbum
1180 2170 1263 2239 illut
1284 2170 1476 2256 faciamus,
1501 2171 1610 2239 donec
1626 2171 1708 2238 illut
1723 2172 1807 2238 inde
1822 2170 1956 2256 tulerit,
1979 2189 2112 2256 apsque
2135 2168 2410 2256 degeneratione

566 2321 603 2384 et
626 2319 738 2404 ingne
761 2321 796 2384 61
821 2337 952 2405 111166,
970 2323 1005 2388 61
1021 2319 1094 2406 ipso
1111 2323 1259 2388 missum
1284 2337 1406 2388 eorum
1429 2340 1531 2406 quem
1556 2321 1687 2389 ibidem
1710 2318 2417 2407 (111616111116166111611161666661111

571 2472 696 2558 sertio,
721 2489 784 2537 nos
810 2471 891 2538 illut
913 2475 1114 2540 nutriemus
1137 2473 1415 2560 rationabiliter,
1439 2475 1549 2542 donec
1573 2475 1704 2542 ibidem
1728 2474 1881 2561 steterit,
1898 2478 1934 2542 et
1951 2474 2019 2561 ipsi
2034 2474 2201 2542 castanei
2227 2492 2334 2560 quem
2353 2471 2417 2540 ibi-

572 2601 654 2738 dem
677 2629 774 2712 sunt,
799 2643 862 2692 nos
879 2624 939 2692 ille
963 2626 1171 2714 colligamus
1195 2629 1401 2698 annualiter
1425 2634 1461 2697 61
1484 2631 1674 2714 6161161116,
1691 2633 1727 2696 61
1745 2631 1890 2698 tertiam
1912 2647 1995 2716 pars
2011 2647 2133 2698 eorum
2148 2631 2285 2715 demus,
2302 2631 2340 2696 et
2354 2627 2419 2696 due

572 2780 679 2846 sortis
703 2781 786 2847 inde
811 2782 913 2848 nobis
938 2783 1116 2849 abeamus.
1142 2784 1188 2850 At
1212 2801 1295 2850 vero
1317 2784 1471 2870 conpleti
1496 2784 1562 2870 ipsi
1588 2784 1771 2852 duodecim
1795 2783 1971 2853 anninus
1995 2785 2165 2852 abeamus
2182 2785 2222 2852 in
2245 2787 2323 2851 tota
2346 2785 2420 2870 ipsa

572 2935 671 2999 terra
695 2950 758 3016 per
782 2929 986 3016 supradicte
1009 2930 1092 2998 finis
1115 2935 1150 3000 et
1174 2933 1355 3001 mensurie
1387 2937 1534 3002 arbusto
1556 2937 1690 3003 sactum
1721 2937 1935 3003 1116111161
1959 2941 2145 3022 operatum
2174 2941 2210 3004 et
2233 2937 2424 3022 cultatum,

575 3083 670 3151 sicut
694 3083 793 3150 decet
817 3083 859 3149 de
883 3085 1003 3150 tantos
1027 3101 1140 3151 annos
1164 3088 1200 3150 et
1224 3085 1320 3152 locu's
1341 3086 1416 3172 ipse
1439 3089 1625 3174 meruerit,
1643 3093 1682 3155 ut
1697 3091 1786 3157 bene
1802 3093 1929 3174 pareat
1945 3089 2088 3175 facturn,
2106 3090 2273 3175 bitatum,
2291 3093 2329 3155 et
2344 3107 2421 3173 ope-

575 3241 719 3321 ratum,
744 3239 779 3302 et
803 3235 1000 3321 circoytum
1025 3235 1107 3304 illut
1130 3237 1287 3324 clusum,
1312 3245 1347 3307 et
1371 3239 1417 3307 da
1441 3241 1510 3326 ipsi
1533 3243 1826 3310 duodecimanni
1851 3245 1890 3309 in
1915 3246 2022 3311 antea
2045 3240 2140 3308 omni
2175 3245 2335 3328 tempore
2362 3257 2424 3306 nos

575 3395 613 3456 et
637 3388 769 3457 nostris
792 3391 981 3458 heredibus
1004 3395 1150 3459 arbusto
1173 3394 1290 3480 ipsum
1314 3395 1519 3463 annualiter
1550 3397 1766 3483 temporibus
1798 3397 1873 3463 suis
1905 3395 2105 3464 laboremus
2127 3395 2170 3462 de
2194 3414 2299 3481 super
2325 3400 2360 3463 et
2382 3394 2424 3462 de

577 3547 724 3630 suptuS,
749 3548 784 3610 et
811 3544 871 3610 ubi
896 3545 1088 3632 meruerit,
1113 3548 1207 3614 astas
1230 3564 1383 3633 ponere,
1406 3553 1441 3616 61
1464 3549 1555 3617 bites
1577 3554 1697 3618 traere
1709 3600 1719 3636 ,
1743 3553 1778 3618 et
1802 3549 1945 3617 cludere
1968 3548 2050 3617 illut
2081 3548 2298 3637 circoytum,
2333 3552 2424 3618 sicut

578 3697 676 3762 locus
700 3696 774 3782 ipse
798 3696 982 3784 meruerit,
1008 3701 1048 3765 11
1071 3701 1160 3767 bene
1183 3704 1307 3786 pareat
1329 3699 1528 3768 laboratum
1552 3705 1587 3767 et
1610 3699 1785 3768 cultatum
1808 3705 1844 3767 et
1866 3699 2016 3786 clusum,
2039 3705 2076 3768 et
2098 3719 2225 3770 curam
2240 3706 2277 3768 61
2294 3702 2424 3788 vigila·

579 3847 713 3916 tionem
741 3849 822 3917 inde
846 3851 1029 3938 abeamus,
1044 3855 1080 3920 et
1095 3869 1157 3938 per
1173 3854 1329 3938 tempore
1345 3851 1387 3919 de
1402 3853 1587 3920 vindemie·
1604 3853 1778 3921 faciamus
1802 3872 1887 3940 pars
1905 3854 2016 3940 ipsius
2032 3854 2178 3923 ecclesie
2194 3853 2299 3944 scire,
2318 3862 2360 3926 ut
2375 3857 2430 3926 di·

578 4002 678 4090 rigat
701 4003 833 4071 ibidem
857 4005 1003 4072 missum
1027 4023 1130 4072 suum
1151 4023 1216 4092 pro
1239 4005 1480 4092 recipiendam
1504 4007 1581 4093 ipsa
1604 4024 1726 4074 eorum
1741 4007 1908 4093 sortione,
1932 4011 1968 4075 et
1991 4025 2055 4075 nos
2077 4010 2222 4078 arbusto
2238 4010 2316 4098 ipso
2342 4016 2429 4080 tem·

578 4157 725 4245 poribus
749 4157 822 4223 suis
846 4156 1113 4244 bindemiemus,
1137 4160 1173 4224 61
1195 4157 1453 4240 omnisvinum
1478 4163 1513 4227 et
1536 4177 1640 4246 poma
1654 4158 1783 4226 exinde
1807 4159 1846 4226 in
1861 4159 2007 4228 tertiam
2031 4164 2134 4247 parte
2149 4163 2245 4231 inter
2261 4183 2327 4234 nos
2342 4167 2425 4238 illut

578 4305 792 4376 dividamus:
818 4325 882 4375 nos
904 4307 1073 4376 tollamus
1104 4307 1186 4375 inde
1209 4309 1277 4376 due
1301 4309 1426 4396 sortis,
1450 4315 1484 4379 et
1507 4311 1651 4380 tertiam
1673 4317 1775 4400 parte
1805 4313 1887 4381 inde
1910 4313 1943 4382 ei
1967 4315 2110 4402 demus,
2140 4315 2276 4402 etipsa
2299 4337 2424 4386 eorum

580 4461 736 4528 sortione
759 4459 802 4528 de
825 4461 901 4546 ipso
916 4460 1041 4526 vinum
1064 4457 1146 4526 illut
1161 4476 1238 4544 nos,
1255 4457 1348 4526 sicut
1369 4459 1541 4550 diximus,
1558 4481 1768 4549 reponamus
1784 4465 1822 4530 in
1838 4465 1980 4532 domum
1995 4471 2155 4536 nostram
2170 4470 2209 4537 in
2225 4486 2425 4557 organeum

580 4631 685 4698 quem
710 4613 782 4680 illis
806 4615 908 4681 nobis
931 4612 1182 4700 atsignaberit,
1198 4617 1233 4679 et
1256 4613 1332 4699 ipso
1355 4632 1552 4698 organeum
1574 4634 1637 4702 per
1661 4635 1724 4684 nos
1740 4619 1811 4687 siat
1826 4621 2028 4688 conciatum
2051 4621 2194 4709 bonum,
2217 4627 2254 4692 61
2278 4627 2422 4694 salbum

582 4765 663 4832 illut
687 4767 875 4853 laciamuS,
900 4766 1009 4834 donee
1034 4766 1115 4835 illut
1138 4764 1221 4832 inde
1242 4767 1378 4854 tulerit,
1396 4787 1528 4856 apsque
1551 4770 1826 4855 degeneratione
1849 4777 1884 4840 et
1906 4773 2016 4862 ingne
2040 4779 2076 4844 et
2098 4794 2230 4863 mures3
2247 4783 2283 4846 et
2306 4798 2429 4866 quem·

583 4918 786 4987 ammodum
803 4921 839 4986 et
854 4921 950 4986 omni
975 4924 1132 5005 temporo
1154 4918 1192 4986 in
1214 4921 1422 5008 supradicta
1445 4923 1659 4993 tradietione
1684 4924 1815 5012 aliquit
1839 4925 1972 4996 ibidem
1995 4929 2303 5019 seminaberimus,
2330 4933 2431 5002 simi-

584 5073 667 5144 liter
693 5075 732 5143 in
755 5093 839 5162 pars
862 5077 975 5162 ipsius
997 5077 1144 5146 ecclesie
1168 5077 1290 5147 demus
1313 5081 1459 5149 tertiam
1483 5099 1581 5167 pars,
1597 5085 1633 5149 et
1647 5080 1715 5148 due
1738 5081 1843 5149 sortis
1867 5083 1950 5151 inde
1972 5086 2074 5153 nobis
2097 5088 2280 5177 abeamus,
2297 5095 2336 5158 et
2353 5089 2428 5178 ipse

473 5258 476 5272 ·
586 5235 754 5301 castanea
779 5229 989 5317 colligamus
1012 5235 1048 5299 et
1068 5210 1261 5318 eiciemus,
1277 5237 1314 5300 61
1337 5253 1400 5322 per
1422 5235 1647 5304 medietatem
1670 5238 1842 5306 internos
1867 5239 1948 5308 illut
1970 5240 2184 5310 dividamus:
2209 5263 2295 5331 pars
2321 5245 2435 5333 ipsius

585 5383 733 5455 ecclesie
757 5385 879 5454 demus
902 5384 1142 5472 medietatem,
1160 5390 1195 5454 et
1209 5387 1433 5457 medietatem
1457 5389 1539 5456 inde
1555 5392 1657 5458 nobis
1671 5395 1856 5479 abeamus;
1872 5398 1909 5462 61
1923 5395 1999 5482 ipso
2012 5413 2135 5466 eorum
2158 5398 2321 5487 missum,
2339 5402 2433 5470 sicut

585 5537 758 5624 diximus,
782 5553 846 5604 nos
871 5535 954 5604 illut
976 5537 1178 5606 nutriemus
1193 5537 1470 5628 rationabiliter,
1494 5541 1604 5610 donec
1629 5542 1761 5612 ibidem
1784 5539 1922 5614 steterit
1945 5564 2009 5633 pro
2031 5567 2154 5618 eorum
2169 5551 2326 5620 sortione
2342 5555 2432 5622 reci·

554 5735 556 5740 ,
589 5689 785 5777 piendum,
809 5695 845 5758 61
868 5689 992 5759 amodo
1015 5694 1052 5759 et
1074 5710 1211 5780 semper
1234 5692 1417 5763 defensare
1432 5694 1534 5762 nobis
1556 5699 1758 5785 nostrisque
1773 5699 1963 5768 heredibus
1979 5701 2106 5773 inolita
2129 5706 2338 5793 supradicta
2362 5711 2436 5776 tra-

586 5843 708 5932 dictio,
733 5863 815 5912 cum
837 5844 1497 5916 1166(1611661616611166116111166
1519 5849 1684 5936 omnique
1708 5853 1871 5940 partibus
1888 5854 1955 5940 ipsi
1974 5857 2118 5946 rectori,
2134 5859 2189 5928 161
2206 5879 2289 5946 pars
2314 5863 2433 5948 ipsius
