5310 7080
976 521 1382 594 lllltolln'llctls
1988 516 2055 588 lezi

255 745 298 814 ad
322 762 407 830 pars
430 745 540 812 nostri
568 747 774 813 monasterii
800 745 922 832 daret3
947 751 982 814 61
1006 767 1028 814 a
1051 767 1121 832 quo
1145 765 1216 812 non
1240 746 1348 816 luerit
1372 749 1473 815 nobis
1497 753 1532 816 et
1556 749 1600 816 ad
1626 745 1758 816 nostris
1783 745 2044 812 successoribus
2072 748 2109 810 et

255 898 301 968 ad
322 917 406 983 pars
432 901 542 966 nostri
568 899 774 968 monasterii
798 903 1045 985 comparutum
1070 920 1141 968 non
1164 900 1271 970 fuerit
1287 898 1325 988 ¹),
1350 903 1390 967 ut
1414 903 1489 987 ipse
1513 900 1716 988 supradicte
1740 905 1833 968 terre
1856 897 1901 968 ad
1926 899 2000 986 ipse
2025 898 2107 968 kal·

247 1053 328 1118 lino
351 1057 388 1120 et
414 1053 459 1120 ad
482 1054 556 1120 suis
580 1053 744 1120 eredibus
766 1053 841 1139 ipse
865 1054 1067 1142 supradicte
1092 1058 1186 1156 terre
1210 1057 1312 1122 nobis
1344 1061 1378 1124 et
1410 1056 1456 1124 ad
1479 1055 1611 1124 nostris
1635 1054 1895 1122 successoribus
1918 1052 2103 1121 ammittat

257 1205 330 1290 ipse
354 1216 449 1273 terre
473 1205 550 1273 sinc
576 1206 691 1273 omnis
714 1207 905 1294 calumnie,
931 1227 953 1276 a
977 1227 1045 1294 quo
1069 1210 1171 1276 nobis
1195 1227 1265 1276 non
1291 1210 1400 1277 luerit
1425 1207 1652 1276 coniaoutum
1676 1207 1817 1276 illorum
1841 1208 1927 1275 dare
1943 1206 1988 1275 ad
2013 1207 2110 1274 labo-

257 1358 421 1444 randum3
447 1360 594 1444 quodsi
618 1360 693 1445 ipse
719 1359 855 1428 kallino
878 1363 914 1428 et
937 1361 1012 1428 suis
1034 1361 1199 1429 eredibus
1222 1362 1265 1430 de
1288 1363 1449 1449 predicta
1474 1365 1579 1430 rebus
1603 1365 1695 1430 iusto
1719 1362 1887 1432 terratico
1920 1363 1965 1432 ad
1988 1364 2110 1429 nostro

255 1515 470 1580 monasterio
492 1514 579 1580 dare
603 1513 770 1600 noluerit,
787 1517 821 1580 et
838 1513 911 1599 ipse
926 1519 1021 1584 terre
1038 1516 1083 1584 ad
1100 1520 1222 1583 nostro
1238 1518 1457 1586 monasterio
1473 1520 1551 1586 sine
1566 1518 1745 1586 calumnie
1763 1517 1966 1584 ammittere
1982 1517 2106 1584 nolue-

256 1665 321 1752 rit,
345 1671 380 1734 et
409 1667 654 1752 quodcumque
677 1669 896 1738 causationis
920 1671 1092 1738 adbersus
1115 1687 1179 1736 nos
1201 1670 1332 1738 exinde
1355 1670 1528 1774 emiserit3
1560 1689 1621 1756 per
1645 1687 1682 1736 se
1706 1673 1769 1738 aut
1792 1687 1854 1754 per
1878 1668 2102 1738 summissam

255 1839 371 1906 suam,
398 1821 474 1888 ideo
497 1827 580 1890 ante
603 1825 723 1892 omnia
747 1827 783 1891 et
807 1843 869 1910 per
894 1843 1022 1894 vonam
1044 1823 1340 1892 combenientiam
1363 1822 1537 1910 obligavit
1561 1839 1598 1888 se
1622 1823 1697 1908 ipse
1722 1821 1859 1890 kalllno
1882 1825 1918 1889 et
1942 1823 2017 1890 suis
2033 1840 2110 1890 ere·

257 1973 360 2040 dibus
384 1977 495 2043 michi
520 1983 556 2044 et
580 1979 626 2044 ad
644 1979 731 2046 meis
748 1981 1009 2048 successoribus
1024 1983 1059 2046 et
1075 1979 1120 2046 ad
1136 1997 1221 2065 pars
1236 1976 1348 2044 nostri
1366 1975 1574 2044 monasterii
1601 1993 1809 2060 componere
1832 1973 1986 2061 triginta
2009 1976 2112 2044 aurei

264 2127 367 2194 solidi
392 2131 624 2217 constantini,
649 2137 685 2201 61
709 2135 830 2201 omnia
853 2132 945 2218 quod
970 2132 1134 2218 superius
1160 2130 1315 2218 legitur,
1339 2145 1402 2214 per
1426 2128 1552 2196 invitis
1577 2126 1679 2194 nobis
1704 2127 1927 2214 adimpleret3
1951 2127 2046 2195 unde
2069 2127 2113 2194 de

253 2282 390 2366 omnia,
408 2283 500 2368 quod
517 2286 683 2370 superius
707 2285 852 2372 legitur,
876 2286 1139 2372 adimplendum
1162 2282 1294 2370 guadia
1311 2279 1417 2348 michi
1437 2280 1512 2366 ipse
1536 2279 1676 2348 kallino
1698 2279 1795 2348 dedit
1817 2285 1853 2348 61
1878 2280 2109 2350 mediatorem

262 2434 371 2501 michi
397 2435 528 2503 exinde
552 2440 671 2522 posuit
696 2440 850 2506 iohanne
874 2456 980 2524 greco
1003 2439 1049 2505 da
1074 2437 1142 2522 ipsi
1167 2435 1312 2506 balloni.
1338 2441 1373 2503 et
1398 2435 1521 2502 taliter
1546 2434 1671 2521 scripsi
1707 2451 1772 2522 ego
1796 2435 1912 2502 roffrit
1935 2437 2109 2521 presbiter

256 2594 294 2656 ct
318 2593 494 2675 notarius,
518 2593 619 2658 actus
643 2592 797 2678 lucanie,
823 2591 885 2678 qul
910 2595 1094 2660 intersum.

304 2713 334 2827 †
358 2742 502 2828 signum
527 2764 674 2813 manum
698 2745 811 2814 alfani
837 2746 903 2813 arn
928 2746 1058 2814 sorani

302 2870 332 2984 †
355 2900 498 2984 signum
522 2917 667 2966 manum
693 2899 810 2968 nicola
834 2900 1064 2968 ministeriali

299 3022 328 3136 †
354 3050 498 3137 signum
522 3069 669 3117 manum
693 3051 910 3122 constantini

297 3175 326 3289 †
351 3205 494 3290 signum
519 3223 662 3273 manum
687 3207 819 3273 rnarini
844 3207 890 3274 da
913 3207 1090 3276 duliarola
1106 3209 1144 3288 ²).

1052 3887 1284 3969 DCVIII.

1026 4115 1081 4193 Α.
1109 4114 1160 4192 D.
1188 4111 1317 4194 1008.

293 4317 327 4458 †
353 4372 391 4436 ln
410 4373 553 4438 nomine
569 4371 717 4440 domini.
736 4375 839 4440 Anno
856 4373 1021 4441 vicesimo
1037 4377 1187 4444 hoctabo
1202 4374 1425 4462 principatus
1441 4373 1561 4442 domni
1578 4374 1722 4460 paldolfi
1739 4371 1885 4459 gloriosi
1902 4373 2092 4464 principie,

248 4531 286 4594 et
310 4529 654 4598 vicesimosecundo
678 4548 774 4600 anno
796 4532 1021 4618 principatus
1044 4533 1162 4599 domni
1186 4530 1329 4602 landolfi
1353 4528 1474 4616 magni
1498 4529 1671 4616 principis
1695 4528 1761 4596 filii
1785 4530 1877 4614 eius,
1892 4546 2012 4597 mense
2036 4547 2099 4597 no-

249 4682 404 4768 sember,
429 4684 580 4768 septima
604 4683 809 4754 indictione.
834 4688 1121 4756 Memoratorium
1145 4688 1281 4754 lactum
1296 4705 1319 4752 a
1334 4703 1390 4752 me
1405 4683 1555 4770 angelus
1571 4681 1644 4748 illio
1661 4681 1809 4750 iohanni
1834 4683 2017 4771 magistri,
2034 4685 2097 4771 qui

247 4849 324 4898 sum
354 4838 612 4902 commorantes
642 4834 685 4902 de
718 4835 791 4902 loco
820 4841 939 4906 monte
972 4843 1093 4926 aperto
1117 4835 1156 4926 ⁸),
1181 4839 1224 4907 de
1247 4857 1287 4906 oc
1310 4840 1402 4926 quod
1426 4841 1511 4905 ante
1544 4838 1761 4923 subscriptos
1785 4840 1892 4904 testes
1915 4853 1979 4922 per
2003 4837 2098 4906 bona

246 4984 498 5054 conbenientia
530 4986 705 5055 coniunxi
736 5006 792 5056 me
824 5007 889 5076 ego
911 5009 991 5058 oum
1014 4991 1169 5060 martino
1192 4990 1368 5077 presbiter
1391 4990 1465 5058 filio
1489 4991 1580 5059 leoni
1608 4991 1866 5060 commorantes
1898 5007 1945 5055 ex
1973 4986 2094 5056 eodem

286 5357 307 5437 Ι)
322 5359 407 5431 Quid
421 5379 482 5440 per
498 5366 724 5438 comparatum
738 5377 807 5419 non
819 5361 933 5438 fuerit,
952 5366 986 5420 et
1001 5358 1088 5421 inlra
1103 5358 1182 5438 quid
1197 5359 1454 5438 permulserit
1469 5359 1698 5421 micantum?
1719 5358 1870 5418 Fortasse
1888 5355 1933 5415 lla
1948 5351 2095 5432 intelligi

241 5509 360 5583 potest:
383 5507 465 5569 utile
479 5507 572 5568 uobis
586 5526 654 5568 non
667 5507 969 5570 videretur-nobis
983 5527 1051 5570 ooo
1061 5509 1218 5588 placeret.

284 5654 307 5736 ²)
328 5653 511 5730 Duliorola,
535 5656 588 5718 vel
615 5656 776 5731 Uliorclm
800 5676 903 5739 pagus
927 5659 962 5719 in
986 5657 1127 5721 Cilento.

283 5803 305 5882 8)
326 5803 565 5884 Monte-aperto
588 5805 622 5864 in
645 5805 792 5885 Princip.
818 5805 884 5869 Ult.
