5310 7080
594 527 667 632 me
1233 517 1407 590 uonna
1441 518 1706 596 unvnnsrs

549 755 718 824 stitutum
743 767 856 836 usque
878 748 1002 817 diebus
1025 747 1179 833 triginta
1203 763 1280 830 sex3
1304 749 1341 812 et
1356 747 1386 814 si
1411 765 1473 833 per
1499 745 1576 833 ipsa
1592 747 1786 817 constituta
1809 746 1968 816 noluerit
1993 747 2075 816 illut
2099 764 2215 816 emere
2238 745 2284 814 ad
2307 746 2397 814 iusto

549 907 722 993 pretium,
746 909 833 972 tunc
857 903 936 988 post
961 901 1037 986 ipsa
1061 897 1256 968 constituta
1280 897 1394 966 licead
1417 917 1481 967 nos
1504 900 1586 968 illut
1609 901 1696 970 dare
1719 903 1777 969 cui
1802 901 2032 988 boluerimus3
2059 920 2145 971 nam
2166 899 2197 967 si
2214 902 2299 968 ante
2322 898 2399 986 ipsa

555 1057 751 1126 constituta
775 1055 985 1140 cuicumque
1010 1051 1091 1120 illut
1113 1050 1313 1120 dederimus
1337 1054 1470 1138 absque
1492 1052 1638 1121 illorum
1661 1055 1849 1143 solutione,
1873 1055 1966 1123 sicut
1990 1055 2033 1122 de
2049 1057 2172 1122 nostra
2194 1055 2414 1140 potestatem,

553 1229 620 1280 exe
644 1213 896 1294 substractum,
914 1209 1048 1294 absque
1071 1206 1227 1292 pretium
1251 1207 1463 1292 perbeniant
1486 1208 1531 1274 ad
1556 1208 1699 1275 illorum
1723 1212 1947 1296 potestatem,
1972 1208 2177 1278 laciendum
2201 1205 2285 1274 inde
2309 1207 2400 1293 quod

550 1363 716 1432 boluerit.
743 1363 837 1429 unde
863 1379 926 1449 pro
949 1359 1075 1428 taliter
1095 1358 1231 1446 guadio
1254 1359 1356 1426 nobis
1380 1359 1475 1428 dedit
1505 1365 1540 1428 et
1570 1362 1802 1432 mediatorem
1827 1364 1927 1431 nobis
1950 1363 2068 1450 posuit
2093 1361 2197 1430 lando
2220 1379 2336 1428 comes
2360 1362 2401 1426 fi-

553 1521 622 1590 lius
647 1519 798 1606 maioni3
823 1524 859 1588 et
883 1538 946 1605 per
970 1519 1047 1604 ipsa
1071 1516 1206 1602 guadia
1229 1521 1292 1584 etc.
1320 1518 1467 1584 Statuto
1489 1519 1604 1582 mutto
1625 1519 1756 1600 viginti
1779 1517 1972 1584 solatiorum
1995 1518 2082 1583 ouri
2096 1515 2402 1584 constantiniano-

551 1692 651 1740 rom.
667 1677 703 1741 et
720 1675 816 1739 hunc
831 1672 975 1738 brebem
992 1669 1118 1754 scripsi
1134 1687 1201 1754 ego
1218 1667 1388 1736 iohannes
1413 1667 1587 1735 notarius

595 1797 626 1914 †
652 1827 728 1911 Ego
751 1823 948 1893 landemari

597 1949 627 2064 †
653 1978 728 2064 Ego
751 1974 909 2045 ademari
933 1993 989 2042 me
1013 1973 1204 2060 subscripsi

597 2103 628 2219 †
652 2133 727 2218 Ego
750 2133 872 2217 petrus
895 2147 950 2197 me
974 2129 1181 2215 subscripsi.

1361 2667 1596 2750 DCXIV.

1325 2935 1379 3011 A.
1409 2931 1459 3009 D.
1488 2927 1619 3010 1009.

592 3173 628 3312 †
653 3227 692 3290 ln
717 3225 859 3292 nomine
882 3225 1016 3291 domini
1042 3223 1210 3290 vicesimo
1235 3224 1354 3290 hanno
1379 3219 1603 3306 principatus
1627 3218 1745 3286 domni
1778 3219 1889 3285 nostri
1916 3217 2096 3304 guaimari
2127 3219 2279 3304 glorioso
2305 3221 2403 3305 prin-

548 3379 640 3466 cipe,
665 3396 785 3445 mense
810 3377 1028 3462 februarius,
1053 3377 1205 3461 septima
1229 3373 1438 3441 indictione.
1463 3374 1605 3440 declaro
1628 3392 1692 3460 ego
1716 3375 1889 3440 iohannes
1911 3372 2085 3458 presbiter
2102 3373 2198 3440 lilius
2220 3376 2399 3460 quondam

548 3531 700 3599 iohanni
718 3531 780 3616 qui
794 3530 975 3598 amonitus
999 3530 1208 3612 bocabatur,
1225 3531 1260 3594 et
1274 3546 1351 3594 sum
1369 3529 1614 3594 commanente
1627 3527 1724 3592 intus
1740 3522 1998 3592 salernitanam
2015 3525 2213 3612 cibitatem,
2229 3527 2402 3614 quoniam

547 3704 569 3750 a
593 3683 773 3770 preteritis
798 3681 883 3750 anni
908 3681 1091 3750 maraldus
1114 3685 1150 3747 et
1174 3678 1352 3748 rnadelmu
1376 3681 1534 3747 liuterini
1560 3680 1724 3766 germani
1742 3679 1812 3746 mei
1829 3699 1871 3748 ac
1888 3679 1952 3746 filii
1978 3682 2174 3766 supradicti
2200 3685 2403 3772 ammoniti,

546 3853 620 3904 una
643 3853 781 3904 meeum
805 3837 900 3902 inter
925 3852 989 3901 nos
1013 3831 1273 3902 acsoczabimus
1288 3836 1324 3899 et
1340 3831 1532 3900 dividimus
1555 3835 1661 3899 rebus
1686 3851 1769 3899 cum
1795 3833 1954 3901 arbustis
1971 3832 2109 3920 vitatis,
2127 3855 2194 3919 que
2217 3855 2403 3906 commune

546 3989 714 4056 abuimus
748 3989 787 4055 in
813 3987 926 4054 locum
951 3986 1108 4054 -tostaeio
1131 3986 1235 4050 nobis
1258 3980 1477 4070 pertinentes
1502 4003 1564 4070 per
1588 3985 1868 4070 successionem,
1892 3991 1928 4053 et
1951 3987 2099 4053 fecimus
2122 3987 2165 4056 de
2189 3989 2269 4076 ipsa
2295 3994 2402 4060 rebus

546 4145 621 4211 tres
644 4144 746 4230 sorti,
770 4147 807 4210 et
830 4139 1076 4227 unusquisque
1100 4157 1163 4206 sue
1187 4139 1274 4206 sorti
1300 4136 1384 4204 inde
1406 4136 1720 4223 compreensimus,
1744 4135 1851 4204 sicuti
1875 4141 1959 4204 sunt
1983 4139 2206 4209 continentes
2231 4145 2334 4213 brebi
2360 4147 2403 4214 de

546 4297 625 4386 ipsa
648 4299 876 4385 dibisionem,
900 4314 968 4384 que
993 4315 1055 4383 per
1078 4301 1199 4382 partes
1222 4293 1318 4360 inter
1342 4311 1405 4360 nos
1430 4292 1511 4359 inde
1535 4293 1669 4359 firmati
1694 4293 1891 4359 retinemus
1912 4297 2032 4380 etque
2051 4297 2151 4364 modo
2176 4299 2400 4368 hostedimus

542 4472 693 4540 quoram
722 4451 913 4540 presentiis
936 4451 1019 4518 miri
1042 4453 1079 4517 et
1102 4448 1256 4517 mirandi
1287 4445 1484 4532 iudicibus3
1508 4451 1574 4534 set,
1599 4447 1682 4515 dum
1707 4450 1791 4514 ante
1815 4465 1853 4513 os
1875 4465 1987 4517 annos
2010 4450 2083 4536 ipse
2108 4452 2291 4522 maraldus
2315 4475 2399 4543 ger-

543 4625 672 4688 manus
696 4626 795 4675 meus
818 4565 854 4672 et
878 4603 1073 4674 madelmus
1104 4607 1264 4690 nepotem
1289 4603 1449 4668 nostrum
1479 4618 1551 4667 una
1576 4619 1713 4667 mecum
1738 4601 1941 4686 aptabimus
1973 4603 2150 4672 fabricare
2173 4605 2327 4678 ecclesia
2352 4611 2397 4678 ad

544 4777 688 4825 onorem
711 4763 747 4826 et
770 4757 981 4826 bocabulum
1014 4755 1130 4825 sancti
1162 4754 1294 4822 nicolai
1319 4754 1358 4820 in
1383 4751 1537 4821 sortione
1568 4769 1646 4820 mea
1676 4770 1745 4838 que
1774 4753 1951 4842 diximuS,
1975 4755 2040 4841 ipsi
2076 4761 2238 4842 germani
2266 4763 2340 4830 mei
2365 4764 2402 4830 in

544 4914 638 4977 sorte
670 4909 761 4976 mihi
795 4909 1022 4977 tradiderunt
1046 4907 1083 4974 in
1108 4907 1225 4994 ipsum
1255 4906 1370 4973 locum
1396 4907 1543 4973 testacio
1567 4926 1589 4973 a
1612 4925 1718 4992 super
1744 4907 1816 4994 bia,
1841 4913 1879 4975 ut
1901 4907 2071 4996 diximus,
2097 4910 2192 4976 sicut
2217 4913 2314 4980 inter
2339 4930 2402 4980 nos

546 5063 651 5129 a'mbo
674 5059 838 5148 germani
863 5064 899 5127 et
924 5058 1103 5145 predictus
1127 5056 1300 5125 madelmo
1324 5061 1486 5141 nepotem
1510 5061 1672 5123 nostrum
1689 5055 1783 5124 filins
1799 5059 1997 5144 supradicti
2014 5061 2181 5128 madelmi
2205 5064 2399 5150 combenit,

544 5214 620 5282 illis
644 5213 688 5283 ad
714 5232 854 5282 omnem
878 5231 982 5279 snum
1006 5210 1191 5298 spendium
1223 5209 1492 5278 fabricaberunt
1523 5208 1600 5294 ipsa
1623 5208 1772 5276 ecclesia
1799 5209 1838 5275 in
1862 5207 1940 5295 ipsa
1963 5213 2118 5280 sortione
2148 5233 2227 5281 mea
2255 5235 2326 5300 que
2348 5216 2421 5282 di-'

547 5366 643 5435 citur
667 5384 774 5453 super
800 5366 874 5451 bia3
899 5369 935 5433 et
957 5364 1040 5432 dum
1065 5363 1252 5430 fabricata¹
1267 5360 1335 5427 l'uit
1359 5361 1437 5446 ipsa
1460 5357 1610 5426 ecclesia
1635 5357 1671 5423 in
1697 5358 1774 5443 ipsa
1798 5359 1952 5426 sortione
1976 5379 2056 5428 mea
2079 5361 2123 5428 de
2147 5361 2224 5448 ipsa
2248 5369 2356 5433 rebus
2378 5391 2400 5437 a

546 5539 653 5607 super
684 5521 769 5603 bia,
800 5524 885 5587 tunc
918 5515 1067 5584 domnus
1098 5511 1319 5600 grimoaldus
1352 5509 1534 5596 piissimus
1571 5517 1676 5597 atque
1708 5511 1925 5581 venerabilis
1956 5515 2242 5603 archiepiscopus
2273 5527 2399 5588 sancto

543 5675 639 5742 sedis
664 5673 887 5742 salernitane
910 5689 1059 5756 meaque
1082 5665 1357 5756 postulationem
1380 5663 1571 5750 dignanter
1596 5662 1733 5750 audibi,
1750 5669 1785 5731 et
1801 5683 1863 5752 per
1880 5665 2140 5736 combenientia
2164 5672 2282 5757 recepi
2299 5691 2324 5741 a
2340 5691 2398 5742 me

545 5839 618 5892 una
643 5823 735 5894 libra
751 5825 794 5893 de
818 5830 1025 5912 argentum,
1048 5825 1085 5890 et
1108 5839 1170 5907 per
1195 5819 1334 5887 firmam
1358 5813 1585 5902 scriptionem
1608 5817 1781 5883 concessit
1806 5817 1894 5883 milri
1921 5817 1998 5902 ipsa
2022 5818 2171 5888 ecclesia
2195 5826 2312 5892 sancti
2341 5826 2398 5892 ni-
