5318 7102
891 541 1074 616 REGUM
1101 546 1428 624 FRANCORUM
1996 558 2041 629 l5

279 769 348 839 oile
375 767 509 863 possint
535 764 750 851 disiudioari,
779 764 822 838 Et
847 765 966 838 nullus
993 769 1028 838 in
1055 793 1174 842 eorum
1201 771 1368 844 iudicium
1388 772 1513 866 aliquis
1532 775 1567 843 in
1587 773 1729 846 servitio
1747 773 1923 846 hominem
1945 775 2090 870 conqui-

279 937 344 1011 rat,
373 925 433 996 sed
459 947 520 1020 per
546 922 649 994 fidem
675 924 896 998 remittantur
923 949 1032 1018 usque
1060 927 1233 1022 presentia
1252 929 1402 1016 comitis,
1424 937 1458 1001 et
1475 929 1516 1000 ad
1536 909 1706 1025 ingenuos
1725 929 1884 1004 homines
1903 931 2001 1005 nulla
2018 933 2090 1028 pla·
2205 1015 2207 1018 ,

278 1085 348 1156 oita
373 1082 502 1154 faciant
528 1081 715 1167 custodire,
743 1089 924 1176 postquam
951 1081 1012 1154 illa
1037 1084 1103 1155 tria
1129 1082 1254 1178 placita
1281 1083 1482 1155 custodiunt
1499 1108 1564 1179 que
1584 1086 1743 1157 instituta
1777 1094 1870 1171 sunt,
1900 1087 1974 1159 Nisi
2001 1090 2088 1162 forte

278 1240 538 1336 constringant,
567 1247 606 1310 ut
632 1239 757 1332 aliquis
785 1239 934 1332 aliquem
963 1250 1115 1326 aeeuset,
1145 1241 1294 1334 Excepto
1321 1240 1400 1312 illos
1426 1241 1586 1313 seauinos
1612 1243 1670 1336 qui
1699 1266 1778 1314 oum
1804 1242 1977 1316 iudicibus
2004 1244 2089 1316 resi-

278 1404 362 1475 dere
388 1401 514 1472 debent
531 1395 568 1496 ¹).

231 1561 411 1648 VolumuS,
439 1569 478 1632 ut
504 1560 594 1631 siout
619 1583 682 1631 nos
709 1558 744 1628 in
770 1559 870 1630 nobis
896 1559 1009 1653 legem
1036 1557 1313 1643 observaremus,
1343 1558 1391 1629 lta
1418 1566 1452 1628 et
1478 1557 1576 1630 nobis
1603 1581 1724 1630 omnes
1742 1560 1854 1655 legem
1880 1582 2087 1632 conservare

278 1716 453 1801 definiant,
482 1726 516 1789 et
541 1717 643 1812 plena
669 1716 803 1788 iustitia
829 1715 864 1785 in
891 1738 1010 1786 eorum
1038 1713 1241 1785 ministeriis
1268 1713 1432 1808 quioquid
1459 1716 1499 1786 ad
1526 1739 1590 1786 nos
1614 1715 1778 1809 pertinet,
1807 1715 1936 1787 saciant
1953 1717 1989 1812 ²).

229 1874 405 1962 lubemus,
434 1883 493 1947 aut
519 1872 732 1968 quibuslibet
758 1873 873 1944 causis
900 1874 991 1943 servi
1018 1896 1087 1944 non
1115 1874 1271 1945 mittatur
1297 1873 1332 1943 in
1359 1873 1589 1959 districtione,
1610 1873 1671 1944 sed
1689 1875 1857 1968 permisso
1876 1883 2007 1960 nostro,
2031 1876 2087 1946 vel

278 2035 409 2106 domini
437 2058 570 2119 eorum,
592 2045 650 2106 aut
667 2057 786 2105 eorum
815 2033 984 2118 advocati,
1005 2034 1079 2128 ipso
1097 2056 1198 2104 servo
1216 2033 1349 2118 reddat,
1370 2035 1491 2106 Utrum
1510 2035 1701 2130 culpauiles
1721 2036 1802 2122 sint,
1831 2037 1880 2106 An
1908 2061 1989 2108 non.
2019 2037 2086 2132 lpsi

277 2215 361 2264 vero
388 2191 521 2263 domini
548 2193 770 2286 distringant,
799 2198 834 2262 et
860 2191 1013 2284 inquirat
1037 2214 1156 2263 servos
1182 2214 1276 2275 suos,
1305 2191 1396 2260 siout
1421 2191 1513 2285 ipsos
1541 2197 1669 2262 amant.

228 2351 272 2423 Ut
299 2372 402 2421 nemo
428 2351 551 2445 pedica
568 2355 591 2446 ³)
619 2352 655 2420 in
682 2352 810 2423 foresta
837 2350 1011 2434 domnica,
1040 2371 1104 2419 neo
1131 2350 1165 2418 in
1193 2345 1347 2440 qualibet
1372 2347 1448 2417 loeo
1474 2347 1618 2418 tendere
1644 2343 1869 2445 presumat⁸J.
1899 2348 1942 2422 Et
1965 2351 2030 2422 hoo
2056 2354 2086 2424 si

277 2509 429 2603 ingenuo
455 2508 740 2603 perpetraverint,
769 2505 922 2578 bannum
949 2505 1147 2578 domninum
1176 2505 1298 2590 solvat,
1329 2504 1365 2577 Si
1393 2504 1485 2574 servi
1511 2505 1643 2576 domini
1662 2529 1781 2578 eorum
1800 2508 1975 2596 emendet,
1995 2512 2087 2584 siout

277 2667 332 2738 lex
358 2675 412 2740 est
428 2663 463 2763 ⁵),

228 2831 273 2902 Ut
299 2852 400 2901 nemo
425 2835 601 2924 presumat
627 2829 705 2921 quis
732 2828 871 2899 homine
898 2826 1062 2912 uendere,
1093 2835 1152 2897 aut
1178 2848 1376 2919 comparare
1402 2826 1471 2897 nisi
1497 2829 1673 2921 presentia
1700 2830 1867 2901 comitum
1886 2839 1945 2903 aut
1963 2833 2086 2906 misso—

176 2977 179 2982 ’
277 3014 353 3062 rum
380 2988 533 3060 illorum.
561 2987 605 3057 llt
630 2997 668 3058 ut
694 3009 796 3057 nemo
825 2987 976 3056 audeant
1002 2986 1036 3055 in
1055 2987 1147 3057 furto
1167 2983 1339 3078 mancipia
1356 3007 1471 3055 emere
1491 2984 1526 3053 in
1546 2984 1649 3056 aliam
1668 2987 1846 3081 regionem
1865 2989 2001 3061 oeoulte
2023 2989 2086 3062 du-

277 3168 368 3228 cere,
398 3144 454 3216 ubi
481 3167 563 3215 vero
590 3151 763 3237 repertum
790 3141 907 3226 suerit,
936 3141 1084 3236 legalem
1111 3141 1321 3214 sententiam
1348 3141 1549 3214 subiaceant
1565 3135 1602 3236 ‘t
1681 3135 1684 3144 ’

228 3307 273 3380 Ut
298 3327 400 3376 nemo
426 3305 482 3375 sur
508 3302 646 3396 oapiant
671 3302 703 3394 i)
730 3299 772 3370 de
799 3301 994 3396 mancipiis,
1023 3302 1089 3372 Aut
1115 3301 1157 3371 de
1184 3299 1338 3394 qualibet
1355 3324 1459 3372 eausa
1477 3301 1631 3395 recipere
1650 3313 1838 3396 presumat,
1860 3305 1950 3376 sieut
1969 3307 2086 3401 sepius

277 3465 425 3535 domnus
451 3464 636 3556 imperator
663 3460 919 3532 commendavit
936 3461 972 3554 ²).

271 3807 294 3886 1)
315 3807 398 3868 nur.
423 3806 534 3867 nxrx.

269 3952 293 4030 ¹)
313 3951 398 4012 Mur.
422 3952 517 4013 LXX.
542 3950 784 4012 Trasoriviamo
807 3947 859 4009 dal
882 3947 1040 4010 Muratori
1063 3947 1095 4008 la
1125 3945 1232 4026 prima
1253 3947 1346 4024 parte
1363 3941 1395 4003 di
1412 3945 1530 4019 questa
1545 3940 1654 4019 legge,
1678 3941 1803 4022 perche
1827 3945 1854 4003 si
1878 3959 1976 4024 possa
1997 3945 2085 4026 oapi-

228 4117 279 4162 re.
309 4097 486 4172 volumus,
519 4101 559 4165 ut
579 4093 669 4159 siout
689 4109 749 4160 uos
770 4093 919 4159 omnihus
949 4092 1054 4172 legem
1083 4093 1313 4163 observamus,
1344 4086 1392 4152 ita
1421 4103 1531 4152 omnes
1552 4086 1692 4152 comites
1720 4087 1829 4153 nostri
1855 4089 1950 4154 nobis
1978 4089 2085 4171 leuem

224 4245 411 4310 ohservare
432 4241 569 4306 tactem.

242 4405 246 4412 ·
268 4390 293 4469 ³)
315 4411 331 4448 r
355 4387 488 4452 Pedicas
509 4391 567 4450 hoc
588 4393 635 4449 est
656 4387 743 4448 retia
764 4385 808 4448 od
830 4383 1009 4462 capiendos
1039 4401 1112 4446 oves
1140 4389 1170 4446 et
1190 4384 1272 4464 ferte
1299 4385 1338 4444 tu
1358 4382 1447 4444 silvis
1478 4381 1522 4445 od
1541 4379 1660 4460 Repeto
1687 4380 1906 4460 spectantibus
1933 4383 2084 4452 tendunt.

227 4559 243 4596 u
268 4535 409 4599 Ptedtea
430 4537 573 4597 occurrit
595 4550 720 4612 quoque
742 4531 925 4611 involent
946 4529 1140 4594 Italicorum
1160 4549 1316 4594 somnone.
1349 4531 1392 4592 In
1419 4530 1484 4608 fine
1512 4528 1590 4592 Cod.
1619 4529 1732 4594 Estote.
1761 4528 1840 4592 bene
1869 4529 1975 4594 addit:
1996 4531 2087 4599 sicut

228 4703 244 4742 α
269 4681 326 4745 lex
346 4686 411 4756 est;
435 4685 475 4744 ut
495 4679 570 4744 CXX
592 4678 680 4745 istus
702 4676 845 4757 accipiat
865 4692 995 4740 seruus:
1018 4675 1112 4758 (Mur.
1137 4695 1210 4757 pag.
1233 4678 1296 4742 102
1317 4679 1400 4741 Nota
1420 4677 1483 4758 91).

270 4829 295 4908 ⁸)
315 4827 379 4890 Nel
406 4825 557 4904 margine
580 4827 714 4887 interno
737 4824 766 4884 si
789 4823 886 4902 legge
910 4823 1026 4885 scritto
1050 4841 1111 4884 con
1135 4815 1292 4885 caratteri
1315 4821 1348 4881 di
1372 4821 1463 4884 color
1485 4838 1588 4884 rosso:
1612 4821 1709 4887 Roth.
1733 4839 1803 4902 cap.
1825 4823 1929 4889 (IGGX.

269 4975 293 5053 ³)
314 4975 398 5036 uur.
424 4973 535 5035 urm.
1866 4939 1869 4946 ’

269 5108 293 5199 ⁰)
316 5120 440 5192 Questa
461 5118 559 5196 legge
584 5120 602 5178 e
625 5117 658 5177 la
679 5117 809 5180 LXXIII
832 5115 886 5178 del
909 5113 1007 5188 Mur„
1031 5131 1129 5176 meno
1151 5112 1176 5173 il
1198 5111 1418 5193 principio-
1433 5113 1476 5176 lIt
1494 5127 1632 5178 nemo...
1655 5113 1807 5180 illorum:
1831 5123 1911 5198 pero
1938 5123 2083 5187 secondo

227 5264 291 5329 che
315 5267 423 5328 scrire
447 5266 538 5328 nella
559 5267 644 5327 Nota
664 5265 716 5346 94)
737 5283 817 5345 pare
840 5264 902 5326 ohe
926 5263 955 5324 si
980 5262 1076 5340 legga
1098 5257 1154 5321 nel
1177 5255 1254 5322 Cod.
1279 5256 1498 5319 Ambrosiano
1522 5277 1615 5321 come
1639 5260 1694 5322 nel
1719 5268 1844 5324 nostro.

274 5409 298 5491 ²)
318 5410 403 5473 uur.
428 5411 566 5473 Lxrnv.

266 5705 360 5782 ¹)Qul
375 5709 444 5766 torsa
459 5709 548 5767 volero
564 5707 628 5765 dtrst
643 5737 682 5752 -
695 5721 787 5764 suern
805 5721 955 5764 ceremon.
978 5704 1125 5774 crunnus,
1147 5703 1255 5763 (Immo
1275 5716 1312 5760 eo
1337 5701 1501 5762 Germanico
1521 5701 1646 5774 llaurrr,
1662 5707 1805 5765 testamen
1820 5723 1847 5770 r.
1867 5709 1920 5783 (ct.
1934 5711 1976 5773 Du
1992 5712 2083 5792 Canae

225 5845 318 5904 utoss.
334 5862 360 5904 r.
377 5844 528 5920 Curato).
