5310 7080
975 548 1382 620 lllPLOlllthCUS
2007 551 2048 620 ol

252 789 393 838 cursum
418 771 532 856 ipsum
556 791 731 856 aquarum
756 793 884 858 aquam
911 771 1025 858 ipsam
1051 771 1223 839 deducere
1248 771 1419 840 iaciamus
1437 774 1474 838 in
1492 774 1635 858 kemele,
1652 792 1756 858 quem
1774 791 1858 858 pars
1883 775 1999 840 vestre
2021 775 2102 840 hec-

252 925 356 991 clesie
379 927 534 1011 positum
558 928 711 996 habeta
735 945 841 1014 super
867 927 926 994 hia
951 929 1055 1012 caba,
1071 925 1134 1011 qui
1150 924 1292 992 deducit
1308 925 1419 994 iussta
1435 923 1509 1012 ipso
1529 927 1629 993 ribus
1651 925 1800 992 faustini
1825 928 1861 991 et
1883 924 2025 993 deducit
2039 945 2101 1011 per

253 1078 404 1147 berelais
427 1083 463 1148 et
479 1099 543 1166 per
562 1083 677 1168 ipsum
694 1083 855 1152 canalem
872 1087 908 1150 et
923 1100 986 1168 per
1010 1080 1121 1149 alium
1146 1078 1320 1163 canalem,
1338 1078 1429 1162 quod
1445 1078 1602 1145 hibidem
1617 1095 1748 1164 ponere
1765 1078 1868 1145 debet
1885 1077 2101 1145 monasterio

253 1232 367 1298 sancti
392 1233 577 1318 laurentii,
601 1239 638 1301 et
661 1239 798 1320 quanta
820 1254 915 1321 aqua
937 1231 1165 1300 disscurrerit
1188 1249 1250 1315 per
1274 1230 1390 1314 ipsum
1413 1229 1588 1314 canalem,
1609 1249 1717 1316 quam
1739 1251 1821 1317 pars
1843 1233 1958 1298 nostri
1980 1250 2101 1301 mona-

253 1383 355 1450 sterii
382 1385 540 1452 hibidem
562 1387 720 1472 posuerit
745 1392 781 1454 et
808 1407 871 1474 per
895 1387 1009 1474 ipsum
1033 1386 1195 1453 canalem
1218 1382 1425 1451 monasterii
1448 1387 1564 1452 sancti
1589 1383 1774 1470 laurentii,
1797 1391 1872 1453 tota
1895 1387 2101 1456 discurrant

252 1557 314 1622 per
340 1539 504 1625 aquario,
530 1539 622 1606 unde
648 1542 863 1608 consuetudo
887 1540 967 1626 suit,
984 1557 1095 1625 usque
1111 1539 1149 1605 in
1167 1537 1245 1624 ipsa
1267 1540 1367 1603 curte
1383 1535 1593 1603 monasterii
1617 1537 1734 1604 sancti
1759 1537 1942 1624 laurentii,
1969 1539 2029 1605 ubi
2046 1560 2101 1608 eo·
2133 1603 2136 1610 .

252 1690 360 1758 clesia
385 1693 502 1759 sancti
529 1693 736 1761 sebasstiani
761 1691 922 1759 dedicata
938 1696 1011 1776 est;
1036 1690 1201 1757 veniente
1218 1689 1311 1756 inter
1327 1689 1405 1776 ipsa
1420 1690 1526 1756 rebus
1548 1691 1664 1758 sancti
1688 1690 1860 1758 laurentii
1885 1691 2002 1760 media
2027 1696 2101 1762 tota

254 1846 330 1932 ipsa
356 1865 450 1930 aqua
474 1847 605 1913 abeant
633 1864 717 1932 pars
744 1844 1023 1930 archiepiscopio
1045 1843 1287 1928 salernitane,
1314 1845 1350 1908 et
1377 1843 1453 1928 ipsa
1479 1842 1552 1910 alia
1576 1842 1765 1911 medietate
1791 1843 1993 1912 dibidamus
2021 1865 2102 1913 cum

253 2019 338 2088 pars
367 1999 478 2087 ipsius
497 1991 709 2066 'monasterii
734 1995 850 2065 sancti
876 1996 1069 2064 laurentii:
1093 1993 1284 2064 'medietate
1307 1995 1417 2064 tollad
1437 1993 1525 2062 illud
1548 2015 1632 2082 pars
1658 1995 1768 2082 ipsius
1791 1999 1996 2066 monasterii
2021 2017 2103 2066 san·

253 2156 300 2224 cti
326 2153 528 2238 laurentii,
554 2152 768 2240 portandum
792 2133 831 2214 in
854 2148 942 2234 ipsis
966 2149 1072 2214 rebus
1095 2147 1191 2238 suis,
1220 2151 1264 2217 ad
1287 2151 1464 2217 abendum
1486 2151 1642 2235 qualiter
1665 2153 1844 2240 boluerit,
1871 2155 1907 2220 et
1931 2155 2009 2241 ipsa
2030 2155 2103 2223 alia

257 2309 462 2395 medietate,
487 2307 579 2392 quod
604 2311 658 2374 est
683 2304 811 2373 inclita
835 2307 1001 2390 quartam
1024 2307 1163 2387 partem
1178 2302 1221 2368 de
1236 2307 1310 2370 tota
1333 2302 1411 2388 ipsa
1434 2323 1541 2390 aqua,
1564 2307 1695 2373 abeant
1716 2324 1801 2391 pars
1823 2307 1974 2392 predicti
1989 2313 2100 2377 nostri

255 2461 483 2548 monasterii,
508 2462 722 2546 portandum
749 2465 784 2527 et
807 2455 983 2525 abendum
1007 2456 1052 2522 ad
1075 2453 1154 2541 ipsa
1178 2459 1301 2542 curte,
1327 2457 1421 2542 quod
1443 2455 1608 2542 superius
1634 2456 1734 2524 nohis
1756 2460 1942 2528 traddistis
1961 2463 2007 2531 da
2029 2463 2103 2550 ipso

253 2617 447 2688 birideario
468 2633 531 2701 per
547 2613 750 2699 aquarium,
774 2611 867 2678 unde
890 2610 1102 2677 consuetudo
1125 2609 1193 2677 fuit
1216 2627 1300 2692 pars
1327 2610 1482 2695 predicte
1505 2612 1677 2681 hecclesie
1700 2615 1815 2681 sancti
1841 2617 1990 2684 maximi
2008 2637 2104 2702 aqua

254 2773 329 2858 ipsa
355 2770 393 2836 in
420 2771 497 2854 ipsa
525 2770 625 2834 curte
652 2765 890 2852 portandum,
919 2768 954 2830 et
980 2765 1067 2830 hubi
1100 2765 1137 2830 in
1166 2767 1243 2849 ipsa
1269 2767 1369 2830 curte
1392 2763 1676 2850 portaberimuS,
1707 2767 1820 2835 licead
1845 2787 1928 2854 pars
1952 2770 2102 2856 predicti

254 2909 600 2990 nostri'monasterii
618 2918 699 2985 inde
717 2918 834 2984 iacere
857 2915 977 2983 omnia
1002 2934 1084 3004 que,
1101 2919 1165 2984 aut
1181 2916 1335 3002 qualiter
1352 2915 1581 2984 boluerimus.
1608 2920 1652 2984 Et
1675 2921 1817 3003 quando
1841 2921 1918 3006 ipsa
1945 2941 2039 3007 aqua
2064 2926 2103 2993 in

254 3075 415 3162 predicta
446 3078 546 3140 curte
572 3071 618 3138 da
646 3070 720 3155 ipso
753 3067 945 3136 birideario
972 3074 1114 3153 portare
1141 3067 1380 3156 boluerimus,
1409 3070 1523 3137 licead
1553 3090 1635 3156 pars
1663 3073 1777 3139 nostri
1803 3077 2011 3142 monasterii
2040 3097 2104 3162 per

254 3229 330 3313 ipsa
354 3229 460 3292 rebus
484 3223 635 3310 predicti
659 3189 866 3290 monasterii
883 3220 997 3287 sancti
1016 3222 1187 3288 laurentii
1203 3223 1392 3306 ingredere
1413 3227 1449 3289 et
1463 3223 1664 3309 regredere,
1693 3227 1825 3310 absque
1842 3227 2102 3296 damnietatem

255 3379 529 3462 rationabiliter,
554 3380 589 3445 ot
612 3377 687 3462 ipso
710 3375 860 3459 aquario
883 3373 1060 3459 conciare,
1087 3374 1172 3440 hubi
1198 3373 1335 3459 ruperit
1358 3377 1394 3440 et
1417 3375 1599 3442 meruerit.
1618 3377 1798 3462 Simulque
1821 3385 1857 3446 et
1882 3380 1993 3448 licead
2022 3401 2116 3466 parsw

254 3531 404 3620 predicti
430 3529 541 3596 nostri
565 3528 772 3595 monasterii
797 3525 895 3592 omni
921 3529 1075 3612 tempore
1098 3529 1212 3592 totum
1239 3527 1429 3612 aquarium
1453 3530 1585 3616 ipsum,
1613 3533 1775 3600 abunde
1801 3533 1928 3620 incipit
1951 3554 1974 3601 a
1998 3555 2105 3622 super

255 3683 320 3770 ipsi
347 3682 466 3753 canali
491 3686 527 3750 et
550 3699 662 3766 usque
686 3683 725 3748 in
743 3678 818 3765 ipsa
841 3677 1001 3764 predicta
1016 3681 1130 3764 curte,
1147 3679 1239 3762 quod
1259 3678 1361 3746 nohis
1378 3679 1589 3767 tradidistis,
1613 3681 1706 3748 unde
1726 3701 1772 3750 ex
1796 3684 1997 3771 antiquitus
2026 3706 2106 3753 cur-

252 3843 300 3909 sit
321 3837 382 3926 qui
407 3839 445 3906 in
469 3855 552 3925 pars
574 3839 690 3903 vestre
716 3833 887 3902 hecclesie
908 3831 1020 3901 sancti
1045 3831 1194 3898 maximi
1210 3831 1447 3916 pertinentem
1469 3836 1536 3919 est,
1560 3833 1663 3899 illum
1685 3837 1921 3904 conciandum
1944 3843 1980 3906 et
2005 3839 2141 3916 editi,

253 3993 419 4079 candum,
443 3995 483 4058 ut
505 3991 584 4076 ipsa
607 4005 700 4072 aqua
723 3985 877 4070 perfecte
893 3983 1023 4052 exinde
1046 3984 1099 4050 ire
1115 3987 1245 4067 possat,
1263 3981 1356 4050 sicut
1370 4001 1417 4051 ex
1432 3984 1636 4071 antiquitus
1653 3987 1736 4054 inde
1752 3989 1866 4056 cursit
1876 4009 1886 4077 ;
1912 3994 1947 4058 et
1963 3993 2106 4077 quando

253 4162 392 4216 necesse
418 4139 529 4210 fuerit
552 4137 715 4208 canalem
738 4138 854 4221 ipsum
877 4135 923 4204 da
938 4134 1016 4221 ipsa
1031 4152 1125 4220 aqua
1141 4135 1362 4224 mutandum,
1385 4139 1460 4205 sibe
1482 4139 1733 4228 conciandum,
1756 4147 1969 4228 potestatem
1991 4145 2105 4214 abead

251 4314 335 4383 pars
363 4293 515 4382 predicti
538 4290 652 4358 nostri
676 4285 887 4356 monasterii
911 4284 994 4352 illut
1015 4285 1090 4354 hibi
1114 4287 1350 4356 conciandum
1371 4296 1408 4359 et
1429 4295 1653 4381 mutandum,
1677 4294 1835 4380 qualiter
1859 4296 2051 4386 boluerint,
2068 4305 2105 4367 et

251 4449 301 4517 sic
327 4450 409 4516 inde
434 4461 707 4534 permaneamus
734 4461 815 4508 cum
843 4460 927 4526 pars
953 4440 1066 4527 ipsius
1096 4444 1305 4512 monasterii
1334 4449 1450 4514 sancti
1480 4447 1675 4535 laurentii,
1703 4450 1809 4517 sicuti
1837 4471 1922 4536 pars
1946 4453 2105 4539 predicte

251 4601 423 4668 hecclesie
450 4600 567 4668 sancti
583 4597 731 4666 maximi
750 4595 883 4664 exinde
898 4613 1106 4682 permanere
1122 4596 1259 4683 debuit,
1283 4595 1381 4665 belut
1403 4599 1549 4666 scribtio
1566 4599 1825 4669 combenientie
1842 4606 1878 4669 et
1892 4603 2105 4674 difinitionis

251 4755 427 4839 continet,
452 4769 555 4838 quem
582 4751 731 4817 domnus
755 4749 923 4817 antonius
947 4747 1151 4816 venerabile
1175 4751 1286 4816 abbas
1309 4749 1422 4837 ipsius
1448 4752 1655 4819 monasterii
1681 4755 1796 4822 sancti
1823 4755 1995 4826 laurentii
2024 4781 2106 4828 cum

253 4907 347 4974 maio
376 4891 649 4973 archidiaconus
675 4905 712 4969 et
737 4903 847 4969 abbas
874 4900 937 4986 qui
967 4900 1036 4966 fuit
1061 4901 1219 4986 predicte
1247 4901 1419 4969 hecclesie
1447 4903 1561 4971 sancti
1591 4905 1766 4992 maximi,
1792 4908 1923 4977 factam
1945 4915 2084 4983 habunt

2095 4968 2104 5003 l

251 5075 355 5142 quem
383 5057 485 5125 nohis
509 5062 544 5124 et
569 5055 731 5144 partibus
747 5055 899 5142 predicti
925 5053 1038 5121 nostri
1063 5053 1269 5122 monasterii
1296 5074 1377 5122 cum
1399 5061 1473 5123 tres
1497 5057 1567 5124 alie
1582 5059 1991 5134 scribtionibusdedisti.
2010 5070 2105 5136 Fini-

253 5215 359 5297 toque
386 5210 534 5280 bikaria
560 5210 637 5297 ipsa
660 5216 746 5297 aput
769 5227 832 5274 nos
855 5228 897 5277 ea
922 5207 1077 5294 ratione,
1101 5211 1141 5273 ut
1165 5207 1289 5277 amodo
1310 5212 1345 5274 et
1362 5226 1500 5295 semper
1523 5215 1564 5277 tu
1590 5214 1793 5283 nominatus
1816 5218 1908 5286 maio
1932 5223 2105 5304 presbiter

253 5367 287 5431 et
311 5367 435 5450 abbas,
462 5369 498 5431 et
526 5365 683 5448 posteros
708 5367 802 5450 tuos,
825 5367 861 5430 et
889 5381 972 5449 pars
997 5363 1155 5449 predicte
1178 5366 1294 5430 vestre
1319 5361 1491 5430 hecclesie
1514 5367 1629 5432 sancti
1654 5368 1802 5436 maximi
1826 5389 1869 5437 ea
1892 5373 2012 5442 omnia
2037 5395 2106 5460 que

251 5537 360 5606 supra
387 5517 546 5606 legitur,
570 5518 669 5584 vobis
696 5517 920 5604 tradidimus,
949 5516 1123 5584 securiter
1150 5519 1185 5583 et
1208 5515 1359 5584 firmiter
1381 5517 1519 5585 abeatis
1542 5519 1814 5609 possidendum,
1837 5525 2105 5617 dominandum,

255 5675 290 5738 et
311 5673 432 5739 omnia
456 5671 586 5739 exinde
610 5671 813 5738 faciendum
830 5671 922 5756 quod
946 5669 1142 5738 bolueritis.
1161 5672 1208 5736 De
1230 5691 1302 5758 qua
1318 5690 1380 5758 per
1398 5675 1491 5741 bona
1514 5674 1777 5743 combenientie
1803 5679 1944 5766 obbligo
1968 5701 2022 5750 me
2042 5685 2106 5770 qui

253 5839 363 5912 supra
388 5825 549 5893 sellictus
573 5825 707 5892 domini
725 5823 970 5893 misericordia
987 5825 1108 5911 abbas,
1126 5827 1161 5890 et
1178 5825 1264 5891 meis
1281 5827 1557 5916 successoribus,
1573 5835 1609 5896 et
1626 5847 1709 5915 pars
1732 5833 1885 5916 predicti
1904 5837 2016 5904 nostri
2036 5857 2107 5905 mo·
