5318 7102
639 573 685 646 36
1330 565 1693 641 CAPITULded

586 795 623 872 Si
649 797 727 891 quis
754 795 907 890 aliquam
933 794 1177 867 necessitatem
1204 800 1387 891 cogentem
1413 789 1641 864 homicidium
1668 785 1894 871 commiserit,
1916 784 2038 858 Comes
2065 785 2100 854 in
2128 785 2229 858 cuius
2253 786 2441 858 misterium

632 976 692 1025 rex
718 954 741 1047 ¹)
770 960 963 1047 perpetrata
989 959 1066 1038 est,
1095 949 1345 1046 compositione
1372 951 1507 1022 solvere
1541 957 1575 1020 et
1610 946 1709 1041 fayda
1736 969 1796 1040 pcr
1822 952 2077 1016 sacramentum
2106 941 2285 1038 pacificare
2313 940 2439 1028 iaciat,

632 1116 723 1210 quod
749 1115 779 1187 si
806 1115 899 1186 buna
924 1138 1002 1209 pars
1028 1114 1073 1198 ci,
1105 1115 1148 1186 ad
1174 1112 1240 1185 hoc
1266 1112 1463 1185 consentire
1490 1106 1660 1192 volucrit,
1689 1107 1801 1192 idest,
1831 1113 1890 1177 aut
1916 1103 1975 1175 ille
2002 1104 2060 1197 qui
2097 1103 2325 1175 homicidium
2351 1124 2442 1174 com·

632 1272 739 1358 misit,
768 1283 827 1347 aut
852 1272 924 1358 his,
953 1273 1011 1366 qui
1039 1271 1289 1367 compositione
1316 1271 1491 1364 suscipere
1526 1263 1648 1350 debet,
1679 1261 1783 1336 faciat
1809 1261 1889 1333 illos
1915 1262 1974 1354 qui
2001 1260 2032 1330 ci
2060 1267 2242 1332 contumas
2268 1259 2377 1330 suerit
2402 1259 2441 1330 ad

631 1431 804 1524 presentia
838 1439 955 1503 nostra
990 1429 1121 1501 venire.
1157 1430 1244 1499 Ante
1278 1449 1358 1500 eum
1385 1426 1427 1498 ad
1451 1435 1587 1519 tempus
1621 1423 1712 1517 quod
1740 1419 1839 1494 nobis
1865 1421 2032 1517 placuerit
2058 1418 2093 1488 in
2120 1419 2224 1490 exilio
2250 1417 2440 1504 mittamus,

631 1588 743 1663 donec
770 1589 816 1660 ibi
843 1590 1045 1684 castigetur,
1073 1595 1108 1660 et
1134 1587 1252 1659 comiti
1279 1608 1342 1658 suo
1370 1585 1416 1656 ibi
1443 1583 1663 1658 oboedientes
1690 1607 1726 1655 sc
1746 1582 1892 1655 ulterius
1910 1603 1978 1652 non
1997 1579 2145 1652 audeant
2162 1585 2195 1650 et
2215 1579 2330 1650 maius
2348 1577 2443 1648 dam-

631 1773 715 1820 num
742 1772 811 1820 non
838 1757 972 1820 crescat
988 1745 1026 1843 ²).

585 1901 632 1975 ibi
660 1913 875 1978 sacramento
901 1905 1046 1976 iuranda
1074 1913 1167 1990 sunt,
1197 1905 1255 1977 ubi
1281 1904 1471 1998 antiquitus
1498 1905 1735 1976 consuactudo
1754 1905 1833 1988 fuit,
1854 1903 2046 1975 deliberare
2074 1909 2330 1972 sacramentum
2348 1903 2372 1993 ³)
2392 1899 2437 1970 ibi

627 2063 771 2136 mallum
798 2063 975 2148 habeatur,
1004 2070 1038 2134 et
1063 2061 1109 2134 ibi
1136 2070 1390 2134 sacramentum
1418 2065 1564 2136 iuretur.
1593 2061 1719 2136 Mallus
1745 2073 1861 2136 tamen
1888 2084 2001 2156 neque
2028 2063 2064 2134 in
2082 2060 2245 2148 ecclesia,
2269 2081 2383 2153 neque
2404 2059 2439 2130 in

630 2225 716 2298 atrio
742 2225 817 2297 aius
844 2223 1021 2296 habeatur.
1051 2222 1181 2295 Placita
1199 2246 1282 2295 vero
1297 2223 1416 2296 comiti
1435 2224 1508 2295 sive
1527 2225 1619 2295 intra
1637 2247 1699 2296 sua
1716 2230 1899 2320 potestate,
1920 2221 1975 2293 uel
1995 2221 2053 2292 ubi
2068 2222 2250 2317 impetrare
2269 2221 2433 2317 potuerit,

631 2383 763 2456 habeat.
786 2382 954 2455 Volumus
971 2383 1081 2478 adque
1101 2383 1259 2455 iubemus
1271 2379 1296 2479 ⁴)
1308 2407 1326 2454 a
1340 2383 1468 2454 comite
1483 2382 1518 2453 in
1533 2381 1649 2454 locum
1664 2381 1722 2453 ubi
1737 2381 1881 2452 mallum
1898 2390 2017 2453 tenerc
2032 2379 2145 2468 debet,
2163 2379 2433 2460 constituantur.

631 2541 675 2612 Ut
701 2549 840 2636 propter
867 2541 1019 2614 calorem
1045 2541 1130 2613 solis
1156 2549 1190 2614 et
1215 2543 1381 2637 pluviam,
1411 2541 1546 2636 puplica
1573 2542 1758 2614 utilitatem
1784 2564 1853 2612 non
1881 2550 2055 2613 remancat
2079 2534 2116 2636 ὅ).

580 2699 617 2771 Si
644 2701 722 2794 quis
748 2700 835 2772 liber
861 2700 963 2773 homo
989 2701 1031 2772 de
1059 2701 1162 2788 turta,
1191 2703 1384 2774 Accusatus
1411 2703 1528 2786 suerit,
1558 2709 1592 2772 ct
1610 2724 1665 2772 res
1683 2701 1836 2795 proprias
1855 2699 2013 2772 habuerit
2031 2700 2065 2770 in
2086 2699 2203 2786 mallo,
2225 2701 2433 2795 aprescntia

629 2859 748 2931 comiti
775 2883 812 2930 sc
839 2859 1030 2946 adremiat,
1058 2861 1148 2932 etsi
1175 2883 1231 2931 res
1257 2884 1326 2932 non
1353 2859 1532 2946 babuerit,
1560 2857 1799 2932 fideiussorem
1826 2861 1954 2944 donet,
1984 2861 2043 2951 qui
2071 2880 2151 2930 eum
2178 2857 2376 2938 adramire.
2404 2867 2437 2932 et

628 3020 663 3090 in
690 3019 854 3114 placitum
882 3021 1005 3092 adduci
1024 3021 1138 3094 iaciat.
1160 3021 1202 3093 Et
1229 3020 1278 3092 sic
1305 3021 1408 3091 liccat
1434 3021 1542 3114 prima
1569 3017 1644 3090 vice
1670 3043 1730 3114 per
1756 3029 2010 3092 sacramentum
2037 3020 2228 3090 secundum
2247 3017 2362 3115 legem
2380 3043 2435 3091 ae-

629 3181 772 3252 doniare
799 3181 827 3251 si
855 3181 1033 3274 potuerit,
1064 3190 1097 3253 ct
1123 3182 1151 3252 si
1179 3180 1246 3251 alia
1273 3183 1349 3252 uice
1376 3181 1444 3252 duo
1471 3181 1525 3250 vcl
1552 3191 1622 3251 tres
1649 3205 1727 3252 cum
1754 3184 1795 3252 de
1828 3185 1924 3254 furto
1955 3181 2193 3267 accusaverit,
2227 3182 2329 3255 liceat
2355 3206 2432 3255 cum

551 3375 555 3384 ·
626 3346 747 3410 contra
774 3363 881 3411 unum
908 3364 949 3410 cx
977 3341 1060 3434 ipsis
1086 3363 1165 3410 cum
1193 3348 1291 3411 scuto
1317 3347 1352 3412 ct
1378 3343 1469 3412 iuste
1497 3340 1531 3409 in
1559 3363 1679 3434 campo
1706 3341 1848 3412 tendere
1873 3335 1924 3436 Ἲς
1953 3340 2043 3433 quod
2070 3341 2098 3411 si
2125 3340 2247 3415 serbus
2273 3343 2316 3414 de
2343 3343 2433 3416 surto

625 3509 808 3573 accusatus
834 3499 961 3586 tuerit,
990 3500 1153 3572 dominus
1180 3502 1256 3571 cius
1282 3523 1343 3594 pro
1370 3522 1449 3571 eum
1476 3501 1660 3586 emendet,
1689 3509 1854 3573 autenm
1881 3524 1961 3572 cum
1988 3511 2244 3574 sacramentum
2270 3511 2432 3591 excuset,

623 3659 689 3730 nisi
716 3659 819 3731 talem
846 3661 976 3731 turtum
1003 3668 1237 3754 perpetratum
1263 3658 1398 3744 habeat,
1428 3666 1567 3754 propter
1596 3657 1686 3754 quod
1714 3659 1755 3731 ad
1783 3655 1994 3754 supplicium
2020 3659 2200 3732 tradiderit
2225 3657 2263 3756 ²).

581 3917 691 3928 -μ-ηυ-
708 3919 735 3926 ..-
757 3917 1033 3927 mma-..wa-

571 4094 664 4173 gcrvi
687 4092 801 4156 talune
824 4093 937 4176 parole
962 4095 1129 4158 maneanti
1153 4095 1209 4158 nel
1233 4101 1344 4159 nostro
1367 4095 1508 4170 Codice,
1534 4097 1641 4180 peril
1665 4099 1727 4162 ohe
1752 4097 1782 4160 le
1807 4099 1999 4180 riportiamc
2023 4099 2079 4178 qui
2104 4099 2156 4160 dal
2180 4105 2266 4161 testo
2288 4097 2429 4162 Murato-

570 4239 678 4301 riano:
703 4241 922 4321 compellatus
944 4247 1018 4316 est,
1039 4242 1135 4322 juxta
1157 4240 1239 4322 lepis
1263 4241 1530 4309 constitutionem
1551 4242 1751 4310 manniatur.
1781 4244 1826 4307 lte
1848 4245 1969 4308 octaris
1991 4260 2070 4310 vero
2100 4244 2220 4320 causis,
2244 4245 2330 4310 unda
2353 4245 2426 4329 quis

568 4390 622 4450 cst
642 4387 805 4452 rationem
828 4386 1032 4464 redditurus,
1056 4403 1120 4452 nou
1141 4387 1339 4463 manniatur,
1364 4387 1422 4453 scd
1444 4405 1504 4470 per
1527 4389 1679 4456 comitem
1701 4390 1889 4456 banniatur.

611 4531 635 4611 ¹)
657 4531 845 4599 misterium
868 4549 946 4597 rex:
972 4534 1199 4598 ministerium
1222 4552 1289 4597 rec.

611 4676 636 4756 2)
656 4675 729 4739 Mur
750 4679 836 4740 XXI.

609 4821 635 4902 ⁸)
659 4821 851 4890 deliberare
872 4834 1131 4892 sacramentum,
1155 4827 1183 4887 11
1206 4826 1284 4890 Cod.
1310 4829 1424 4889 Esten.
1450 4827 1511 4888 ha:
1537 4834 1743 4892 sacrmusnta
1762 4827 1942 4906 jurentur,
1976 4831 1999 4891 il
2022 4831 2112 4893 Mur:
2137 4839 2349 4899 sacramenta
2370 4847 2421 4897 ar·

566 4967 690 5034 ramiro
713 4971 746 5050 ·).

607 5116 632 5197 ⁸)
656 5117 775 5180 lnvece
801 5118 833 5179 di
856 5119 963 5199 adque
985 5120 1135 5185 iubemus
1158 5121 1182 5182 il
1204 5121 1289 5182 Mur.
1315 5119 1368 5181 ha:
1394 5117 1548 5184 Volumus
1570 5121 1697 5202 utiquc,
1722 5130 1760 5188 ut
1782 5121 1895 5189 domus
1917 5122 2079 5188 adamita
2103 5132 2161 5187 etc.

606 5263 633 5345 ⁵)
654 5264 739 5326 Mur.
765 5265 866 5327 XXII.

610 5408 636 5490 θ)
657 5410 814 5474 tendere:
839 5411 1055 5475 contendere.

605 5557 630 5636 ⁷)
653 5557 697 5617 Le
722 5557 839 5619 ultime
871 5557 984 5638 parole
1009 5558 1041 5618 di
1064 5565 1181 5638 questo
1206 5557 1282 5639 Cap.
1309 5557 1363 5620 nel
1388 5556 1464 5621 Cod.
1490 5558 1565 5621 Cav.
1591 5559 1797 5622 concordano
1821 5562 1871 5624 col
1895 5563 2050 5636 Baluzio,
2076 5565 2105 5626 la
2130 5567 2185 5628 cui
2218 5565 2371 5630 edizione
2395 5567 2418 5628 ii

605 5849 630 5926 ‘J
648 5853 823 5946 ΙΑιιιιιιιιιιιιι,
837 5869 889 5914 seu
902 5867 1038 5912 ιιιιιιιιιι
1053 5855 1160 5914 dictum
1172 5868 1223 5929 pro
1236 5854 1416 5929 sponsionem
1426 5853 1520 5929 [acere
1533 5855 1567 5913 de
1579 5855 1749 5930 prcmtoudo
1756 5857 1826 5932 jure
1835 5859 1974 5934 jurando.
1992 5860 2069 5932 titur.
2082 5859 2115 5920 N.
2131 5859 2168 5922 tt
2181 5877 2246 5938 pap.
2261 5858 2344 5940 itt).
