5318 7102
538 507 540 510 ·
633 511 681 582 aa
1052 469 1055 476 ’
1324 510 1689 583 aarrruururu

632 735 771 830 proprio
799 757 899 807 servo
925 733 990 805 boe
1017 733 1245 818 commiserit,
1267 733 1397 806 iudicio
1420 756 1526 828 aquae
1546 743 1728 808 serventur
1754 736 2010 808 essaminentur
2027 721 2065 828 ¹),
2089 731 2230 806 butrum
2256 733 2319 805 boc
2337 759 2433 830 spon·

632 901 690 966 tea
716 917 752 964 se
779 892 1036 965 defendendum
1062 892 1216 978 lecisset,
1246 899 1286 963 et'
1305 892 1334 962 si
1362 915 1485 966 manus
1511 893 1585 963 eius
1612 901 1730 966 exusta
1756 893 1884 980 luerit,
1915 889 2153 965 interficiatur.
2175 890 2213 962 Si
2232 899 2345 964 autem
2370 918 2435 966 non

632 1052 782 1139 luerint,
811 1061 846 1124 ct
871 1052 1034 1125 dominus
1060 1052 1136 1123 eius
1163 1051 1252 1123 iusta
1279 1052 1369 1146 quod
1396 1051 1645 1146 guidrigildum
1672 1051 1748 1122 eius
1774 1059 1842 1134 est,
1880 1049 1921 1121 ad
1947 1047 2098 1121 ecelesia
2125 1049 2297 1145 persolvat
2323 1052 2360 1144 ²).
2389 1051 2434 1121 be

633 1210 891 1284 aecclesiastico
918 1210 1038 1282 effleali
1064 1213 1089 1306 ³)
1116 1219 1150 1282 et
1175 1209 1368 1282 beneficiali
1395 1233 1507 1294 serua,
1536 1209 1711 1294 volumus,
1733 1216 1771 1280 ut
1789 1229 1849 1302 pro
1877 1229 1945 1279 una
1972 1207 2048 1278 viee
2067 1205 2256 1300 guidrigild
2283 1208 2358 1280 eius
2375 1233 2431 1304 pro

634 1392 675 1440 eo
702 1377 941 1463 componatur,
972 1367 1080 1440 altera
1107 1369 1181 1439 vice
1210 1368 1322 1464 ipsum
1349 1367 1487 1439 serbum
1515 1367 1557 1436 ad
1585 1365 1752 1461 supplicio
1779 1365 1946 1436 tradatur.
1976 1364 2155 1437 Hereditas
2175 1372 2291 1436 tamen
2319 1365 2432 1436 liberis

634 1526 794 1600 homines
812 1527 871 1621 qui
889 1535 1028 1624 propter
1054 1527 1156 1598 talem
1184 1525 1320 1598 lacinus
1346 1526 1386 1596 ad
1405 1532 1550 1596 mortem
1570 1523 1675 1595 luerit
1693 1521 1876 1607 indicatur,
1897 1523 1938 1594 ad
1956 1521 2152 1614 legitimum
2175 1522 2321 1594 heredes
2339 1521 2429 1594 illius

636 1692 826 1780 perueniat.
848 1687 883 1758 Si
903 1687 938 1756 in
965 1685 1051 1757 atrio
1079 1686 1245 1757 aecclesie
1273 1687 1374 1756 ouius
1399 1692 1514 1779 portas
1540 1681 1686 1776 reliquia
1714 1689 1913 1752 sanctarum
1931 1685 1983 1750 est
2001 1689 2235 1766 consecratas,
2264 1691 2299 1752 et
2318 1681 2432 1754 buius-

635 1843 789 1915 saenrodi
817 1842 1046 1914 homicidium
1073 1851 1306 1938 perpetratum
1326 1841 1443 1926 luerit,
1472 1838 1577 1912 simili
1598 1836 1699 1908 modo
1718 1811 1923 1906 emendetur
1949 1835 2005 1905 vel
2032 1844 2273 1929 componatur.
2305 1836 2341 1908 Si
2361 1860 2436 1908 uero

632 2009 771 2093 propter
797 2000 820 2093 ⁴)
847 1998 1036 2070 aecclesiae
1063 2022 1132 2070 non
1159 2007 1211 2070 est
1238 2007 1469 2080 consecratas
1491 2007 1528 2068 ut
1547 1997 1649 2067 modo
1668 2000 1905 2088 componatur,
1927 1993 2019 2065 sicut
2037 1994 2196 2088 componi
2217 1994 2320 2066 debet
2346 1996 2430 2088 quod

634 2160 670 2229 in
698 2160 888 2230 emunitate
915 2159 1004 2230 mala
1031 2160 1278 2231 committetur.

588 2339 632 2390 uu
660 2337 808 2392 rurunns
834 2337 1028 2390 sucunuorr
1055 2320 1092 2412 ⁵).

648 2435 702 2466 d.

585 2463 734 2572 S'anguis
752 2476 883 2551 'effusio
911 2478 945 2546 in
973 2475 1133 2548 ecclesiis
1160 2477 1347 2546 laniacum
1367 2476 1495 2557 lurore,
1517 2474 1552 2547 Si
1572 2475 1739 2570 presbiter
1765 2476 1881 2562 luerit,
1912 2477 1944 2548 in
1968 2476 2070 2570 triplo
2089 2484 2333 2572 componatur:
2354 2477 2433 2550 duas

633 2646 746 2731 paries
773 2637 848 2708 eius
876 2637 977 2709 detur
1003 2636 1207 2734 presbitero,
1238 2637 1336 2707 tertia
1363 2657 1423 2728 pro
1449 2635 1545 2705 lrealo
1571 2631 1595 2728 ⁶)
1623 2635 1664 2704 ad
1691 2633 1873 2720 aecclesia,
1894 2644 1927 2707 et
1946 2636 2087 2730 insuper
2105 2635 2255 2708 bannum
2278 2645 2430 2708 nostrum

1111 2777 1181 2799 W.

1306 2883 1346 2908 N...

592 2934 600 2941 .
679 2934 773 2940 -.-...-.
788 2935 1027 2943 ..ΨΜ-...ῃ
1360 2915 1444 2970 NR

1446 2969 1523 3036 „X

1528 3038 1577 3084 Ns

625 3141 647 3220 ⁴)
662 3141 781 3202 Invece
805 3141 838 3200 di
870 3139 992 3206 iudicio
1021 3157 1104 3219 aqua
1136 3147 1316 3204 serventur
1348 3087 1597 3207 assentirentur
1607 3129 1751 3234 iirbbu·
1778 3136 1830 3196 ha²
1851 3134 1974 3215 ludl⁰i⁰
1995 3149 2099 3214 aquao
2121 3137 2288 3200 ferventis
2311 3139 2343 3218 (Ἴ
2363 3154 2430 3200 exa-

584 3285 765 3350 minentur.
1773 3319 1852 3396 “x

625 3424 648 3510 ’l
672 3433 733 3492 Fin
756 3432 812 3510 qui
836 3431 859 3492 il
883 3438 994 3494 nostro
1019 3431 1096 3494 Cod.
1123 3431 1291 3494 Concorda
1313 3431 1362 3493 col
1386 3433 1425 3493 N.
1450 3432 1505 3500 IX3
1533 3431 1621 3493 dalla
1642 3413 1755 3514 parole
1776 3437 1819 3500 na
1841 3392 1903 3502 ilcc
1942 3424 2078 3490 siascica
2110 3426 2182 3487 sino
2206 3427 2271 3488 alla
2305 3429 2368 3489 fine
2393 3425 2436 3489 col

583 3579 625 3639 N.
648 3578 677 3638 X
700 3576 752 3638 del
775 3579 859 3638 Mur.
1976 3561 2034 3658 Χ

626 3722 649 3804 ³)
671 3724 708 3783 ln
732 3723 827 3799 luogo
852 3721 884 3782 di
906 3720 1157 3786 aecclesiastico
1179 3719 1302 3785 albcali
1324 3722 1347 3782 il
1371 3721 1453 3783 Mur.
1480 3725 1532 3785 ha:
1556 3725 1600 3789 lio
1622 3727 1854 3794 Ecclesiastico
1877 3667 2137 3836 llscalinol'lnx

625 3872 649 3954 ⁸)
671 3877 809 3951 propter
832 3840 919 3933 idest
940 3877 1069 3949 portae.

625 4015 651 4096 ⁵)
673 4019 797 4089 Questa
819 4017 954 4079 rubrica
977 4036 1041 4078 non
1064 4017 1092 4077 si
1116 4016 1212 4096 lagga
1237 4016 1292 4078 nel
1314 4017 1398 4079 Mur.
1423 4017 1449 4078 Il
1473 4027 1636 4097 seguente
1660 4023 1838 4102 capitolare
1870 4025 1922 4105 poi
1947 4026 2109 4088 concorda
2125 4029 2175 4089 coi
2191 4015 2318 4106 ill-&Vll
2334 4016 2372 4080 ed
2388 4015 2439 4076 Vll

584 4161 639 4262 del
665 4171 750 4226 testo
771 4163 1008 4226 Muratoriano.
2033 4175 2037 4187 ⁶
2264 4151 2304 4289 Nl

626 4306 651 4388 θ)
674 4333 689 4368 «
716 4309 793 4372 Cori.
818 4312 943 4373 Esica„-
967 4317 1003 4376 et
1024 4311 1105 4375 duas
1127 4319 1244 4392 parter
1267 4311 1373 4376 eidem
1394 4311 1606 4392 Presbytero,
1629 4313 1765 4378 tertiam
1786 4331 1848 4394 pro
1870 4315 1964 4380 fredo
1987 4323 2045 4378 etc.
2063 4353 2104 4364 -
2118 4320 2185 4382 Hae
2201 4329 2248 4384 eat
2268 4299 2310 4406 pi
2355 4328 2432 4389 Pili

584 4479 599 4515 a
625 4415 853 4536 recuperatorio
876 4458 915 4520 cl>
937 4459 1093 4530 Ecclesia,
1120 4461 1224 4520 eidem
1245 4461 1408 4522 Ecclesiae
1427 4460 1593 4536 persolvat
1606 4481 1634 4518 u.
1663 4459 1757 4538 (Mur.
1775 4479 1847 4540 pag.
1865 4463 1926 4524 128
1940 4463 2024 4526 Nota
2038 4465 2100 4545 12).
2116 4489 2131 4524 u
2145 4465 2301 4546 fredum,
2318 4455 2433 4538 mia,

586 4630 601 4664 a
626 4603 762 4680 fredus,
786 4603 914 4678 fridus,
938 4603 1071 4678 Mutata,
1097 4607 1296 4685 compositio,
1321 4623 1386 4683 quc
1407 4603 1481 4681 fisco
1504 4606 1660 4676 ecsolatc,
1684 4623 1759 4666 aeas
1776 4625 1894 4684 pacem
1916 4628 1937 4671 α
1958 4609 2118 4689 Principe
2139 4542 2438 4694 consequitaabvel

586 4773 602 4809 a
627 4751 664 4811 ab
685 4752 841 4812 violatam
866 4769 983 4828 paoem
999 4752 1168 4828 publicem
1188 4751 1335 4822 indicta,
1357 4757 1394 4810 at
1414 4751 1483 4811 uult
1511 4751 1689 4813 Vedianas.
1721 4753 1805 4814 Nam
1825 4753 1905 4830 irin,
1932 4756 2105 4820 Germanis
2127 4762 2214 4822 idem
2235 4765 2323 4826 vaiet
2347 4703 2446 4863 qaolb

586 4918 601 4954 u
626 4912 691 4974 pax
715 4917 741 4964 a,
766 4895 827 4976 (Cf.
851 4897 900 4956 Du
923 4895 1032 4972 Gange
1055 4895 1161 4956 Gloss.
1186 4915 1216 4955 v.
1240 4893 1403 4974 fredum).

587 5143 777 5152 ——--—--
785 5144 908 5150 .-,-.-—-
919 5143 1027 5150 ----

622 5296 645 5360 ⁸)
665 5291 787 5361 «Aquae
806 5286 941 5361 seruantis
958 5287 1112 5363 judicium,
1140 5301 1191 5342 sac
1211 5284 1349 5353 Examen,
1376 5299 1430 5357 qao
1442 5285 1506 5356 qais
1520 5289 1553 5344 de
1567 5287 1685 5348 crimine
1703 5295 1857 5365 suspectas,
1873 5309 1927 5366 quo
1939 5309 1969 5350 se
1982 5301 2127 5370 purperei,
2143 5313 2261 5357 manum
2276 5303 2308 5358 tn
2333 5316 2436 5374 aquam

589 5448 602 5484 ι
622 5429 777 5503 fauentem
800 5431 908 5488 abacta
934 5425 1048 5485 brachia
1073 5424 1249 5488 immittebat,
1265 5427 1347 5496 atque
1360 5423 1387 5481 si
1400 5425 1529 5484 illaesam
1552 5428 1721 5500 retraheret,
1737 5432 1882 5503 inuocem,
1897 5433 1924 5491 ai
1939 5439 2047 5508 contro,
2066 5451 2131 5495 rear
2149 5441 2390 5511 monaattatclur
2404 5461 2431 5500 r.

588 5567 641 5642 (Gi.
657 5567 698 5626 Du
715 5568 805 5644 Carpe
820 5568 907 5626 Gloss.
922 5585 949 5626 v.
965 5565 1062 5638 loun).

621 5709 662 5776 *tt
676 5705 990 5780 scammatibus,
1006 5720 1056 5764 sea
1069 5705 1189 5764 Praedia
1204 5703 1347 5779 Principis
1359 5704 1562 5776 ceseraraoast,
1579 5707 1714 5778 arcerique
1728 5707 1755 5765 ei
1768 5709 1970 5780 quonammodo
1984 5711 2103 5774 canaaa
2119 5713 2171 5786 (cl.
2184 5715 2226 5774 bu
2237 5716 2327 5794 Garrpa
2343 5717 2430 5776 alar.

583 5861 610 5904 v.
624 5847 852 5908 iterium-CI.
867 5849 1006 5907 banauabe
1021 5847 1087 5906 linc
1104 5863 1149 5918 op.
1165 5863 1190 5904 c.
1207 5859 1271 5920 pap.
1289 5843 1342 5903 128
1357 5843 1422 5902 Nota
1437 5841 1499 5916 lt).
