<?xml version="1.0" encoding="UTF-8"?>
<!DOCTYPE html PUBLIC "-//W3C//DTD XHTML 1.0 Transitional//EN"
    "http://www.w3.org/TR/xhtml1/DTD/xhtml1-transitional.dtd">
<html xmlns="http://www.w3.org/1999/xhtml" xml:lang="en" lang="en">
 <head>
  <title>
</title>
<meta http-equiv="Content-Type" content="text/html;charset=utf-8" />
  <meta name='ocr-system' content='tesseract 3.04.00' />
  <meta name='ocr-capabilities' content='ocr_page ocr_carea ocr_par ocr_line ocrx_word'/>
</head>
<body>
  <div class='ocr_page' id='page_1' title='image "./codexdiplomatic05aragoog_0183.png"; bbox 0 0 5334 7098; ppageno 0'>
   <div class='ocr_carea' id='block_1_1' title="bbox 1280 559 1752 633">
    <p class='ocr_par' dir='ltr' id='par_1_1' title="bbox 1280 559 1752 633">
     <span class='ocr_line' id='line_1_1' title="bbox 1280 559 1752 633; baseline 0.008 -5"><span class='ocrx_word' id='word_1_1' title='bbox 1280 559 1452 631; x_wconf 72' lang='lat' dir='ltr'>unhul</span> <span class='ocrx_word' id='word_1_2' title='bbox 1487 561 1752 633; x_wconf 81' lang='lat' dir='ltr'>CdVENSlS</span> 
     </span>
    </p>
   </div>
   <div class='ocr_carea' id='block_1_2' title="bbox 1398 991 1609 1074">
    <p class='ocr_par' dir='ltr' id='par_1_2' title="bbox 1398 991 1609 1074">
     <span class='ocr_line' id='line_1_2' title="bbox 1398 991 1609 1074; baseline -0.005 -1"><span class='ocrx_word' id='word_1_3' title='bbox 1398 991 1609 1074; x_wconf 87' lang='lat' dir='ltr'>DCXX.</span> 
     </span>
    </p>
   </div>
   <div class='ocr_carea' id='block_1_3' title="bbox 1356 1248 1648 1331">
    <p class='ocr_par' dir='ltr' id='par_1_3' title="bbox 1356 1248 1648 1331">
     <span class='ocr_line' id='line_1_3' title="bbox 1356 1248 1648 1331; baseline -0.007 -3"><span class='ocrx_word' id='word_1_4' title='bbox 1356 1253 1411 1328; x_wconf 86' lang='lat' dir='ltr'>A.</span> <span class='ocrx_word' id='word_1_5' title='bbox 1441 1251 1491 1328; x_wconf 89' lang='lat' dir='ltr'>D.</span> <span class='ocrx_word' id='word_1_6' title='bbox 1521 1248 1648 1331; x_wconf 80' lang='lat'>1009.</span> 
     </span>
    </p>
   </div>
   <div class='ocr_carea' id='block_1_4' title="bbox 575 1485 2433 5782">
    <p class='ocr_par' dir='ltr' id='par_1_4' title="bbox 575 1485 2433 5782">
     <span class='ocr_line' id='line_1_4' title="bbox 624 1485 2427 1629; baseline 0.003 -27"><span class='ocrx_word' id='word_1_7' title='bbox 624 1485 660 1626; x_wconf 69' lang='lat'>†</span> <span class='ocrx_word' id='word_1_8' title='bbox 686 1539 724 1604; x_wconf 93' lang='grc'>111</span> <span class='ocrx_word' id='word_1_9' title='bbox 749 1540 891 1608; x_wconf 89' lang='lat' dir='ltr'>nomine</span> <span class='ocrx_word' id='word_1_10' title='bbox 914 1540 1046 1607; x_wconf 89' lang='lat' dir='ltr'>domini</span> <span class='ocrx_word' id='word_1_11' title='bbox 1071 1558 1166 1610; x_wconf 91' lang='lat' dir='ltr'>anno</span> <span class='ocrx_word' id='word_1_12' title='bbox 1190 1539 1356 1608; x_wconf 89' lang='lat' dir='ltr'>vicesimo</span> <span class='ocrx_word' id='word_1_13' title='bbox 1388 1543 1502 1627; x_wconf 92' lang='lat' dir='ltr'>primo</span> <span class='ocrx_word' id='word_1_14' title='bbox 1532 1541 1757 1629; x_wconf 83' lang='lat' dir='ltr'>principatus</span> <span class='ocrx_word' id='word_1_15' title='bbox 1779 1539 1899 1609; x_wconf 90' lang='lat' dir='ltr'>domni</span> <span class='ocrx_word' id='word_1_16' title='bbox 1929 1540 2042 1610; x_wconf 79' lang='lat' dir='ltr'>nostri</span> <span class='ocrx_word' id='word_1_17' title='bbox 2066 1540 2246 1628; x_wconf 82' lang='lat' dir='ltr'>guaimari</span> <span class='ocrx_word' id='word_1_18' title='bbox 2273 1539 2427 1628; x_wconf 87' lang='lat' dir='ltr'>glorioso</span> 
     </span>
     <span class='ocr_line' id='line_1_5' title="bbox 578 1691 2427 1780; baseline 0.002 -23"><span class='ocrx_word' id='word_1_19' title='bbox 578 1692 753 1778; x_wconf 84' lang='lat' dir='ltr'>principe,</span> <span class='ocrx_word' id='word_1_20' title='bbox 779 1711 898 1759; x_wconf 87' lang='lat' dir='ltr'>mense</span> <span class='ocrx_word' id='word_1_21' title='bbox 923 1692 1068 1779; x_wconf 89' lang='lat' dir='ltr'>aprelis,</span> <span class='ocrx_word' id='word_1_22' title='bbox 1093 1691 1244 1760; x_wconf 86' lang='lat' dir='ltr'>sebtima</span> <span class='ocrx_word' id='word_1_23' title='bbox 1269 1693 1474 1761; x_wconf 80' lang='lat' dir='ltr'>indictione.</span> <span class='ocrx_word' id='word_1_24' title='bbox 1501 1695 1789 1764; x_wconf 89' lang='lat' dir='ltr'>Memoratorium</span> <span class='ocrx_word' id='word_1_25' title='bbox 1813 1695 1907 1764; x_wconf 79' lang='lat' dir='ltr'>factu</span> <span class='ocrx_word' id='word_1_26' title='bbox 1924 1713 1947 1761; x_wconf 93' lang='lat' dir='ltr'>a</span> <span class='ocrx_word' id='word_1_27' title='bbox 1964 1711 2020 1760; x_wconf 92' lang='lat' dir='ltr'>me</span> <span class='ocrx_word' id='word_1_28' title='bbox 2036 1691 2142 1761; x_wconf 89' lang='lat' dir='ltr'>disiio</span> <span class='ocrx_word' id='word_1_29' title='bbox 2158 1692 2232 1761; x_wconf 88' lang='lat' dir='ltr'>filio</span> <span class='ocrx_word' id='word_1_30' title='bbox 2248 1693 2427 1780; x_wconf 90' lang='lat' dir='ltr'>quondam</span> 
     </span>
     <span class='ocr_line' id='line_1_6' title="bbox 582 1845 2427 1934; baseline 0.001 -24"><span class='ocrx_word' id='word_1_31' title='bbox 582 1846 759 1934; x_wconf 89' lang='lat' dir='ltr'>mansoni,</span> <span class='ocrx_word' id='word_1_32' title='bbox 784 1866 825 1913; x_wconf 89' lang='lat' dir='ltr'>eo</span> <span class='ocrx_word' id='word_1_33' title='bbox 848 1847 940 1932; x_wconf 92' lang='lat' dir='ltr'>quod</span> <span class='ocrx_word' id='word_1_34' title='bbox 963 1852 1046 1914; x_wconf 87' lang='lat' dir='ltr'>ante</span> <span class='ocrx_word' id='word_1_35' title='bbox 1071 1845 1261 1933; x_wconf 90' lang='lat' dir='ltr'>subscripti</span> <span class='ocrx_word' id='word_1_36' title='bbox 1286 1849 1394 1915; x_wconf 89' lang='lat' dir='ltr'>testes</span> <span class='ocrx_word' id='word_1_37' title='bbox 1417 1848 1462 1915; x_wconf 89' lang='lat' dir='ltr'>ad</span> <span class='ocrx_word' id='word_1_38' title='bbox 1487 1847 1679 1915; x_wconf 89' lang='lat' dir='ltr'>tenendum</span> <span class='ocrx_word' id='word_1_39' title='bbox 1695 1851 1730 1916; x_wconf 90' lang='lat' dir='ltr'>et</span> <span class='ocrx_word' id='word_1_40' title='bbox 1745 1846 1979 1916; x_wconf 89' lang='lat' dir='ltr'>laborandum</span> <span class='ocrx_word' id='word_1_41' title='bbox 2003 1845 2154 1914; x_wconf 79' lang='lat' dir='ltr'>tradidit</span> <span class='ocrx_word' id='word_1_42' title='bbox 2169 1863 2235 1932; x_wconf 89' lang='lat' dir='ltr'>ego</span> <span class='ocrx_word' id='word_1_43' title='bbox 2258 1845 2367 1933; x_wconf 89' lang='lat' dir='ltr'>disigi</span> <span class='ocrx_word' id='word_1_44' title='bbox 2393 1851 2427 1914; x_wconf 91' lang='lat' dir='ltr'>et</span> 
     </span>
     <span class='ocr_line' id='line_1_7' title="bbox 581 1997 2429 2086; baseline 0 -21"><span class='ocrx_word' id='word_1_45' title='bbox 581 1999 752 2067; x_wconf 87' lang='lat' dir='ltr'>iohannes</span> <span class='ocrx_word' id='word_1_46' title='bbox 777 1999 951 2085; x_wconf 81' lang='lat' dir='ltr'>presbiter</span> <span class='ocrx_word' id='word_1_47' title='bbox 976 2003 1011 2066; x_wconf 92' lang='lat' dir='ltr'>et</span> <span class='ocrx_word' id='word_1_48' title='bbox 1035 2001 1157 2085; x_wconf 86' lang='lat' dir='ltr'>potrus</span> <span class='ocrx_word' id='word_1_49' title='bbox 1180 1998 1347 2086; x_wconf 80' lang='lat' dir='ltr'>germani</span> <span class='ocrx_word' id='word_1_50' title='bbox 1373 1999 1437 2066; x_wconf 86' lang='lat' dir='ltr'>filii</span> <span class='ocrx_word' id='word_1_51' title='bbox 1460 1999 1590 2069; x_wconf 82' lang='lat' dir='ltr'>stefani</span> <span class='ocrx_word' id='word_1_52' title='bbox 1615 2000 1657 2068; x_wconf 95' lang='lat' dir='ltr'>de</span> <span class='ocrx_word' id='word_1_53' title='bbox 1682 1999 1795 2068; x_wconf 89' lang='lat' dir='ltr'>locum</span> <span class='ocrx_word' id='word_1_54' title='bbox 1819 1999 2018 2068; x_wconf 89' lang='lat' dir='ltr'>ballentino</span> <span class='ocrx_word' id='word_1_55' title='bbox 2043 2019 2116 2067; x_wconf 92' lang='lat' dir='ltr'>una</span> <span class='ocrx_word' id='word_1_56' title='bbox 2139 1999 2240 2085; x_wconf 91' lang='lat' dir='ltr'>pecia</span> <span class='ocrx_word' id='word_1_57' title='bbox 2264 1997 2307 2066; x_wconf 90' lang='lat' dir='ltr'>de</span> <span class='ocrx_word' id='word_1_58' title='bbox 2334 2002 2429 2066; x_wconf 86' lang='lat' dir='ltr'>terra</span> 
     </span>
     <span class='ocr_line' id='line_1_8' title="bbox 578 2150 2424 2242; baseline -0.002 -22"><span class='ocrx_word' id='word_1_59' title='bbox 578 2173 654 2222; x_wconf 87' lang='lat' dir='ltr'>mea</span> <span class='ocrx_word' id='word_1_60' title='bbox 677 2174 758 2220; x_wconf 90' lang='lat' dir='ltr'>curn</span> <span class='ocrx_word' id='word_1_61' title='bbox 782 2154 940 2222; x_wconf 82' lang='lat' dir='ltr'>arbustis</span> <span class='ocrx_word' id='word_1_62' title='bbox 965 2154 1110 2242; x_wconf 86' lang='lat' dir='ltr'>vitatis,</span> <span class='ocrx_word' id='word_1_63' title='bbox 1134 2155 1227 2242; x_wconf 87' lang='lat' dir='ltr'>quod</span> <span class='ocrx_word' id='word_1_64' title='bbox 1250 2157 1337 2224; x_wconf 90' lang='lat' dir='ltr'>abeo</span> <span class='ocrx_word' id='word_1_65' title='bbox 1361 2157 1398 2222; x_wconf 95' lang='lat' dir='ltr'>in</span> <span class='ocrx_word' id='word_1_66' title='bbox 1424 2157 1499 2242; x_wconf 89' lang='lat' dir='ltr'>ipso</span> <span class='ocrx_word' id='word_1_67' title='bbox 1523 2155 1637 2222; x_wconf 88' lang='lat' dir='ltr'>locum</span> <span class='ocrx_word' id='word_1_68' title='bbox 1661 2153 1878 2240; x_wconf 84' lang='lat' dir='ltr'>bellentino,</span> <span class='ocrx_word' id='word_1_69' title='bbox 1904 2155 1965 2220; x_wconf 92' lang='lat' dir='ltr'>ubi</span> <span class='ocrx_word' id='word_1_70' title='bbox 1990 2152 2114 2238; x_wconf 91' lang='lat' dir='ltr'>propio</span> <span class='ocrx_word' id='word_1_71' title='bbox 2137 2150 2182 2220; x_wconf 91' lang='lat' dir='ltr'>ad</span> <span class='ocrx_word' id='word_1_72' title='bbox 2199 2155 2282 2218; x_wconf 91' lang='lat' dir='ltr'>ortu</span> <span class='ocrx_word' id='word_1_73' title='bbox 2305 2150 2424 2219; x_wconf 91' lang='lat' dir='ltr'>derodi</span> 
     </span>
     <span class='ocr_line' id='line_1_9' title="bbox 578 2290 2426 2424; baseline -0.002 -49"><span class='ocrx_word' id='word_1_74' title='bbox 578 2309 724 2396; x_wconf 88' lang='lat' dir='ltr'>dicitur,</span> <span class='ocrx_word' id='word_1_75' title='bbox 749 2329 811 2397; x_wconf 91' lang='lat' dir='ltr'>per</span> <span class='ocrx_word' id='word_1_76' title='bbox 835 2328 875 2376; x_wconf 90' lang='lat' dir='ltr'>ec</span> <span class='ocrx_word' id='word_1_77' title='bbox 899 2309 982 2378; x_wconf 89' lang='lat' dir='ltr'>finis</span> <span class='ocrx_word' id='word_1_78' title='bbox 1005 2315 1041 2378; x_wconf 90' lang='lat' dir='ltr'>et</span> <span class='ocrx_word' id='word_1_79' title='bbox 1065 2290 1256 2380; x_wconf 87' lang='lat' dir='ltr'>mensurie:</span> <span class='ocrx_word' id='word_1_80' title='bbox 1283 2331 1305 2379; x_wconf 89' lang='lat' dir='ltr'>a</span> <span class='ocrx_word' id='word_1_81' title='bbox 1329 2314 1430 2397; x_wconf 88' lang='lat' dir='ltr'>parte</span> <span class='ocrx_word' id='word_1_82' title='bbox 1455 2308 1743 2424; x_wconf 79' lang='lat' dir='ltr'>septemptrionis</span> <span class='ocrx_word' id='word_1_83' title='bbox 1767 2311 1852 2374; x_wconf 89' lang='lat' dir='ltr'>sunt</span> <span class='ocrx_word' id='word_1_84' title='bbox 1876 2308 1970 2394; x_wconf 89' lang='lat' dir='ltr'>passi</span> <span class='ocrx_word' id='word_1_85' title='bbox 1996 2307 2205 2394; x_wconf 90' lang='lat' dir='ltr'>triginta:a</span> <span class='ocrx_word' id='word_1_86' title='bbox 2228 2323 2313 2391; x_wconf 89' lang='lat' dir='ltr'>pars</span> <span class='ocrx_word' id='word_1_87' title='bbox 2339 2305 2426 2372; x_wconf 88' lang='lat' dir='ltr'>occi-</span> 
     </span>
     <span class='ocr_line' id='line_1_10' title="bbox 578 2459 2429 2550; baseline -0.001 -22"><span class='ocrx_word' id='word_1_88' title='bbox 578 2462 696 2530; x_wconf 90' lang='lat' dir='ltr'>dentis</span> <span class='ocrx_word' id='word_1_89' title='bbox 721 2464 791 2530; x_wconf 88' lang='lat' dir='ltr'>fine</span> <span class='ocrx_word' id='word_1_90' title='bbox 815 2468 950 2550; x_wconf 88' lang='lat' dir='ltr'>nostra,</span> <span class='ocrx_word' id='word_1_91' title='bbox 974 2467 1058 2532; x_wconf 89' lang='lat' dir='ltr'>sunt</span> <span class='ocrx_word' id='word_1_92' title='bbox 1083 2463 1164 2530; x_wconf 92' lang='lat' dir='ltr'>inde</span> <span class='ocrx_word' id='word_1_93' title='bbox 1181 2463 1274 2550; x_wconf 89' lang='lat' dir='ltr'>passi</span> <span class='ocrx_word' id='word_1_94' title='bbox 1293 2463 1422 2549; x_wconf 87' lang='lat' dir='ltr'>viginti</span> <span class='ocrx_word' id='word_1_95' title='bbox 1439 2481 1502 2530; x_wconf 83' lang='lat' dir='ltr'>sex</span> <span class='ocrx_word' id='word_1_96' title='bbox 1518 2466 1552 2528; x_wconf 88' lang='lat' dir='ltr'>et</span> <span class='ocrx_word' id='word_1_97' title='bbox 1568 2460 1689 2528; x_wconf 86' lang='lat' dir='ltr'>cubito</span> <span class='ocrx_word' id='word_1_98' title='bbox 1707 2480 1838 2546; x_wconf 82' lang='lat' dir='ltr'>unum3</span> <span class='ocrx_word' id='word_1_99' title='bbox 1856 2481 1878 2528; x_wconf 92' lang='lat' dir='ltr'>a</span> <span class='ocrx_word' id='word_1_100' title='bbox 1895 2460 2045 2527; x_wconf 89' lang='lat' dir='ltr'>meridie</span> <span class='ocrx_word' id='word_1_101' title='bbox 2065 2465 2149 2527; x_wconf 90' lang='lat' dir='ltr'>sunt</span> <span class='ocrx_word' id='word_1_102' title='bbox 2164 2459 2260 2546; x_wconf 91' lang='lat' dir='ltr'>passi</span> <span class='ocrx_word' id='word_1_103' title='bbox 2282 2463 2429 2546; x_wconf 87' lang='lat' dir='ltr'>quatra-</span> 
     </span>
     <span class='ocr_line' id='line_1_11' title="bbox 580 2615 2425 2704; baseline -0.001 -22"><span class='ocrx_word' id='word_1_104' title='bbox 580 2617 701 2702; x_wconf 83' lang='lat' dir='ltr'>ginta,</span> <span class='ocrx_word' id='word_1_105' title='bbox 718 2621 753 2684; x_wconf 86' lang='lat' dir='ltr'>et</span> <span class='ocrx_word' id='word_1_106' title='bbox 769 2617 814 2684; x_wconf 90' lang='lat' dir='ltr'>da</span> <span class='ocrx_word' id='word_1_107' title='bbox 832 2618 898 2702; x_wconf 88' lang='lat' dir='ltr'>ipsi</span> <span class='ocrx_word' id='word_1_108' title='bbox 917 2617 1166 2704; x_wconf 86' lang='lat' dir='ltr'>quattraginta</span> <span class='ocrx_word' id='word_1_109' title='bbox 1183 2617 1276 2703; x_wconf 88' lang='lat' dir='ltr'>passi</span> <span class='ocrx_word' id='word_1_110' title='bbox 1294 2615 1396 2703; x_wconf 90' lang='lat' dir='ltr'>quasi</span> <span class='ocrx_word' id='word_1_111' title='bbox 1414 2615 1617 2683; x_wconf 90' lang='lat' dir='ltr'>rebolbente</span> <span class='ocrx_word' id='word_1_112' title='bbox 1634 2617 1671 2684; x_wconf 94' lang='lat' dir='ltr'>in</span> <span class='ocrx_word' id='word_1_113' title='bbox 1689 2634 1770 2702; x_wconf 89' lang='lat' dir='ltr'>pars</span> <span class='ocrx_word' id='word_1_114' title='bbox 1786 2616 1935 2682; x_wconf 89' lang='lat' dir='ltr'>orientis</span> <span class='ocrx_word' id='word_1_115' title='bbox 1953 2616 2046 2700; x_wconf 88' lang='lat' dir='ltr'>passi</span> <span class='ocrx_word' id='word_1_116' title='bbox 2067 2615 2195 2700; x_wconf 88' lang='lat' dir='ltr'>viginti</span> <span class='ocrx_word' id='word_1_117' title='bbox 2214 2633 2279 2682; x_wconf 84' lang='lat' dir='ltr'>sex</span> <span class='ocrx_word' id='word_1_118' title='bbox 2296 2619 2333 2680; x_wconf 91' lang='lat' dir='ltr'>et</span> <span class='ocrx_word' id='word_1_119' title='bbox 2356 2633 2425 2681; x_wconf 90' lang='lat' dir='ltr'>me-</span> 
     </span>
     <span class='ocr_line' id='line_1_12' title="bbox 576 2766 2423 2857; baseline -0.002 -22"><span class='ocrx_word' id='word_1_120' title='bbox 576 2769 693 2836; x_wconf 87' lang='lat' dir='ltr'>dium:</span> <span class='ocrx_word' id='word_1_121' title='bbox 710 2777 745 2838; x_wconf 91' lang='lat' dir='ltr'>et</span> <span class='ocrx_word' id='word_1_122' title='bbox 762 2792 784 2837; x_wconf 91' lang='lat' dir='ltr'>a</span> <span class='ocrx_word' id='word_1_123' title='bbox 807 2791 889 2856; x_wconf 87' lang='lat' dir='ltr'>pars</span> <span class='ocrx_word' id='word_1_124' title='bbox 912 2771 1058 2838; x_wconf 87' lang='lat' dir='ltr'>orientis</span> <span class='ocrx_word' id='word_1_125' title='bbox 1082 2770 1153 2837; x_wconf 83' lang='lat' dir='ltr'>fine</span> <span class='ocrx_word' id='word_1_126' title='bbox 1177 2773 1311 2857; x_wconf 90' lang='lat' dir='ltr'>nostra,</span> <span class='ocrx_word' id='word_1_127' title='bbox 1327 2775 1412 2837; x_wconf 90' lang='lat' dir='ltr'>sunt</span> <span class='ocrx_word' id='word_1_128' title='bbox 1428 2769 1509 2836; x_wconf 91' lang='lat' dir='ltr'>inde</span> <span class='ocrx_word' id='word_1_129' title='bbox 1533 2768 1629 2854; x_wconf 86' lang='lat' dir='ltr'>passi</span> <span class='ocrx_word' id='word_1_130' title='bbox 1647 2768 1776 2854; x_wconf 89' lang='lat' dir='ltr'>viginti</span> <span class='ocrx_word' id='word_1_131' title='bbox 1794 2773 1867 2834; x_wconf 89' lang='lat' dir='ltr'>tres</span> <span class='ocrx_word' id='word_1_132' title='bbox 1883 2773 1919 2834; x_wconf 92' lang='lat' dir='ltr'>et</span> <span class='ocrx_word' id='word_1_133' title='bbox 1935 2766 2104 2852; x_wconf 88' lang='lat' dir='ltr'>medium,</span> <span class='ocrx_word' id='word_1_134' title='bbox 2122 2771 2234 2834; x_wconf 91' lang='lat' dir='ltr'>totum</span> <span class='ocrx_word' id='word_1_135' title='bbox 2259 2767 2304 2834; x_wconf 90' lang='lat' dir='ltr'>ad</span> <span class='ocrx_word' id='word_1_136' title='bbox 2331 2767 2423 2834; x_wconf 90' lang='lat' dir='ltr'>iusto</span> 
     </span>
     <span class='ocr_line' id='line_1_13' title="bbox 576 2901 2425 3011; baseline -0.002 -23"><span class='ocrx_word' id='word_1_137' title='bbox 576 2939 717 3006; x_wconf 88' lang='lat' dir='ltr'>passum</span> <span class='ocrx_word' id='word_1_138' title='bbox 735 2923 844 2990; x_wconf 89' lang='lat' dir='ltr'>omini</span> <span class='ocrx_word' id='word_1_139' title='bbox 860 2929 1118 3011; x_wconf 88' lang='lat' dir='ltr'>mensuratum;</span> <span class='ocrx_word' id='word_1_140' title='bbox 1136 2943 1175 2990; x_wconf 90' lang='lat' dir='ltr'>ec</span> <span class='ocrx_word' id='word_1_141' title='bbox 1200 2942 1282 2992; x_wconf 90' lang='lat' dir='ltr'>vero</span> <span class='ocrx_word' id='word_1_142' title='bbox 1299 2901 1460 3009; x_wconf 80' lang='lat' dir='ltr'>predicta</span> <span class='ocrx_word' id='word_1_143' title='bbox 1478 2922 1578 3008; x_wconf 90' lang='lat' dir='ltr'>pecia</span> <span class='ocrx_word' id='word_1_144' title='bbox 1600 2923 1643 2988; x_wconf 92' lang='lat' dir='ltr'>de</span> <span class='ocrx_word' id='word_1_145' title='bbox 1666 2927 1764 2988; x_wconf 88' lang='lat' dir='ltr'>terra</span> <span class='ocrx_word' id='word_1_146' title='bbox 1788 2939 1867 2988; x_wconf 88' lang='lat' dir='ltr'>oum</span> <span class='ocrx_word' id='word_1_147' title='bbox 1885 2921 2042 2986; x_wconf 79' lang='lat' dir='ltr'>arbustis</span> <span class='ocrx_word' id='word_1_148' title='bbox 2064 2939 2125 3004; x_wconf 89' lang='lat' dir='ltr'>per</span> <span class='ocrx_word' id='word_1_149' title='bbox 2144 2919 2313 2986; x_wconf 84' lang='lat' dir='ltr'>iamdicta</span> <span class='ocrx_word' id='word_1_150' title='bbox 2340 2917 2425 2984; x_wconf 88' lang='grc'><strong>11616</strong></span> 
     </span>
     <span class='ocr_line' id='line_1_14' title="bbox 576 3075 2422 3147; baseline 0.003 -7"><span class='ocrx_word' id='word_1_151' title='bbox 576 3079 612 3142; x_wconf 88' lang='grc'>61</span> <span class='ocrx_word' id='word_1_152' title='bbox 627 3081 805 3144; x_wconf 88' lang='lat' dir='ltr'>mensurio</span> <span class='ocrx_word' id='word_1_153' title='bbox 829 3082 940 3144; x_wconf 88' lang='lat' dir='ltr'>toturn</span> <span class='ocrx_word' id='word_1_154' title='bbox 965 3081 1000 3145; x_wconf 90' lang='grc'>61</span> <span class='ocrx_word' id='word_1_155' title='bbox 1024 3077 1187 3144; x_wconf 83' lang='grc'><strong>1116111611</strong></span> <span class='ocrx_word' id='word_1_156' title='bbox 1213 3077 1295 3144; x_wconf 92' lang='lat' dir='ltr'>illut</span> <span class='ocrx_word' id='word_1_157' title='bbox 1316 3096 1397 3142; x_wconf 91' lang='lat' dir='ltr'>cum</span> <span class='ocrx_word' id='word_1_158' title='bbox 1427 3078 1548 3145; x_wconf 87' lang='lat' dir='ltr'>omnia</span> <span class='ocrx_word' id='word_1_159' title='bbox 1569 3075 1664 3144; x_wconf 93' lang='lat' dir='ltr'>intro</span> <span class='ocrx_word' id='word_1_160' title='bbox 1686 3095 1723 3144; x_wconf 90' lang='lat' dir='ltr'>se</span> <span class='ocrx_word' id='word_1_161' title='bbox 1748 3075 1937 3144; x_wconf 90' lang='lat' dir='ltr'>abentibus</span> <span class='ocrx_word' id='word_1_162' title='bbox 1961 3081 2092 3144; x_wconf 87' lang='lat' dir='ltr'>etcum</span> <span class='ocrx_word' id='word_1_163' title='bbox 2110 3077 2188 3144; x_wconf 87' lang='lat' dir='ltr'>vice</span> <span class='ocrx_word' id='word_1_164' title='bbox 2210 3077 2253 3144; x_wconf 91' lang='lat' dir='ltr'>de</span> <span class='ocrx_word' id='word_1_165' title='bbox 2279 3079 2338 3145; x_wconf 93' lang='lat' dir='ltr'>bia</span> <span class='ocrx_word' id='word_1_166' title='bbox 2355 3097 2422 3147; x_wconf 87' lang='lat' dir='ltr'>sua</span> 
     </span>
     <span class='ocr_line' id='line_1_15' title="bbox 577 3227 2424 3316; baseline 0.004 -25"><span class='ocrx_word' id='word_1_167' title='bbox 577 3227 657 3296; x_wconf 94' lang='lat' dir='ltr'>illut</span> <span class='ocrx_word' id='word_1_168' title='bbox 680 3249 801 3296; x_wconf 92' lang='lat' dir='ltr'>eorum</span> <span class='ocrx_word' id='word_1_169' title='bbox 824 3229 869 3298; x_wconf 86' lang='lat' dir='ltr'>ad</span> <span class='ocrx_word' id='word_1_170' title='bbox 886 3231 1077 3298; x_wconf 91' lang='lat' dir='ltr'>tenendum</span> <span class='ocrx_word' id='word_1_171' title='bbox 1102 3235 1137 3298; x_wconf 88' lang='lat' dir='ltr'>et</span> <span class='ocrx_word' id='word_1_172' title='bbox 1161 3229 1395 3298; x_wconf 88' lang='lat' dir='ltr'>laborandum</span> <span class='ocrx_word' id='word_1_173' title='bbox 1421 3229 1584 3298; x_wconf 89' lang='lat' dir='ltr'>tradidit.</span> <span class='ocrx_word' id='word_1_174' title='bbox 1609 3232 1707 3300; x_wconf 91' lang='lat' dir='ltr'>Unde</span> <span class='ocrx_word' id='word_1_175' title='bbox 1732 3250 1794 3316; x_wconf 90' lang='lat' dir='ltr'>pro</span> <span class='ocrx_word' id='word_1_176' title='bbox 1819 3230 1940 3299; x_wconf 91' lang='lat' dir='ltr'>taliter</span> <span class='ocrx_word' id='word_1_177' title='bbox 1964 3249 2026 3315; x_wconf 88' lang='lat' dir='ltr'>per</span> <span class='ocrx_word' id='word_1_178' title='bbox 2052 3249 2143 3298; x_wconf 89' lang='lat' dir='ltr'>vona</span> <span class='ocrx_word' id='word_1_179' title='bbox 2167 3233 2424 3300; x_wconf 85' lang='lat' dir='ltr'>convenientia</span> 
     </span>
     <span class='ocr_line' id='line_1_16' title="bbox 575 3381 2428 3470; baseline 0.001 -22"><span class='ocrx_word' id='word_1_180' title='bbox 575 3384 712 3467; x_wconf 84' lang='lat' dir='ltr'>guadia</span> <span class='ocrx_word' id='word_1_181' title='bbox 736 3384 804 3470; x_wconf 91' lang='lat' dir='ltr'>ipsi</span> <span class='ocrx_word' id='word_1_182' title='bbox 829 3383 934 3451; x_wconf 88' lang='lat' dir='ltr'>disiio</span> <span class='ocrx_word' id='word_1_183' title='bbox 957 3388 993 3451; x_wconf 90' lang='lat' dir='ltr'>et</span> <span class='ocrx_word' id='word_1_184' title='bbox 1016 3387 1139 3470; x_wconf 90' lang='lat' dir='ltr'>petrus</span> <span class='ocrx_word' id='word_1_185' title='bbox 1162 3387 1198 3451; x_wconf 91' lang='grc'>61</span> <span class='ocrx_word' id='word_1_186' title='bbox 1222 3383 1395 3450; x_wconf 86' lang='lat' dir='ltr'>iohannes</span> <span class='ocrx_word' id='word_1_187' title='bbox 1412 3385 1587 3468; x_wconf 84' lang='lat' dir='ltr'>presbiter</span> <span class='ocrx_word' id='word_1_188' title='bbox 1604 3382 1792 3466; x_wconf 90' lang='lat' dir='ltr'>dederunt,</span> <span class='ocrx_word' id='word_1_189' title='bbox 1815 3387 1851 3450; x_wconf 93' lang='lat' dir='ltr'>et</span> <span class='ocrx_word' id='word_1_190' title='bbox 1875 3381 2106 3448; x_wconf 86' lang='lat' dir='ltr'>mediatorem</span> <span class='ocrx_word' id='word_1_191' title='bbox 2123 3382 2209 3449; x_wconf 87' lang='lat' dir='ltr'>mihi</span> <span class='ocrx_word' id='word_1_192' title='bbox 2230 3389 2428 3470; x_wconf 91' lang='lat' dir='ltr'>posuerunt</span> 
     </span>
     <span class='ocr_line' id='line_1_17' title="bbox 579 3533 2428 3624; baseline 0.002 -24"><span class='ocrx_word' id='word_1_193' title='bbox 579 3535 754 3606; x_wconf 91' lang='lat' dir='ltr'>iohannes</span> <span class='ocrx_word' id='word_1_194' title='bbox 777 3537 873 3604; x_wconf 83' lang='lat' dir='ltr'>filius</span> <span class='ocrx_word' id='word_1_195' title='bbox 896 3537 1005 3624; x_wconf 90' lang='lat' dir='ltr'>sergii</span> <span class='ocrx_word' id='word_1_196' title='bbox 1032 3537 1074 3604; x_wconf 91' lang='lat' dir='ltr'>de</span> <span class='ocrx_word' id='word_1_197' title='bbox 1098 3538 1212 3604; x_wconf 86' lang='lat' dir='ltr'>locum</span> <span class='ocrx_word' id='word_1_198' title='bbox 1244 3555 1335 3624; x_wconf 71' lang='lat' dir='ltr'>pau,</span> <span class='ocrx_word' id='word_1_199' title='bbox 1360 3539 1396 3603; x_wconf 92' lang='lat' dir='ltr'>et</span> <span class='ocrx_word' id='word_1_200' title='bbox 1418 3555 1481 3622; x_wconf 87' lang='lat' dir='ltr'>per</span> <span class='ocrx_word' id='word_1_201' title='bbox 1505 3536 1582 3620; x_wconf 87' lang='lat' dir='ltr'>ipsa</span> <span class='ocrx_word' id='word_1_202' title='bbox 1605 3534 1738 3621; x_wconf 87' lang='lat' dir='ltr'>guadia</span> <span class='ocrx_word' id='word_1_203' title='bbox 1770 3533 2022 3620; x_wconf 86' lang='lat' dir='ltr'>obligaverunt</span> <span class='ocrx_word' id='word_1_204' title='bbox 2045 3551 2082 3601; x_wconf 91' lang='lat' dir='ltr'>se</span> <span class='ocrx_word' id='word_1_205' title='bbox 2107 3553 2254 3622; x_wconf 90' lang='lat' dir='ltr'>suosque</span> <span class='ocrx_word' id='word_1_206' title='bbox 2278 3537 2428 3605; x_wconf 87' lang='lat' dir='ltr'>heredes</span> 
     </span>
     <span class='ocr_line' id='line_1_18' title="bbox 581 3687 2423 3778; baseline 0.002 -23"><span class='ocrx_word' id='word_1_207' title='bbox 581 3689 645 3757; x_wconf 87' lang='lat' dir='ltr'>tali</span> <span class='ocrx_word' id='word_1_208' title='bbox 671 3692 818 3778; x_wconf 90' lang='lat' dir='ltr'>ordine,</span> <span class='ocrx_word' id='word_1_209' title='bbox 844 3695 884 3759; x_wconf 92' lang='lat' dir='ltr'>ut</span> <span class='ocrx_word' id='word_1_210' title='bbox 906 3692 1029 3760; x_wconf 87' lang='lat' dir='ltr'>amodo</span> <span class='ocrx_word' id='word_1_211' title='bbox 1052 3695 1088 3758; x_wconf 90' lang='lat' dir='ltr'>et</span> <span class='ocrx_word' id='word_1_212' title='bbox 1112 3710 1248 3778; x_wconf 88' lang='lat' dir='ltr'>semper</span> <span class='ocrx_word' id='word_1_213' title='bbox 1277 3690 1373 3758; x_wconf 91' lang='lat' dir='ltr'>omni</span> <span class='ocrx_word' id='word_1_214' title='bbox 1406 3695 1562 3774; x_wconf 89' lang='lat' dir='ltr'>tempore</span> <span class='ocrx_word' id='word_1_215' title='bbox 1585 3689 1630 3755; x_wconf 87' lang='lat' dir='ltr'>ad</span> <span class='ocrx_word' id='word_1_216' title='bbox 1655 3707 1720 3756; x_wconf 89' lang='lat' dir='ltr'>sua</span> <span class='ocrx_word' id='word_1_217' title='bbox 1746 3688 1847 3755; x_wconf 90' lang='lat' dir='ltr'>etde</span> <span class='ocrx_word' id='word_1_218' title='bbox 1879 3687 1954 3754; x_wconf 88' lang='lat' dir='ltr'>suis</span> <span class='ocrx_word' id='word_1_219' title='bbox 1983 3689 2150 3756; x_wconf 90' lang='lat' dir='ltr'>eredibus</span> <span class='ocrx_word' id='word_1_220' title='bbox 2180 3690 2228 3756; x_wconf 90' lang='lat' dir='ltr'>sit</span> <span class='ocrx_word' id='word_1_221' title='bbox 2251 3693 2423 3775; x_wconf 85' lang='lat' dir='ltr'>potestate</span> 
     </span>
     <span class='ocr_line' id='line_1_19' title="bbox 579 3839 2426 3930; baseline 0.002 -21"><span class='ocrx_word' id='word_1_222' title='bbox 579 3860 638 3909; x_wconf 87' lang='lat' dir='ltr'>eos</span> <span class='ocrx_word' id='word_1_223' title='bbox 661 3844 852 3911; x_wconf 89' lang='lat' dir='ltr'>tenendum</span> <span class='ocrx_word' id='word_1_224' title='bbox 878 3848 913 3912; x_wconf 92' lang='lat' dir='ltr'>et</span> <span class='ocrx_word' id='word_1_225' title='bbox 935 3844 1202 3929; x_wconf 88' lang='lat' dir='ltr'>dominandum,</span> <span class='ocrx_word' id='word_1_226' title='bbox 1219 3848 1255 3910; x_wconf 93' lang='lat' dir='ltr'>et</span> <span class='ocrx_word' id='word_1_227' title='bbox 1271 3844 1368 3910; x_wconf 82' lang='lat' dir='ltr'>lobee</span> <span class='ocrx_word' id='word_1_228' title='bbox 1384 3847 1419 3910; x_wconf 90' lang='lat' dir='ltr'>et</span> <span class='ocrx_word' id='word_1_229' title='bbox 1434 3841 1548 3907; x_wconf 90' lang='lat' dir='ltr'>omnis</span> <span class='ocrx_word' id='word_1_230' title='bbox 1563 3859 1626 3908; x_wconf 90' lang='lat' dir='ltr'>sue</span> <span class='ocrx_word' id='word_1_231' title='bbox 1644 3839 1813 3908; x_wconf 89' lang='lat' dir='ltr'>utilitatis</span> <span class='ocrx_word' id='word_1_232' title='bbox 1838 3840 1932 3907; x_wconf 88' lang='lat' dir='ltr'>iusta</span> <span class='ocrx_word' id='word_1_233' title='bbox 1955 3841 2094 3909; x_wconf 90' lang='lat' dir='ltr'>ratione</span> <span class='ocrx_word' id='word_1_234' title='bbox 2120 3842 2250 3910; x_wconf 89' lang='lat' dir='ltr'>ibidem</span> <span class='ocrx_word' id='word_1_235' title='bbox 2274 3843 2426 3930; x_wconf 86' lang='lat' dir='ltr'>faciant,</span> 
     </span>
     <span class='ocr_line' id='line_1_20' title="bbox 578 3993 2428 4086; baseline 0.001 -22"><span class='ocrx_word' id='word_1_236' title='bbox 578 4000 615 4064; x_wconf 91' lang='lat' dir='ltr'>et</span> <span class='ocrx_word' id='word_1_237' title='bbox 638 4001 750 4065; x_wconf 88' lang='lat' dir='ltr'>toturn</span> <span class='ocrx_word' id='word_1_238' title='bbox 768 4000 844 4084; x_wconf 88' lang='lat' dir='ltr'>ipso</span> <span class='ocrx_word' id='word_1_239' title='bbox 867 3999 1055 4066; x_wconf 91' lang='lat' dir='ltr'>arbustum</span> <span class='ocrx_word' id='word_1_240' title='bbox 1078 3999 1160 4066; x_wconf 89' lang='lat' dir='ltr'>abto</span> <span class='ocrx_word' id='word_1_241' title='bbox 1182 3999 1340 4083; x_wconf 89' lang='lat' dir='ltr'>tempore</span> <span class='ocrx_word' id='word_1_242' title='bbox 1366 3995 1447 4062; x_wconf 89' lang='lat' dir='ltr'>illut</span> <span class='ocrx_word' id='word_1_243' title='bbox 1472 3993 1679 4063; x_wconf 88' lang='lat' dir='ltr'>laborarent</span> <span class='ocrx_word' id='word_1_244' title='bbox 1703 3999 1739 4061; x_wconf 94' lang='lat' dir='ltr'>et</span> <span class='ocrx_word' id='word_1_245' title='bbox 1762 3993 1943 4062; x_wconf 90' lang='lat' dir='ltr'>cultarent</span> <span class='ocrx_word' id='word_1_246' title='bbox 1965 3995 2008 4063; x_wconf 90' lang='lat' dir='ltr'>de</span> <span class='ocrx_word' id='word_1_247' title='bbox 2031 4013 2136 4082; x_wconf 90' lang='lat' dir='ltr'>super</span> <span class='ocrx_word' id='word_1_248' title='bbox 2160 3997 2260 4066; x_wconf 89' lang='lat' dir='ltr'>etde</span> <span class='ocrx_word' id='word_1_249' title='bbox 2289 4001 2428 4086; x_wconf 85' lang='lat' dir='ltr'>subter,</span> 
     </span>
     <span class='ocr_line' id='line_1_21' title="bbox 578 4149 2427 4242; baseline 0.001 -23"><span class='ocrx_word' id='word_1_250' title='bbox 578 4151 673 4219; x_wconf 88' lang='lat' dir='ltr'>sicut</span> <span class='ocrx_word' id='word_1_251' title='bbox 696 4150 793 4220; x_wconf 89' lang='lat' dir='ltr'>locus</span> <span class='ocrx_word' id='word_1_252' title='bbox 817 4152 892 4238; x_wconf 91' lang='lat' dir='ltr'>ipse</span> <span class='ocrx_word' id='word_1_253' title='bbox 915 4149 1111 4237; x_wconf 92' lang='lat' dir='ltr'>meruerit,</span> <span class='ocrx_word' id='word_1_254' title='bbox 1135 4154 1313 4235; x_wconf 89' lang='lat' dir='ltr'>quatenus</span> <span class='ocrx_word' id='word_1_255' title='bbox 1336 4151 1527 4237; x_wconf 86' lang='lat' dir='ltr'>proficiant</span> <span class='ocrx_word' id='word_1_256' title='bbox 1551 4155 1588 4218; x_wconf 89' lang='lat' dir='ltr'>et</span> <span class='ocrx_word' id='word_1_257' title='bbox 1610 4168 1682 4216; x_wconf 94' lang='lat' dir='ltr'>non</span> <span class='ocrx_word' id='word_1_258' title='bbox 1706 4150 1937 4239; x_wconf 86' lang='lat' dir='ltr'>dispereant,</span> <span class='ocrx_word' id='word_1_259' title='bbox 1966 4155 2002 4219; x_wconf 90' lang='lat' dir='ltr'>et</span> <span class='ocrx_word' id='word_1_260' title='bbox 2033 4153 2092 4218; x_wconf 93' lang='lat' dir='ltr'>ubi</span> <span class='ocrx_word' id='word_1_261' title='bbox 2120 4153 2306 4242; x_wconf 89' lang='lat' dir='ltr'>meruerit,</span> <span class='ocrx_word' id='word_1_262' title='bbox 2330 4153 2427 4220; x_wconf 85' lang='lat' dir='ltr'>inira</span> 
     </span>
     <span class='ocr_line' id='line_1_22' title="bbox 576 4303 2426 4392; baseline 0.002 -22"><span class='ocrx_word' id='word_1_263' title='bbox 576 4304 655 4390; x_wconf 88' lang='lat' dir='ltr'>ipso</span> <span class='ocrx_word' id='word_1_264' title='bbox 678 4307 865 4374; x_wconf 89' lang='lat' dir='ltr'>arbustum</span> <span class='ocrx_word' id='word_1_265' title='bbox 890 4308 1033 4373; x_wconf 87' lang='lat' dir='ltr'>arbores</span> <span class='ocrx_word' id='word_1_266' title='bbox 1049 4307 1084 4371; x_wconf 90' lang='lat' dir='ltr'>et</span> <span class='ocrx_word' id='word_1_267' title='bbox 1101 4303 1191 4372; x_wconf 90' lang='lat' dir='ltr'>vites</span> <span class='ocrx_word' id='word_1_268' title='bbox 1207 4310 1397 4391; x_wconf 88' lang='lat' dir='ltr'>pastenare</span> <span class='ocrx_word' id='word_1_269' title='bbox 1415 4309 1451 4372; x_wconf 89' lang='lat' dir='ltr'>et</span> <span class='ocrx_word' id='word_1_270' title='bbox 1467 4305 1720 4392; x_wconf 86' lang='lat' dir='ltr'>propaginare,</span> <span class='ocrx_word' id='word_1_271' title='bbox 1738 4303 1812 4371; x_wconf 87' lang='lat' dir='ltr'>illis</span> <span class='ocrx_word' id='word_1_272' title='bbox 1829 4303 1883 4370; x_wconf 89' lang='lat' dir='ltr'>vel</span> <span class='ocrx_word' id='word_1_273' title='bbox 1901 4305 1977 4371; x_wconf 91' lang='lat' dir='ltr'>suis</span> <span class='ocrx_word' id='word_1_274' title='bbox 1992 4306 2182 4374; x_wconf 90' lang='lat' dir='ltr'>heredibus</span> <span class='ocrx_word' id='word_1_275' title='bbox 2199 4307 2280 4375; x_wconf 93' lang='lat' dir='ltr'>illut</span> <span class='ocrx_word' id='word_1_276' title='bbox 2297 4308 2426 4375; x_wconf 85' lang='lat' dir='ltr'>ibidem</span> 
     </span>
     <span class='ocr_line' id='line_1_23' title="bbox 576 4453 2424 4546; baseline -0.001 -18"><span class='ocrx_word' id='word_1_277' title='bbox 576 4463 808 4546; x_wconf 88' lang='lat' dir='ltr'>pastenarent</span> <span class='ocrx_word' id='word_1_278' title='bbox 830 4463 865 4526; x_wconf 90' lang='lat' dir='ltr'>et</span> <span class='ocrx_word' id='word_1_279' title='bbox 890 4457 1087 4544; x_wconf 91' lang='lat' dir='ltr'>cultarent,</span> <span class='ocrx_word' id='word_1_280' title='bbox 1119 4458 1211 4526; x_wconf 90' lang='lat' dir='ltr'>sicut</span> <span class='ocrx_word' id='word_1_281' title='bbox 1241 4456 1432 4525; x_wconf 87' lang='lat' dir='ltr'>meruerit:</span> <span class='ocrx_word' id='word_1_282' title='bbox 1467 4460 1503 4524; x_wconf 93' lang='lat' dir='ltr'>et</span> <span class='ocrx_word' id='word_1_283' title='bbox 1533 4473 1595 4542; x_wconf 93' lang='lat' dir='ltr'>per</span> <span class='ocrx_word' id='word_1_284' title='bbox 1628 4453 1805 4522; x_wconf 90' lang='lat' dir='ltr'>vindemie</span> <span class='ocrx_word' id='word_1_285' title='bbox 1833 4457 1971 4540; x_wconf 89' lang='lat' dir='ltr'>tempus</span> <span class='ocrx_word' id='word_1_286' title='bbox 2003 4455 2139 4525; x_wconf 84' lang='lat' dir='ltr'>saciant</span> <span class='ocrx_word' id='word_1_287' title='bbox 2169 4477 2225 4525; x_wconf 91' lang='lat' dir='ltr'>me</span> <span class='ocrx_word' id='word_1_288' title='bbox 2256 4460 2311 4527; x_wconf 92' lang='lat' dir='ltr'>vel</span> <span class='ocrx_word' id='word_1_289' title='bbox 2335 4461 2424 4530; x_wconf 86' lang='lat' dir='ltr'>meis</span> 
     </span>
     <span class='ocr_line' id='line_1_24' title="bbox 578 4606 2423 4700; baseline 0.003 -22"><span class='ocrx_word' id='word_1_290' title='bbox 578 4611 768 4680; x_wconf 82' lang='lat' dir='ltr'>heredibus</span> <span class='ocrx_word' id='word_1_291' title='bbox 791 4613 894 4698; x_wconf 89' lang='lat' dir='ltr'>scire,</span> <span class='ocrx_word' id='word_1_292' title='bbox 919 4615 959 4680; x_wconf 92' lang='lat' dir='ltr'>ut</span> <span class='ocrx_word' id='word_1_293' title='bbox 982 4613 1183 4700; x_wconf 82' lang='lat' dir='ltr'>dirigamus</span> <span class='ocrx_word' id='word_1_294' title='bbox 1207 4609 1336 4678; x_wconf 89' lang='lat' dir='ltr'>ibidem</span> <span class='ocrx_word' id='word_1_295' title='bbox 1359 4607 1507 4675; x_wconf 88' lang='lat' dir='ltr'>missum</span> <span class='ocrx_word' id='word_1_296' title='bbox 1531 4612 1704 4694; x_wconf 89' lang='lat' dir='ltr'>nostrum,</span> <span class='ocrx_word' id='word_1_297' title='bbox 1722 4613 1757 4676; x_wconf 91' lang='lat' dir='ltr'>et</span> <span class='ocrx_word' id='word_1_298' title='bbox 1774 4606 1847 4675; x_wconf 88' lang='lat' dir='ltr'>illis</span> <span class='ocrx_word' id='word_1_299' title='bbox 1862 4609 1918 4676; x_wconf 90' lang='lat' dir='ltr'>vel</span> <span class='ocrx_word' id='word_1_300' title='bbox 1933 4608 2009 4675; x_wconf 89' lang='lat' dir='ltr'>suis</span> <span class='ocrx_word' id='word_1_301' title='bbox 2024 4611 2214 4680; x_wconf 90' lang='lat' dir='ltr'>heredibus</span> <span class='ocrx_word' id='word_1_302' title='bbox 2238 4616 2321 4682; x_wconf 88' lang='lat' dir='ltr'>abto</span> <span class='ocrx_word' id='word_1_303' title='bbox 2336 4619 2423 4684; x_wconf 85' lang='grc'><strong>16111-</strong></span> 
     </span>
     <span class='ocr_line' id='line_1_25' title="bbox 579 4763 2421 4853; baseline 0.004 -23"><span class='ocrx_word' id='word_1_304' title='bbox 579 4785 663 4851; x_wconf 92' lang='lat' dir='ltr'>pore</span> <span class='ocrx_word' id='word_1_305' title='bbox 687 4765 767 4833; x_wconf 93' lang='lat' dir='ltr'>illut</span> <span class='ocrx_word' id='word_1_306' title='bbox 790 4765 1059 4852; x_wconf 65' lang='lat' dir='ltr'>vindemiemus</span> <span class='ocrx_word' id='word_1_307' title='bbox 1083 4767 1175 4833; x_wconf 88' lang='lat' dir='ltr'>sicut</span> <span class='ocrx_word' id='word_1_308' title='bbox 1197 4765 1391 4848; x_wconf 87' lang='lat' dir='ltr'>meruerit,</span> <span class='ocrx_word' id='word_1_309' title='bbox 1415 4767 1450 4830; x_wconf 91' lang='grc'>61</span> <span class='ocrx_word' id='word_1_310' title='bbox 1472 4769 1585 4832; x_wconf 89' lang='lat' dir='ltr'>toturn</span> <span class='ocrx_word' id='word_1_311' title='bbox 1616 4763 1691 4848; x_wconf 87' lang='lat' dir='ltr'>ipso</span> <span class='ocrx_word' id='word_1_312' title='bbox 1722 4764 1845 4830; x_wconf 92' lang='lat' dir='ltr'>vinum</span> <span class='ocrx_word' id='word_1_313' title='bbox 1876 4764 1996 4850; x_wconf 85' lang='lat' dir='ltr'>ibique</span> <span class='ocrx_word' id='word_1_314' title='bbox 2023 4766 2069 4834; x_wconf 93' lang='lat' dir='ltr'>ad</span> <span class='ocrx_word' id='word_1_315' title='bbox 2098 4765 2317 4853; x_wconf 90' lang='lat' dir='ltr'>palmentum</span> <span class='ocrx_word' id='word_1_316' title='bbox 2342 4771 2421 4838; x_wconf 85' lang='lat' dir='ltr'>illut</span> 
     </span>
     <span class='ocr_line' id='line_1_26' title="bbox 581 4916 2423 5012; baseline 0.004 -29"><span class='ocrx_word' id='word_1_317' title='bbox 581 4919 674 4985; x_wconf 88' lang='lat' dir='ltr'>inter</span> <span class='ocrx_word' id='word_1_318' title='bbox 697 4935 761 4984; x_wconf 91' lang='grc'><strong>1166</strong></span> <span class='ocrx_word' id='word_1_319' title='bbox 784 4919 987 4988; x_wconf 88' lang='lat' dir='ltr'>dividamus</span> <span class='ocrx_word' id='word_1_320' title='bbox 1009 4937 1072 5006; x_wconf 87' lang='lat' dir='ltr'>per</span> <span class='ocrx_word' id='word_1_321' title='bbox 1095 4918 1262 4986; x_wconf 90' lang='lat' dir='ltr'>medium:</span> <span class='ocrx_word' id='word_1_322' title='bbox 1289 4918 1364 5003; x_wconf 89' lang='lat' dir='ltr'>ipso</span> <span class='ocrx_word' id='word_1_323' title='bbox 1387 4916 1534 4984; x_wconf 91' lang='lat' dir='ltr'>missum</span> <span class='ocrx_word' id='word_1_324' title='bbox 1557 4923 1719 4985; x_wconf 90' lang='lat' dir='ltr'>nostrum</span> <span class='ocrx_word' id='word_1_325' title='bbox 1744 4918 1845 4987; x_wconf 90' lang='lat' dir='ltr'>tollat</span> <span class='ocrx_word' id='word_1_326' title='bbox 1869 4937 1927 4986; x_wconf 89' lang='lat' dir='ltr'>eos</span> <span class='ocrx_word' id='word_1_327' title='bbox 1950 4918 2190 5010; x_wconf 86' lang='lat' dir='ltr'>medietatem,</span> <span class='ocrx_word' id='word_1_328' title='bbox 2208 4929 2244 4991; x_wconf 89' lang='grc'>61</span> <span class='ocrx_word' id='word_1_329' title='bbox 2268 4923 2342 4992; x_wconf 86' lang='grc'><strong>11116</strong></span> <span class='ocrx_word' id='word_1_330' title='bbox 2366 4927 2423 5012; x_wconf 82' lang='lat' dir='ltr'>vel</span> 
     </span>
     <span class='ocr_line' id='line_1_27' title="bbox 581 5069 2424 5162; baseline 0.003 -23"><span class='ocrx_word' id='word_1_331' title='bbox 581 5069 654 5139; x_wconf 90' lang='lat' dir='ltr'>suis</span> <span class='ocrx_word' id='word_1_332' title='bbox 677 5071 867 5140; x_wconf 88' lang='lat' dir='ltr'>heredibus</span> <span class='ocrx_word' id='word_1_333' title='bbox 890 5072 994 5140; x_wconf 90' lang='lat' dir='ltr'>tollat</span> <span class='ocrx_word' id='word_1_334' title='bbox 1017 5073 1156 5158; x_wconf 90' lang='lat' dir='ltr'>reliqua</span> <span class='ocrx_word' id='word_1_335' title='bbox 1180 5073 1419 5156; x_wconf 87' lang='lat' dir='ltr'>medietatem,</span> <span class='ocrx_word' id='word_1_336' title='bbox 1436 5075 1471 5139; x_wconf 90' lang='lat' dir='ltr'>et</span> <span class='ocrx_word' id='word_1_337' title='bbox 1487 5069 1742 5157; x_wconf 84' lang='lat' dir='ltr'>adsingnemus</span> <span class='ocrx_word' id='word_1_338' title='bbox 1767 5069 1907 5138; x_wconf 92' lang='lat' dir='ltr'>illorum</span> <span class='ocrx_word' id='word_1_339' title='bbox 1923 5071 2053 5140; x_wconf 91' lang='lat' dir='ltr'>ibidem</span> <span class='ocrx_word' id='word_1_340' title='bbox 2070 5091 2268 5162; x_wconf 90' lang='lat' dir='ltr'>organeum</span> <span class='ocrx_word' id='word_1_341' title='bbox 2293 5095 2424 5144; x_wconf 92' lang='lat' dir='ltr'>vonum</span> 
     </span>
     <span class='ocr_line' id='line_1_28' title="bbox 580 5220 2431 5314; baseline 0.002 -20"><span class='ocrx_word' id='word_1_342' title='bbox 580 5226 627 5295; x_wconf 91' lang='lat' dir='ltr'>da</span> <span class='ocrx_word' id='word_1_343' title='bbox 651 5224 789 5312; x_wconf 92' lang='lat' dir='ltr'>vinum,</span> <span class='ocrx_word' id='word_1_344' title='bbox 814 5229 849 5291; x_wconf 90' lang='lat' dir='ltr'>et</span> <span class='ocrx_word' id='word_1_345' title='bbox 873 5225 944 5292; x_wconf 90' lang='lat' dir='ltr'>illis</span> <span class='ocrx_word' id='word_1_346' title='bbox 966 5242 1161 5311; x_wconf 90' lang='lat' dir='ltr'>organeum</span> <span class='ocrx_word' id='word_1_347' title='bbox 1192 5224 1306 5308; x_wconf 89' lang='lat' dir='ltr'>ipsum</span> <span class='ocrx_word' id='word_1_348' title='bbox 1339 5241 1469 5289; x_wconf 92' lang='lat' dir='ltr'>vonum</span> <span class='ocrx_word' id='word_1_349' title='bbox 1500 5220 1723 5309; x_wconf 89' lang='lat' dir='ltr'>conciemus,</span> <span class='ocrx_word' id='word_1_350' title='bbox 1748 5224 1840 5291; x_wconf 90' lang='lat' dir='ltr'>siout</span> <span class='ocrx_word' id='word_1_351' title='bbox 1863 5225 2056 5310; x_wconf 89' lang='lat' dir='ltr'>meruerit,</span> <span class='ocrx_word' id='word_1_352' title='bbox 2080 5231 2117 5294; x_wconf 88' lang='lat' dir='ltr'>et</span> <span class='ocrx_word' id='word_1_353' title='bbox 2143 5237 2321 5314; x_wconf 91' lang='lat' dir='ltr'>reponant</span> <span class='ocrx_word' id='word_1_354' title='bbox 2346 5229 2431 5300; x_wconf 90' lang='lat' dir='ltr'>illut</span> 
     </span>
     <span class='ocr_line' id='line_1_29' title="bbox 581 5365 2431 5467; baseline 0.003 -17"><span class='ocrx_word' id='word_1_355' title='bbox 581 5380 717 5450; x_wconf 88' lang='lat' dir='ltr'>ibidem</span> <span class='ocrx_word' id='word_1_356' title='bbox 734 5379 773 5446; x_wconf 94' lang='lat' dir='ltr'>in</span> <span class='ocrx_word' id='word_1_357' title='bbox 790 5378 866 5467; x_wconf 91' lang='lat' dir='ltr'>ipso</span> <span class='ocrx_word' id='word_1_358' title='bbox 889 5380 1003 5446; x_wconf 90' lang='lat' dir='ltr'>locum</span> <span class='ocrx_word' id='word_1_359' title='bbox 1028 5378 1225 5447; x_wconf 90' lang='lat' dir='ltr'>ballentino</span> <span class='ocrx_word' id='word_1_360' title='bbox 1248 5377 1434 5446; x_wconf 88' lang='lat' dir='ltr'>addemus</span> <span class='ocrx_word' id='word_1_361' title='bbox 1457 5376 1612 5463; x_wconf 91' lang='lat' dir='ltr'>illorum,</span> <span class='ocrx_word' id='word_1_362' title='bbox 1629 5380 1664 5444; x_wconf 87' lang='lat' dir='ltr'>et</span> <span class='ocrx_word' id='word_1_363' title='bbox 1679 5375 1809 5444; x_wconf 89' lang='lat' dir='ltr'>ibidem</span> <span class='ocrx_word' id='word_1_364' title='bbox 1832 5383 2007 5463; x_wconf 92' lang='lat' dir='ltr'>reponant</span> <span class='ocrx_word' id='word_1_365' title='bbox 2022 5380 2100 5466; x_wconf 89' lang='lat' dir='ltr'>ipsa</span> <span class='ocrx_word' id='word_1_366' title='bbox 2123 5387 2248 5454; x_wconf 90' lang='lat' dir='ltr'>nostra</span> <span class='ocrx_word' id='word_1_367' title='bbox 2271 5365 2431 5456; x_wconf 71' lang='lat' dir='ltr'>sortione</span> 
     </span>
     <span class='ocr_line' id='line_1_30' title="bbox 579 5531 2427 5622; baseline 0.004 -18"><span class='ocrx_word' id='word_1_368' title='bbox 579 5537 622 5604; x_wconf 91' lang='lat' dir='ltr'>de</span> <span class='ocrx_word' id='word_1_369' title='bbox 647 5539 722 5622; x_wconf 90' lang='lat' dir='ltr'>ipso</span> <span class='ocrx_word' id='word_1_370' title='bbox 744 5537 882 5622; x_wconf 91' lang='lat' dir='ltr'>vinum,</span> <span class='ocrx_word' id='word_1_371' title='bbox 906 5538 942 5602; x_wconf 91' lang='lat' dir='ltr'>et</span> <span class='ocrx_word' id='word_1_372' title='bbox 966 5533 1101 5601; x_wconf 86' lang='lat' dir='ltr'>faciant</span> <span class='ocrx_word' id='word_1_373' title='bbox 1125 5532 1197 5600; x_wconf 88' lang='lat' dir='ltr'>illis</span> <span class='ocrx_word' id='word_1_374' title='bbox 1221 5531 1274 5598; x_wconf 90' lang='lat' dir='ltr'>vel</span> <span class='ocrx_word' id='word_1_375' title='bbox 1291 5534 1366 5600; x_wconf 89' lang='lat' dir='ltr'>suis</span> <span class='ocrx_word' id='word_1_376' title='bbox 1381 5533 1571 5601; x_wconf 89' lang='lat' dir='ltr'>heredibus</span> <span class='ocrx_word' id='word_1_377' title='bbox 1594 5533 1695 5600; x_wconf 91' lang='lat' dir='ltr'>nobis</span> <span class='ocrx_word' id='word_1_378' title='bbox 1711 5533 1764 5600; x_wconf 93' lang='lat' dir='ltr'>vel</span> <span class='ocrx_word' id='word_1_379' title='bbox 1782 5533 1826 5602; x_wconf 89' lang='lat' dir='ltr'>ad</span> <span class='ocrx_word' id='word_1_380' title='bbox 1844 5536 1976 5603; x_wconf 90' lang='lat' dir='ltr'>nostris</span> <span class='ocrx_word' id='word_1_381' title='bbox 2001 5537 2192 5608; x_wconf 85' lang='lat' dir='ltr'>heredibus</span> <span class='ocrx_word' id='word_1_382' title='bbox 2215 5543 2427 5611; x_wconf 83' lang='lat' dir='ltr'>annualiter</span> 
     </span>
     <span class='ocr_line' id='line_1_31' title="bbox 580 5659 2433 5782; baseline 0.003 -24"><span class='ocrx_word' id='word_1_383' title='bbox 580 5694 655 5777; x_wconf 91' lang='lat' dir='ltr'>ipso</span> <span class='ocrx_word' id='word_1_384' title='bbox 678 5691 801 5758; x_wconf 88' lang='lat' dir='ltr'>vinum</span> <span class='ocrx_word' id='word_1_385' title='bbox 825 5689 976 5775; x_wconf 90' lang='lat' dir='ltr'>salbum,</span> <span class='ocrx_word' id='word_1_386' title='bbox 1000 5689 1109 5756; x_wconf 89' lang='lat' dir='ltr'>donec</span> <span class='ocrx_word' id='word_1_387' title='bbox 1133 5687 1215 5754; x_wconf 91' lang='lat' dir='ltr'>illut</span> <span class='ocrx_word' id='word_1_388' title='bbox 1240 5685 1322 5754; x_wconf 91' lang='lat' dir='ltr'>inde</span> <span class='ocrx_word' id='word_1_389' title='bbox 1346 5685 1545 5772; x_wconf 91' lang='lat' dir='ltr'>tulerimus,</span> <span class='ocrx_word' id='word_1_390' title='bbox 1562 5687 1694 5770; x_wconf 88' lang='lat' dir='ltr'>absque</span> <span class='ocrx_word' id='word_1_391' title='bbox 1710 5659 1987 5774; x_wconf 84' lang='lat' dir='ltr'>degeneratione</span> <span class='ocrx_word' id='word_1_392' title='bbox 2002 5695 2038 5758; x_wconf 91' lang='lat' dir='ltr'>et</span> <span class='ocrx_word' id='word_1_393' title='bbox 2057 5693 2179 5780; x_wconf 88' lang='lat' dir='ltr'>ingne‚</span> <span class='ocrx_word' id='word_1_394' title='bbox 2198 5699 2234 5762; x_wconf 92' lang='lat' dir='ltr'>et</span> <span class='ocrx_word' id='word_1_395' title='bbox 2250 5693 2326 5782; x_wconf 90' lang='lat' dir='ltr'>ipso</span> <span class='ocrx_word' id='word_1_396' title='bbox 2343 5697 2433 5764; x_wconf 89' lang='lat' dir='ltr'>mis-</span> 
     </span>
    </p>
   </div>
   <div class='ocr_carea' id='block_1_5' title="bbox 579 5837 2433 5934">
    <p class='ocr_par' dir='ltr' id='par_1_5' title="bbox 579 5837 2433 5934">
     <span class='ocr_line' id='line_1_32' title="bbox 579 5837 2433 5934; baseline 0.005 -26"><span class='ocrx_word' id='word_1_397' title='bbox 579 5861 657 5911; x_wconf 90' lang='lat' dir='ltr'>sum</span> <span class='ocrx_word' id='word_1_398' title='bbox 681 5862 743 5930; x_wconf 93' lang='lat' dir='ltr'>per</span> <span class='ocrx_word' id='word_1_399' title='bbox 773 5849 911 5928; x_wconf 90' lang='lat' dir='ltr'>tempus</span> <span class='ocrx_word' id='word_1_400' title='bbox 934 5841 977 5909; x_wconf 92' lang='lat' dir='ltr'>de</span> <span class='ocrx_word' id='word_1_401' title='bbox 1002 5839 1202 5928; x_wconf 89' lang='lat' dir='ltr'>vindemie,</span> <span class='ocrx_word' id='word_1_402' title='bbox 1226 5837 1368 5928; x_wconf 88' lang='lat' dir='ltr'>quando</span> <span class='ocrx_word' id='word_1_403' title='bbox 1393 5838 1524 5906; x_wconf 89' lang='lat' dir='ltr'>ibidem</span> <span class='ocrx_word' id='word_1_404' title='bbox 1548 5839 1789 5908; x_wconf 86' lang='lat' dir='ltr'>direxerimus</span> <span class='ocrx_word' id='word_1_405' title='bbox 1820 5843 1895 5928; x_wconf 91' lang='lat' dir='ltr'>ipso</span> <span class='ocrx_word' id='word_1_406' title='bbox 1927 5845 2096 5934; x_wconf 91' lang='lat' dir='ltr'>missum,</span> <span class='ocrx_word' id='word_1_407' title='bbox 2122 5846 2196 5914; x_wconf 89' lang='lat' dir='ltr'>illis</span> <span class='ocrx_word' id='word_1_408' title='bbox 2219 5851 2357 5918; x_wconf 89' lang='lat' dir='ltr'>notrire</span> <span class='ocrx_word' id='word_1_409' title='bbox 2374 5868 2433 5917; x_wconf 88' lang='lat' dir='ltr'>se·</span> 
     </span>
    </p>
   </div>
   <div class='ocr_carea' id='block_1_6' title="bbox 0 0 2674 7094">
    <p class='ocr_par' dir='ltr' id='par_1_6' title="bbox 0 0 2674 7094">
     <span class='ocr_line' id='line_1_33' title="bbox 0 0 2674 7094; baseline 0 0"><span class='ocrx_word' id='word_1_410' title='bbox 0 0 2674 7094; x_wconf 95' lang='lat' dir='ltr'> </span> 
     </span>
    </p>
   </div>
  </div>
 </body>
</html>
