5376 7094
966 543 1368 614 ltll‘lmll-t'l'lllrs
2004 541 2049 608 :tt

255 778 333 845 per,
359 778 468 846 usque
493 761 575 828 dum
602 763 678 850 ipsa
703 769 807 832 robus
830 769 1059 856 tenuerimus
1085 771 1175 836 sicut
1199 771 1330 836 dictum
1346 773 1412 855 est,
1428 771 1654 839 defensarent
1677 769 1757 835 illut
1781 767 1882 834 nobis
1897 766 2099 852 nostrisque

252 915 432 1000 everlinus,
458 917 514 982 rel
538 918 583 984 ad
601 919 760 988 homines
783 925 874 1008 quod
898 925 1027 992 ibidem
1051 924 1262 1010 miserimuS,
1286 924 1331 992 da
1355 923 1468 991 omnis
1491 923 1649 990 homines
1673 921 1836 1008 omnique
1859 918 2041 1007 partitae,
2065 918 2102 983 et

249 1089 320 1135 non
345 1087 405 1135 eos
428 1069 530 1150 nobis
555 1071 677 1138 tollere
702 1078 765 1140 ant
788 1080 952 1144 contrane
977 1080 1116 1162 querat.
1141 1079 1177 1142 et
1200 1076 1230 1142 si
1255 1075 1388 1160 taliter,
1415 1077 1456 1140 ut
1479 1075 1693 1160 dictumest,
1719 1074 1883 1140 inolitum
1901 1071 1982 1138 illut
1998 1067 2100 1136 nobis

255 1241 327 1287 non
350 1223 617 1291 defensaverint
641 1229 676 1291 et
701 1226 829 1312 aliquit
852 1228 981 1297 exindo
1005 1249 1184 1296 removere
1207 1231 1269 1296 aut
1293 1211 1457 1295 contrane
1481 1225 1663 1312 quesierit,
1687 1244 1750 1312 per
1771 1225 1848 1312 ipsa
1864 1223 1997 1311 guallia
2013 1221 2100 1288 obli·

250 1373 355 1457 gauit
380 1393 416 1442 se
441 1375 515 1462 ipse
540 1378 650 1445 abbas
673 1383 708 1445 et
732 1397 948 1448 successores
970 1401 1051 1449 suos
1074 1386 1110 1448 et
1133 1401 1216 1467 pars
1238 1384 1373 1466 prefate
1389 1379 1535 1446 ecclesie
1552 1397 1759 1464 componere
1782 1377 1883 1445 nobis
1902 1375 2101 1461 nostrisque

250 1527 439 1594 heredibus
464 1529 617 1616 triginta
641 1533 721 1600 auri
746 1534 872 1603 solidos
895 1537 1148 1605 constantines,
1175 1538 1416 1602 verumtamen
1447 1537 1513 1600 hoc
1537 1551 1791 1618 memoramuS,
1823 1536 1862 1598 ut
1892 1527 2100 1615 supradicta

251 1679 353 1764 pecie
376 1681 418 1748 de
444 1685 541 1749 terra
564 1704 642 1751 cum
667 1688 901 1756 castanietum
927 1691 1018 1774 quod
1041 1691 1142 1757 nobis
1165 1689 1326 1774 tradidit,
1352 1688 1413 1774 qui
1429 1689 1536 1755 est-in
1554 1687 1671 1772 capite
1687 1686 1729 1752 de
1745 1686 1822 1771 ipsa
1837 1683 2100 1770 pastenatione,

255 1841 292 1900 ut
317 1836 439 1904 amodo
462 1843 499 1904 et
524 1857 634 1924 usque
658 1841 776 1906 decem
800 1843 889 1910 anni
912 1863 970 1910 eos
986 1848 1179 1928 teneamus
1196 1845 1232 1909 et
1255 1842 1419 1928 colligere
1442 1845 1478 1908 et
1500 1858 1654 1924 seccare,
1673 1842 1709 1904 et
1728 1835 1871 1904 tertiam
1895 1839 1997 1924 parte
2022 1833 2100 1899 illo-

255 2008 334 2056 rum
358 1989 479 2056 demus
503 2009 613 2077 socco,
638 1992 729 2060 sicut
754 1994 887 2062 dietum
911 1999 977 2081 est,
1002 1997 1047 2062 ad
1072 1995 1136 2080 ipsi
1162 1995 1280 2061 decem
1304 1994 1390 2062 anni
1415 1995 1493 2078 ipsa
1516 1992 1616 2078 pecia
1639 1992 1681 2058 de
1705 1995 1803 2058 terra
1826 2009 1905 2056 oum
1928 1989 2104 2056 castenio

253 2153 327 2212 tum
351 2144 395 2212 ad
420 2163 504 2230 pars
528 2143 694 2213 iamdicto
717 2148 864 2214 ecclesie
889 2148 1126 2232 remittamus,
1145 2149 1190 2215 ad
1207 2147 1407 2234 faciendum
1430 2146 1521 2232 quod
1538 2146 1705 2231 boluerit,
1727 2150 1762 2211 et
1778 2145 2004 2211 defensarent
2022 2139 2105 2209 illut

256 2301 357 2366 nobis
382 2319 491 2386 usque
517 2301 592 2387 ipso
616 2304 847 2370 constitutum
872 2305 917 2372 da
941 2306 1054 2371 omnis
1078 2304 1237 2372 homines
1260 2303 1425 2388 omnique
1448 2303 1611 2388 partibus
1627 2319 1688 2387 per
1704 2300 1947 2386 suprascripta
1970 2297 2106 2385 guallia

256 2471 289 2518 el
320 2455 584 2540 compositione.
610 2463 646 2522 ot
670 2477 739 2525 unc
764 2461 905 2525 brebem
929 2457 1053 2544 scripsi
1078 2476 1142 2542 ego
1165 2455 1347 2524 dauferius
1365 2455 1525 2522 notarius
1548 2454 1609 2537 qui
1637 2451 1795 2520 interfui.

303 2579 332 2695 †
358 2627 423 2695 ego
447 2609 507 2694 qui
534 2629 643 2697 supra
668 2613 760 2679 maio
784 2615 955 2698 presbiter
979 2617 1015 2680 et
1038 2615 1147 2680 abbas

303 2734 333 2850 †
358 2783 423 2849 ego
447 2765 509 2851 qui
534 2785 643 2853 supra
669 2769 817 2834 romoalt
840 2787 962 2835 conten

299 2891 328 3005 †
354 2936 419 3002 ego
444 2912 546 2988 n'rsu.

301 4027 566 4090 ‚fantrnarium:

301 4127 337 4265 †
363 4202 380 4240 o
407 4179 545 4246 Decimo
576 4179 700 4264 quinto
725 4197 819 4246 anno
843 4179 1065 4264 principatus
1088 4181 1300 4269 Guaimarii,
1326 4203 1444 4251 mense
1468 4183 1684 4268 Frebuario,
1711 4182 1866 4248 secunda
1891 4178 2100 4246 indictione.

252 4355 270 4392 «
303 4334 394 4400 llaec
420 4335 547 4400 charta
569 4333 612 4399 de
635 4333 758 4400 eadem
775 4333 949 4401 locatione
966 4333 1057 4420 agit,
1075 4334 1117 4400 de
1134 4355 1205 4420 qua
1222 4339 1445 4404 antecedens.
1466 4359 1483 4399 »

308 4489 447 4554 Adsunt
464 4490 736 4572 subscriptiones
752 4491 905 4556 testium:

306 4615 336 4729 †
361 4663 426 4730 ego
449 4645 511 4729 qui
537 4661 646 4730 supra
670 4645 818 4711 romoalt
841 4663 964 4711 comen
989 4617 1018 4731 ³f
1043 4664 1109 4732 epo
1133 4663 1227 4710 orsu.

1089 5227 1275 5304 DLXI.

1043 5457 1095 5530 A.
1126 5455 1177 5530 D.
1206 5451 1335 5533 1004.

228 5673 231 5678 ¹
301 5636 338 5774 †
367 5691 402 5751 ln
428 5689 567 5753 immine
592 5689 724 5753 tloruini
750 5689 986 5754 soxtdldlmo
1003 5707 1097 5754 atino
1115 5686 1337 5772 principatus
1354 5688 1469 5752 domni
1497 5685 1608 5752 nostri
1631 5683 1821 5770 ⁸rrjnaimnrii
1841 5682 1993 5768 prm-tuso
2009 5681 2109 5765 prin-

252 5843 350 5926 cipe,
376 5861 495 5906 mense
520 5843 684 5926 rnarlius,
703 5844 855 5907 secunda
874 5841 1077 5906 indit-tione.
1105 5842 1391 5909 inemmulmnnn
1417 5845 1545 5907 lartum
1575 5861 1596 5904 a
1621 5859 1673 5902 mo
1699 5837 1798 5902 sutrdi
1829 5835 1898 5901 filio
1932 5837 2105 5902 benedicti
