5310 7080
583 529 630 598 66
1214 511 1389 592 CO'DEX
1426 521 1693 596 olvdltsls

537 748 652 838 ipsius
675 747 822 818 ecclesie
846 745 1134 832 adimplendum,
1165 748 1201 812 et
1225 746 1302 831 ipso
1326 747 1451 814 binum
1481 749 1573 834 quod
1604 756 1658 820 est
1680 753 1837 820 sortione
1859 771 1938 839 sua,
1963 769 2026 837 per
2048 755 2221 837 tempore,
2245 749 2386 836 quando

538 901 705 990 boluerit,
722 901 813 969 illud
830 917 1000 986 reponere
1016 898 1148 966 ibidem
1162 895 1261 964 intus
1277 898 1356 985 ipsa
1372 919 1456 970 casa
1471 921 1565 988 mea,
1578 903 1798 993 adsingnare
1814 901 1917 973 nobis
1933 903 2064 972 ibidem
2082 901 2159 990 ipso
2174 919 2386 989 organeum‚

541 1063 577 1125 et
600 1073 664 1122 nos
687 1059 723 1122 et
746 1053 878 1122 nostris
900 1053 1064 1121 eredibus
1087 1070 1284 1139 organeum
1316 1053 1432 1138 ipsum
1462 1057 1593 1124 bonum
1625 1059 1828 1126 conciemus
1857 1060 1894 1125 et
1916 1074 2128 1144 reponamus
2152 1054 2285 1123 ibidem
2309 1054 2387 1140 ipsa

541 1229 607 1280 sua
629 1211 783 1278 sortione
807 1207 850 1275 de
875 1207 950 1294 ipso
973 1204 1111 1292 binum,
1135 1211 1171 1273 et
1194 1207 1367 1275 faciamus
1390 1227 1511 1276 eorum
1536 1210 1611 1298 ipso
1635 1212 1759 1281 binum
1783 1214 1941 1298 salbum,
1965 1213 2050 1280 dum
2074 1210 2164 1278 illud
2189 1209 2272 1277 inde
2295 1207 2386 1275 tule-

538 1363 600 1450 rit,
625 1365 758 1448 absque
780 1360 1058 1447 degeneratione
1074 1365 1110 1427 et
1126 1359 1261 1445 ingne3
1284 1363 1321 1426 et
1345 1362 1423 1446 ipsa
1439 1363 1541 1448 pecia
1556 1381 1637 1430 cum
1654 1364 1824 1449 arbustis,
1850 1364 1912 1448 qui
1937 1363 2036 1430 modo
2060 1381 2132 1428 non
2156 1365 2209 1429 est
2233 1359 2382 1444 cultata,

537 1515 599 1602 qui
624 1518 678 1582 est
702 1514 800 1581 intra
824 1511 899 1599 ipse
923 1511 1007 1578 finis
1036 1515 1071 1578 et
1095 1511 1288 1597 mensurie,
1306 1512 1506 1597 apartibus
1529 1515 1723 1583 occidentis
1745 1536 1833 1603 erga
1858 1518 1935 1602 ipsa
1958 1516 2029 1583 line
2053 1515 2096 1582 de
2118 1513 2241 1581 eredes
2263 1514 2384 1580 erche-

541 1668 634 1754 perti
661 1672 698 1734 et
722 1665 887 1751 ruscinii,
912 1683 976 1730 nos
999 1667 1118 1731 autem
1134 1667 1169 1729 et
1185 1662 1318 1730 nostris
1333 1665 1498 1732 aradibus
1520 1665 1609 1733 illud
1625 1671 1862 1754 pastenemuS‚
1887 1671 1923 1734 et
1946 1667 2121 1734 cultemus
2144 1671 2179 1732 et
2203 1683 2386 1750 operemus

538 1821 663 1890 amodo
686 1823 723 1888 et
749 1838 859 1904 usque
884 1837 948 1886 sex
972 1815 1059 1885 anni
1083 1813 1246 1901 completi
1263 1815 1307 1883 de
1324 1836 1429 1903 super
1445 1823 1481 1884 et
1496 1819 1539 1886 de
1554 1825 1690 1908 supter,
1717 1820 1816 1888 sicud
1839 1822 1882 1889 de
1907 1825 2025 1889 tantos
2049 1837 2163 1888 annos
2187 1819 2283 1884 locus
2308 1815 2381 1903 ipse

536 1943 722 2058 meruerit,
747 1974 794 2041 ud
818 1975 906 2041 bene
931 1971 1064 2056 paread
1088 1971 1236 2054 laetum,
1260 1975 1296 2038 et
1320 1989 1386 2057 ego
1402 1973 1437 2038 et
1453 1975 1543 2040 meis
1558 1975 1723 2042 eredibus
1747 1975 1868 2043 omnia
1893 1974 2154 2060 adimpleamus
2178 1975 2274 2040 omni
2299 1977 2385 2040 tem-

538 2145 622 2215 pore
645 2129 690 2197 ad
714 2146 798 2215 pars
823 2129 936 2215 ipsius
958 2127 1119 2212 ecclesie,
1144 2126 1245 2194 sicud
1268 2127 1345 2193 eius
1368 2125 1529 2194 continet
1553 2129 1673 2212 brebe,
1691 2147 1754 2213 per
1771 2127 1977 2214 supradicta
2000 2127 2135 2214 guadia
2166 2133 2201 2193 et
2225 2125 2384 2212 obligata

536 2301 643 2368 pena,
668 2287 704 2350 et
726 2299 796 2348 unc
821 2283 964 2348 brebem
987 2281 1113 2367 scripsi
1136 2299 1201 2366 ego
1226 2279 1427 2347 romoaldus
1452 2280 1617 2347 notarius
1641 2281 1701 2366 qui
1728 2281 1889 2349 interfui.

580 2407 610 2523 †
636 2438 710 2522 Ego
732 2433 826 2502 Maio

582 2560 612 2676 †
638 2589 711 2675 Ego
735 2589 798 2672 qui
823 2605 933 2672 supra
956 2586 1051 2654 maio
1074 2587 1248 2670 presbiter
1272 2587 1308 2652 et
1331 2586 1441 2653 abbas

584 2713 614 2829 †
640 2741 715 2827 Ego
739 2744 860 2825 petrus
883 2737 1115 2824 presbiteret
1138 2736 1364 2823 primicerius

582 2865 612 2981 †
638 2895 712 2978 Ego
738 2895 863 2958 amore
888 2890 1073 2976 presbiter.

1309 3271 1604 3352 DLXXIX.

1309 3500 1363 3576 A.
1393 3497 1444 3575 D.
1473 3495 1602 3577 1005.

578 3699 828 3766 Seminarium
842 3720 853 3762 :

579 3797 615 3937 †
641 3850 780 3917 Decimo
802 3852 951 3937 septimo
974 3869 1069 3918 anno
1094 3848 1319 3936 principatus
1342 3843 1556 3931 Guaimarii,
1581 3860 1701 3910 mense
1725 3841 1928 3928 Novembri,
1953 3848 2084 3928 quarta
2108 3844 2315 3913 Indictione.

580 4025 599 4068 ‹
625 4003 720 4072 Haec
744 4006 869 4072 charta
891 4003 934 4070 de
957 4000 1084 4071 eadam
1108 3999 1281 4070 locatione
1306 4000 1398 4086 agit,
1423 3997 1466 4065 de
1492 4015 1564 4083 qua
1589 3993 1815 4064 antecedens.
1845 4014 1863 4054 »

579 4179 597 4222 c
622 4156 718 4224 ldem
740 4157 904 4224 notarius
928 4153 1138 4225 Romoaldus
1162 4155 1254 4222 hanc
1278 4153 1442 4238 chartam
1465 4150 1645 4220 exaravit.
1673 4167 1692 4210 »

577 4310 716 4380 Adsunt
741 4311 884 4377 testium
907 4309 1192 4392 descriptiones:

577 4432 608 4548 †
632 4479 698 4548 ego
722 4461 817 4529 maio

577 4584 608 4699 †
633 4629 699 4700 ego
724 4609 922 4697 iaquintus.

1231 4734 1237 4741 -
1256 4735 1273 4740 -.
1289 4730 1569 4739 -..-————-——-v
1610 4729 1680 4738 -..-

1319 4987 1589 5069 DLXXX.

1308 5216 1363 5292 A.
1391 5213 1442 5290 D.
1471 5209 1599 5292 1006.

577 5430 614 5570 †
640 5483 679 5548 ln
703 5479 848 5548 nornine
871 5476 1013 5545 domine
1038 5473 1188 5544 sebtimo
1209 5471 1346 5540 decimo
1371 5489 1466 5540 anno
1489 5474 1713 5560 principatus
1740 5474 1859 5541 domni
1885 5475 1998 5541 nostri
2022 5474 2204 5562 guaimari
2229 5475 2381 5562 glorioso

530 5633 707 5722 principe,
731 5650 851 5700 mense
875 5628 1086 5716 ymnarius,
1109 5629 1240 5713 quarta
1264 5624 1470 5694 indictione.
1497 5625 1785 5695 memoratorium
1811 5627 1909 5696 iactu
1932 5647 1954 5696 a
1976 5645 2032 5696 me
2057 5629 2150 5697 mari
2174 5629 2248 5696 fllio
2270 5647 2380 5715 quon-

528 5787 614 5857 dam
636 5789 774 5875 ciceri,
798 5805 840 5858 eo
862 5787 955 5872 quod
979 5789 1063 5854 ante
1086 5782 1302 5869 presentiam
1333 5777 1453 5850 domni
1477 5777 1666 5866 grimoaldi
1702 5777 1919 5848 venerabilis
1945 5779 2233 5869 archiepiscopus
2256 5788 2379 5852 sancte
