5334 7098
994 555 1403 630 DIPLOMATICUS
2005 559 2075 636 215

264 781 397 852 exinde
420 783 514 851 scire
536 787 572 851 11
595 782 692 852 infra
717 784 842 853 diebus
865 785 1000 870 decem,
1016 788 1053 854 et
1067 784 1238 872 plicemus
1261 802 1325 852 nos
1342 783 1474 854 1111111
1490 785 1592 851 nobis
1616 785 1831 872 supradictis
1847 785 2121 876 scriptionibus,

263 931 311 1002 ad
334 933 511 1002 abendum
536 952 601 1002 nos
624 935 684 1003 ille
708 938 805 1005 salbe
828 955 892 1024 per
915 955 1036 1004 omnes
1060 935 1154 1004 bices
1177 954 1288 1021 usque
1312 934 1387 1002 dies
1411 935 1620 1022 sexaginta,
1645 939 1680 1003 11
1702 952 1767 1002 nos
1781 939 1817 1004 11
1840 941 1978 1005 nostros
1995 942 2121 1011 eredes

264 1086 362 1154 omni
385 1091 544 1174 tempore
567 1087 649 1156 illut
672 1089 770 1156 vobis
792 1090 989 1176 vestrisque
1013 1088 1177 1158 eredibus
1200 1088 1421 1156 defensemus
1437 1108 1458 1157 a
1475 1107 1560 1176 pars
1584 1088 1697 1176 ipsius
1720 1089 1847 1159 domne
1870 1092 2000 1180 rigalis
2018 1099 2054 1162 et
2071 1077 2120 1165 da

263 1237 382 1324 ipsum
405 1241 588 1326 areghisio
611 1240 754 1328 genitor
776 1240 887 1328 illius,
911 1247 946 1311 11
968 1242 1014 1310 11
1038 1243 1154 1328 ipsum
1179 1243 1311 1329 niceta,
1335 1245 1371 1310 et
1394 1241 1440 1310 da
1465 1259 1577 1309 uxore
1601 1245 1636 1309 11
1660 1241 1726 1310 filii
1750 1243 1827 1312 eius
1850 1245 1947 1314 etde
1971 1245 2118 1316 illorum

262 1391 397 1476 1111111,
421 1393 458 1458 11
480 1390 527 1458 da
550 1391 605 1458 illi
629 1391 806 1459 ominibus
829 1397 865 1460 11
892 1392 1078 1479 partibus,
1102 1393 1164 1480 qui
1189 1412 1253 1481 pro
1277 1393 1421 1462 illorum
1445 1397 1480 1463 et
1505 1394 1652 1462 illarum
1675 1415 1759 1481 pars
1783 1397 1841 1465 vel
1865 1398 1989 1467 datum
2006 1401 2118 1486 quod-

262 1562 417 1628 cumque
441 1543 685 1613 causationem
709 1545 793 1613 inde
816 1543 916 1612 vobis
940 1547 1163 1632 preposuerit
1194 1565 1257 1633 per
1288 1535 1496 1632 supradicta
1526 1547 1664 1634 guadia
1694 1552 1730 1616 et
1756 1548 1917 1638 obligata
1939 1571 2059 1642 pena,
2083 1559 2121 1624 11

261 1699 343 1781 post
366 1696 567 1782 completim
591 1697 661 1782 ipsi
685 1695 878 1784 sexaginta
902 1697 978 1764 dies
1001 1717 1064 1785 per
1087 1716 1208 1766 omnes
1233 1678 1333 1768 bices⁴
1353 1700 1551 1769 monimina
1574 1702 1652 1788 ipsa
1675 1702 1791 1790 salba,
1810 1705 1915 1790 quale
1932 1705 1998 1774 illa
2014 1706 2119 1774 nobis

259 1844 450 1934 dederitis,
473 1852 510 1916 et
533 1847 721 1916 mictamus
745 1846 845 1916 illam
870 1853 958 1936 aput
980 1853 1135 1920 vestram
1157 1854 1382 1938 potestatem,
1407 1852 1585 1921 abendum
1601 1871 1661 1919 vos
1677 1852 1741 1922 ilia
1765 1853 1861 1920 omni
1886 1857 2046 1942 tempore
2071 1857 2114 1925 iu

261 2003 436 2074 iamdicta
460 2005 616 2092 ratione,
640 2011 676 2075 11
699 2007 929 2094 apposuimus
951 2012 988 2077 et
1011 2007 1271 2094 obbligabimus
1294 2026 1357 2074 nos
1381 2007 1543 2076 iamdicti
1567 2011 1740 2078 iohannes
1764 2013 1895 2080 iubene
1918 2016 1954 2082 ei
1971 2015 2064 2083 bona
2082 2023 2119 2087 et

260 2163 402 2226 nostros
426 2159 548 2226 eredes
572 2159 618 2227 ad
641 2160 931 2246 pingnerandum
955 2158 1054 2227 vobis
1078 2159 1193 2228 omnis
1216 2165 1340 2229 nostra
1356 2180 1466 2229 causa
1482 2161 1644 2248 legitimo
1661 2167 1696 2232 11
1712 2164 1933 2254 inlegitimo,
1953 2169 2063 2237 etiam
2079 2173 2118 2238 11
2193 2229 2197 2236 .

259 2311 425 2398 personis
449 2314 571 2378 nostre
593 2310 936 2396 compreendendum
953 2313 989 2378 et
1005 2311 1307 2398 distringendum,
1331 2316 1367 2380 et
1384 2313 1506 2382 taliter
1523 2316 1680 2385 scribere
1696 2318 1903 2404 rogabimus
1920 2323 1955 2388 te
1972 2321 2118 2410 ioquin-

259 2470 320 2532 tus
344 2463 520 2550 notarius,
545 2467 664 2531 actum
689 2463 840 2532 salerno.

305 2587 336 2704 †
361 2619 436 2704 Ego
459 2617 521 2704 qui
545 2637 654 2704 supra
679 2619 962 2706 ragemprandus
987 2619 1109 2687 iudex.

1051 3331 1281 3414 DCLXI.

1036 3624 1092 3702 A.
1122 3623 1173 3700 D.
1203 3622 1325 3704 1012.

300 3923 335 4063 †
366 3977 406 4041 In
431 3977 575 4044 nomine
599 3976 738 4044 domini
762 3977 928 4046 vicesimo
954 3983 1081 4064 quarto
1106 3996 1201 4045 anno
1226 3978 1450 4064 principatus
1475 3979 1596 4045 domni
1621 3978 1733 4045 nostri
1758 3979 1938 4064 guaimari
1962 3977 2108 4066 gloriosi

253 4128 443 4217 principis,
467 4150 586 4199 mense
609 4132 810 4220 december,
835 4132 1025 4200 undecima
1048 4130 1258 4200 indictione.
1284 4133 1433 4219 Ideoque
1457 4151 1522 4219 ego
1552 4133 1737 4219 armogeni
1767 4133 1985 4202 atrianensis
2008 4133 2107 4202 filius

250 4285 351 4372 sergi
377 4285 567 4355 1111111111
591 4289 699 4356 abere
723 4288 875 4357 ecclesia
899 4289 1109 4356 vocabulum
1132 4292 1255 4358 sancte
1279 4291 1447 4357 treufime
1471 4290 1573 4356 intus
1586 4291 1678 4358 hanc
1703 4287 1962 4357 salernitanam
1977 4289 2105 4358 cibita-

252 4443 326 4506 tem
349 4444 567 4528 constructa,
591 4461 672 4510 cum
696 4443 805 4510 terris
828 4446 863 4510 11
886 4441 978 4510 11111
1001 4444 1037 4508 11
1059 4441 1159 4510 111111
1181 4443 1225 4510 de
1249 4443 1326 4529 ipsa
1350 4441 1501 4510 ecclesia
1523 4442 1758 4528 pertinentes,
1776 4444 1811 4509 et
1836 4443 1942 4508 rebus
1965 4461 1987 4510 a
2010 4443 2106 4513 10111

251 4593 347 4659 hanc
372 4593 558 4663 cibitatem
581 4594 749 4662 similiter
773 4595 993 4680 pertinentes
1018 4596 1130 4682 ipsius
1154 4596 1313 4664 ecclesie.
1331 4599 1434 4662 Nunc
1459 4599 1580 4663 autem
1604 4594 1803 4681 compulsus
1826 4614 1904 4661 sum
1920 4594 1976 4663 dei
1991 4597 2106 4664 omni·
2150 4585 2152 4590 ’

252 4746 388 4832 potenti
412 4745 675 4834 misericordia,
702 4753 742 4815 ut
765 4745 921 4813 medium
945 4747 1027 4839 iiiut
1050 4749 1192 4816 offerire
1208 4751 1249 4815 in
1271 4749 1422 4818 ecclesia
1445 4755 1568 4818 sancte
1592 4750 1704 4816 marie
1728 4747 1952 4835 pertinentes
1978 4768 2106 4837 supra·

247 4899 344 4966 dicto
367 4899 494 4966 domno
517 4899 673 4986 principi
698 4906 733 4968 et
758 4900 907 4968 iohanni
930 4900 1052 4968 comiti
1076 4919 1249 4988 germano
1272 4903 1362 4989 1111,
1386 4903 1424 4970 in
1448 4921 1518 4988 quo
1541 4902 1744 4970 dumnellus
1767 4904 1879 4970 abbas
1904 4909 2035 4990 preest.
2060 4904 2107 4974 Et

250 5051 342 5138 ideo,
367 5050 463 5121 sicut
485 5054 575 5122 mihi
599 5073 798 5141 congruum
822 5059 887 5140 est,
912 5074 975 5140 per
1000 5055 1227 5142 largictatem
1251 5059 1287 5122 et
1311 5054 1571 5123 absolutionem
1595 5055 1731 5141 superii
1754 5055 1905 5143 mangni
1929 5054 2106 5142 principis

252 5209 339 5273 ante
365 5207 557 5294 subscripti
581 5211 687 5275 testes
711 5225 774 5294 per
797 5225 866 5275 anc
888 5207 1066 5276 cartulam
1088 5226 1152 5294 pro
1176 5225 1295 5277 amore
1317 5209 1551 5296 omnipotenti
1582 5209 1646 5276 deo
1670 5213 1708 5276 et
1732 5209 1850 5277 anime
1873 5227 1948 5276 mee
1973 5208 2106 5276 obtuli-

249 5381 328 5428 mus
350 5361 415 5429 deo
440 5364 530 5430 etin
555 5365 732 5448 prephata
748 5362 900 5431 ecclesia
915 5366 1037 5431 sancte
1053 5360 1168 5430 marie
1185 5361 1312 5430 inclita
1329 5363 1555 5432 medietatem
1572 5364 1615 5431 de
1631 5367 1708 5433 tota
1725 5363 1802 5450 ipsa
1817 5362 1968 5430 ecclesia
1983 5365 2106 5430 sancte

249 5515 412 5584 treufime
437 5534 518 5584 curn
541 5517 706 5583 omnibus
730 5515 843 5602 111111,
868 5517 1032 5602 1111111,
1057 5519 1092 5583 11
1117 5519 1236 5600 rebus,
1252 5520 1289 5583 11
1304 5517 1425 5585 omnia
1449 5521 1585 5604 quanta
1602 5518 1742 5603 abipsa
1767 5516 1917 5586 ecclesia
1934 5517 2106 5604 pertinet,

249 5675 289 5736 nt
312 5669 493 5756 diximus,
518 5667 747 5738 medietatem
773 5669 810 5735 in
836 5671 1019 5756 integrum
1045 5667 1084 5734 iu
1107 5671 1185 5755 ipsa
1211 5669 1379 5740 iamdicta
1403 5670 1553 5739 ecclesia
1576 5673 1700 5738 sancte
1728 5667 1842 5738 marie
1866 5670 2105 5740 offeruimus:

246 5823 428 5910 simulque
454 5827 490 5892 et
513 5823 647 5891 ibidem
671 5823 875 5892 offeruimus
899 5820 1125 5890 medietatem
1149 5789 1276 5888 omnis·
1288 5825 1467 5890 monimen
1492 5821 1575 5889 inde
1598 5824 1852 5910 continentem,
1869 5829 1905 5894 11
1928 5827 2028 5895 modo
2044 5825 2106 5894 de·
