5376 7104
582 509 655 587 roa
1218 511 1392 584 connx
1430 510 1696 588 cavensis

534 733 580 808 ad
604 733 778 823 completo
802 738 878 825 ipso
902 739 1136 807 constitutum
1159 739 1237 826 ipsa
1260 737 1422 826 predicta
1445 737 1548 826 pecia
1571 742 1733 810 rebertar
1756 739 1801 810 ad
1825 743 1948 808 nostra
1972 737 2094 806 valde
2117 736 2251 806 nostris
2267 737 2383 808 eredi-

539 891 605 958 bus
629 890 829 978 potestatis,
854 891 1055 960 iaciendum
1079 892 1161 960 inde
1185 891 1277 979 quod
1301 890 1531 959 voluerimus.
1555 893 1721 977 Tantum,
1739 890 1770 958 si
1788 889 1870 958 illut
1885 888 2105 959 seminatum
2120 887 2290 960 abuerint
2306 889 2384 977 ipso

533 1060 672 1114 annum
697 1044 742 1112 ad
767 1045 843 1131 ipso
867 1045 1113 1132 constitutum,
1138 1044 1245 1113 liceat
1268 1043 1341 1114 illis
1365 1043 1448 1113 inde
1472 1037 1574 1117 exire'
1599 1065 1680 1114 curn
1703 1047 1821 1135 ipsum
1845 1045 1998 1130 laveras,
2015 1043 2093 1112 sine
2109 1043 2228 1110 omnis
2245 1045 2388 1114 contra·

536 1195 665 1266 rietate
689 1203 812 1268 nostra
835 1203 872 1266 et
895 1198 937 1267 de
962 1200 1094 1268 nostris
1116 1199 1305 1286 enodibus,
1329 1197 1384 1266 vel
1409 1202 1444 1266 et
1467 1197 1510 1268 de
1534 1201 1703 1285 cuiquam
1727 1192 1906 1264 ominibus
1928 1197 1991 1283 qui
2015 1215 2078 1283 per
2101 1195 2202 1263 vobis
2225 1195 2307 1266 illut
2322 1197 2385 1268 da·

532 1355 609 1421 turn
632 1352 807 1438 paruerit.
832 1355 984 1423 Tantum
1007 1353 1220 1422 terraticum
1244 1353 1326 1421 illut
1348 1351 1451 1438 nobis
1473 1352 1576 1421 daret
1600 1351 1716 1438 iuno,
1740 1349 1833 1418 sicut
1857 1349 2076 1418 dictumest.
2101 1349 2200 1419 Unde
2216 1367 2281 1438 pro
2304 1317 2386 1424 tali·

534 1509 590 1574 ter
613 1523 676 1592 per
699 1523 791 1573 vona
814 1504 1077 1574 combenientia
1100 1506 1234 1593 guadio
1258 1505 1360 1574 nobis
1385 1471 1456 1593 ipsi
1483 1505 1634 1592 predicti
1664 1507 1829 1604 germani
1860 1503 2050 1591 dederunt,
2083 1506 2120 1572 et
2150 1503 2379 1576 mediatorem

534 1657 640 1725 nobis
664 1663 860 1748 posuerunt
882 1659 1046 1727 mirando
1069 1659 1119 1727 tio
1145 1658 1287 1725 illorum
1311 1657 1426 1726 lilium
1451 1657 1630 1746 quondam
1653 1654 1843 1725 berenardi
1865 1656 1907 1724 de
1932 1655 2007 1744 ipso
2030 1645 2148 1725 locum
2162 1656 2324 1744 turricle3
2345 1661 2381 1726 et

535 1829 601 1897 per
624 1811 703 1898 ipsa
727 1801 851 1880 eadem
875 1811 1009 1898 guadia
1025 1815 1088 1878 etc.
1107 1811 1256 1879 Statata
1271 1811 1405 1878 maleta
1417 1812 1550 1896 eiptntt
1565 1811 1759 1879 solidorum
1775 1812 1861 1879 anri
1875 1811 2263 1880 constantinianorum.
2286 1809 2382 1886 Quod

537 1965 666 2051 scripsi
689 1983 755 2052 ego
778 1969 901 2050 petrus
923 1963 1075 2031 clericus
1099 1968 1134 2032 et
1156 1963 1321 2033 notarius
1345 1963 1405 2050 qui
1431 1963 1591 2032 interlui.

576 2087 609 2206 †
635 2118 709 2205 Ego
732 2117 906 2186 iohannes
929 2115 1080 2184 clericus

578 2241 610 2357 †
634 2271 709 2360 Ego
732 2267 881 2338 danseri.

1333 2819 1562 2903 DGXCI.

1310 3085 1362 3162 A.
1392 3083 1444 3162 D.
1473 3083 1594 3164 1016.

582 3319 619 3458 †
643 3371 683 3436 ln
706 3374 849 3440 nomine
874 3373 1021 3462 domini,
1046 3375 1173 3443 domno
1189 3373 1293 3444 basili
1310 3374 1434 3445 dibina
1458 3378 1580 3465 gratia
1604 3378 1798 3466 imperator
1821 3383 1986 3467 augusto,
2003 3379 2068 3448 deo
2084 3379 2252 3466 propitio,
2273 3381 2383 3466 quiu-

533 3525 745 3611 quagesimo
768 3541 862 3592 nono
885 3545 981 3596 anno
1005 3526 1146 3614 imperii
1170 3527 1257 3615 eius,
1286 3531 1321 3597 et
1345 3547 1425 3596 curn
1449 3549 1489 3599 eo
1519 3534 1696 3619 regnante
1727 3531 1854 3600 domno
1886 3534 2113 3602 constantino
2143 3533 2255 3602 frater
2284 3534 2380 3620 ciue,

533 3674 775 3746 sanctissimis
793 3677 1068 3766 imperatoribus
1082 3678 1229 3768 nostris,
1246 3699 1367 3749 mense
1383 3683 1563 3770 ianuario,
1580 3683 1852 3771 quartadecima
1867 3682 2073 3752 indictione.
2092 3685 2376 3754 Memoratorium

438 3818 440 3822 ’
535 3830 672 3898 lactum
696 3851 718 3900 a
742 3850 800 3901 me
823 3839 906 3920 poto
929 3833 1003 3901 filio
1026 3833 1204 3920 qnondam
1229 3833 1324 3902 leoni
1347 3833 1478 3924 iudice,
1504 3835 1564 3923 qui
1588 3856 1666 3905 surn
1681 3843 1937 3909 commorantes
1953 3838 2053 3908 intus
2067 3838 2216 3908 cibitate
2232 3839 2382 3928 lucerio,

531 3983 724 4054 claresacio
748 3985 859 4072 enim,
883 3987 970 4074 qnia
999 3988 1153 4073 quesibit
1175 4007 1231 4057 me
1254 3988 1436 4076 radelpoto
1460 3990 1555 4060 filius
1578 3993 1758 4079 quondam
1780 3993 1923 4081 guadii,
1947 3997 1987 4061 ut
2009 3992 2112 4064 daret
2134 3995 2169 4062 ei
2192 3994 2312 4064 maria
2335 3995 2377 4060 fl-

531 4135 583 4206 lia
607 4140 786 4225 quondam
809 4143 916 4226 (deest
940 4145 1079 4226 nomon)
1101 4162 1263 4214 uxorem.
1289 4145 1363 4231 Ego
1387 4161 1471 4213 vero
1494 4163 1556 4232 per
1581 4145 1659 4213 eius
1681 4163 1805 4234 rogum
1829 4151 1866 4214 et
1889 4146 1932 4216 de
1957 4145 2039 4217 aliis
2054 4147 2155 4214 vonis
2169 4149 2376 4216 hominibus

530 4291 686 4380 largitus
710 4294 835 4362 fuitei
859 4293 949 4362 talia
973 4295 1168 4383 adinplere.
1200 4299 1247 4364 De
1278 4316 1350 4384 qua
1373 4315 1412 4364 re
1435 4314 1554 4368 coram
1577 4300 1759 4384 presentia
1786 4287 1924 4366 hottoni
1948 4298 2078 4368 iudicis
2107 4305 2143 4370 et
2168 4299 2250 4369 aliis
2278 4301 2379 4368 nobi·

529 4444 637 4514 liores
661 4445 853 4532 ominibus,
878 4445 939 4532 qui
963 4446 1022 4514 hic
1046 4451 1170 4534 suptus
1193 4447 1384 4536 conscripti
1409 4453 1507 4535 sunt,
1532 4450 1667 4536 guadia
1691 4451 1801 4520 michi
1818 4451 1915 4520 dedit
1932 4452 2008 4539 ipse
2027 4453 2297 4542 prenominatus
2321 4473 2378 4525 ra·

529 4599 682 4686 delpot0,
706 4604 742 4667 et
763 4599 997 4668 mediatorem
1022 4601 1131 4670 michi
1154 4600 1272 4689 posuit
1294 4605 1375 4689 poto
1397 4602 1493 4669 iilius
1516 4605 1663 4690 poterisi
1690 4607 1726 4672 et
1750 4605 1841 4673 salco
1871 4605 1967 4674 lilius
1998 4605 2129 4676 lalconi
2162 4606 2306 4675 diaconi
2331 4627 2373 4678 ea

534 4754 689 4843 ratione,
715 4760 756 4824 ut
778 4755 919 4823 tolleret
943 4756 1011 4824 sibi
1035 4756 1114 4844 ipsa
1136 4757 1386 4844 prenominata
1409 4759 1527 4826 maria
1550 4757 1745 4846 legitimam
1774 4777 1924 4828 uxorem
1955 4763 2149 4830 secundum
2180 4761 2373 4852 lagnobar·

535 4907 662 4974 dorum
686 4904 813 4995 legem3
838 4907 929 4994 quod
955 4909 985 4976 si
1009 4908 1131 4977 tollere
1154 4928 1231 4978 earn
1255 4909 1425 4994 noluerit,
1451 4912 1536 4976 tunc
1559 4913 1701 4978 centum
1724 4909 1825 4979 aurei
1857 4911 1960 4982 solidi
1993 4913 2214 4984 constantini
2246 4933 2375 5003 penam

532 5059 636 5128 nobis
661 5078 870 5147 componere
893 5061 1094 5149 placitabit,
1117 5066 1152 5130 et
1175 5061 1254 5149 ipsa
1276 5061 1437 5149 predicta
1461 5062 1578 5130 maria
1601 5062 1741 5131 tolleret
1763 5061 1833 5130 sibi
1852 5081 1999 5134 uxorem
2016 5084 2078 5153 per
2094 5065 2218 5137 invitis
2241 5088 2305 5156 per
2322 5088 2380 5139 ea·

533 5213 614 5283 dem
639 5213 775 5302 guadia
799 5218 834 5284 et
858 5214 1064 5284 iamdictum
1087 5216 1318 5285 mediatorem
1341 5218 1377 5283 et
1399 5233 1493 5303 pena
1515 5194 1710 5302 hobligaia.

578 5369 747 5456 Sequenti
780 5368 912 5458 guadio
941 5366 1049 5436 michi
1078 5368 1176 5437 dedit
1207 5369 1282 5456 ipse
1310 5369 1579 5454 prenominatus
1603 5369 1783 5458 radelpoto
1813 5377 1849 5440 et
1873 5373 2120 5461 supradictum
2143 5375 2375 5448 mediatorem

531 5523 643 5592 michi
667 5525 786 5610 posuit
809 5543 853 5592 ea
877 5523 1031 5612 ratione,
1055 5526 1109 5612 ut,
1133 5524 1219 5592 dum
1241 5521 1483 5610 deportaberit
1499 5521 1577 5608 ipsa
1593 5523 1840 5609 prenominata
1863 5525 1980 5596 maria
2003 5545 2116 5597 uxore
2132 5547 2198 5598 sua
2221 5530 2260 5598 in
2276 5532 2376 5602 domo

532 5679 659 5764 utique
682 5697 761 5766 sua,
784 5681 875 5748 bene
898 5696 976 5749 eam
1000 5680 1148 5747 baberet
1174 5681 1282 5764 atque
1304 5678 1436 5748 coleret
1458 5680 1653 5748 secundum
1676 5698 1778 5749 snam
1801 5681 2096 5771 possibilitatem,
2121 5683 2215 5754 sicut
2239 5690 2276 5755 et
2298 5687 2378 5757 aliis

533 5833 636 5900 vonis
658 5833 862 5900 bominibus
885 5851 988 5919 pares
1012 5835 1081 5918 sui,
1099 5833 1160 5918 qni
1180 5849 1269 5901 vene
1293 5834 1401 5901 abent
1423 5839 1459 5902 et
1482 5833 1603 5903 colunt
1627 5835 1702 5904 suis
1724 5839 1912 5928 uxoribus,
1933 5859 1995 5909 seu
2011 5839 2169 5928 quietam
2194 5845 2261 5912 hac
2287 5843 2380 5931 paci·
