5376 7094
966 541 1372 615 DlPLOlllATlCUS
2004 549 2048 619 15

240 739 393 808 heredes
409 740 487 806 10111
503 741 540 806 61
551 736 699 806 iohanni
716 737 755 806 in
771 737 935 823 partibus
951 732 1158 822 occidentis,
1171 740 1207 805 61
1222 733 1364 804 exiente
1380 735 1419 802 in
1431 737 1492 805 via
1502 733 1645 822 publica
1657 739 1741 803 sunt
1756 735 1840 803 inde
1854 735 1950 822 passi
1966 737 2095 824 viginti

236 892 325 959 duo:
344 894 476 958 lterum
492 911 515 960 a
533 910 618 977 pars
633 891 827 1002 occidentis
843 892 915 958 fine
932 889 1009 976 ipsa
1025 887 1085 956 via
1100 888 1259 975 publica,
1277 893 1362 956 sunt
1379 887 1461 956 inde
1475 889 1571 975 passi
1587 889 1739 975 triginta
1756 907 1835 958 sex:
1853 909 1875 959 a
1890 907 1975 976 pars
1992 893 2098 960 meri-

237 1045 310 1131 die,
329 1044 431 1113 sicud
447 1044 610 1134 rebolbit,
626 1045 697 1112 fine
714 1045 792 1131 ipsa
809 1044 867 1112 via
882 1042 1041 1130 publica,
1058 1045 1142 1108 sunt
1159 1041 1240 1109 inde
1256 1041 1351 1128 passi
1368 1041 1521 1128 triginta
1538 1045 1634 1109 octo:
1654 1062 1677 1110 a
1692 1060 1777 1129 pars
1795 1043 1944 1112 orientis
1968 1042 2039 1111 fine
2055 1043 2099 1114 de
2221 1113 2225 1120 ,

238 1199 361 1268 eredes
377 1197 437 1268 adi
455 1199 521 1268 11111
537 1197 735 1286 leoprandi,
759 1202 844 1265 8111
866 1194 949 1264 iude
972 1193 1068 1280 passi
1092 1194 1223 1281 biginti
1241 1198 1335 1262 octo:
1363 1195 1567 1263 rebolbente
1591 1215 1654 1282 per
1679 1198 1758 1284 ipsa
1782 1198 1853 1264 fine
1878 1197 1916 1264 11
1933 1199 2098 1284 partibus
2182 1214 2188 1224 ·

239 1353 391 1422 orientis
406 1355 491 1420 sunt
506 1351 588 1418 inde
602 1350 699 1437 passi
715 1347 876 1434 sidecim‚
891 1353 928 1416 et
943 1350 1015 1415 fine
1031 1347 1092 1416 bia
1107 1352 1192 1417 sunt
1202 1348 1296 1434 passi
1314 1348 1583 1434 quatuordecim
1599 1353 1634 1418 et
1650 1350 1820 1438 medium,
1837 1355 1950 1420 totum
1974 1353 2020 1421 ad
2044 1354 2099 1422 iu-

237 1510 292 1573 sto
316 1524 461 1591 passum
477 1504 587 1571 omini
611 1507 880 1590 mensuratum3
898 1523 937 1571 60
954 1523 1038 1572 vero
1053 1523 1111 1573 res
1127 1521 1189 1591 per
1202 1503 1369 1574 iamdicto
1385 1503 1468 1571 finis
1490 1507 1527 1572 et
1543 1503 1723 1572 mensurio
1747 1508 1860 1600 totum
1882 1509 1918 1574 et
1932 1505 2097 1576 inclitum

241 1659 329 1726 illud
351 1679 418 1746 ego
443 1661 600 1746 ipsorum
616 1659 709 1745 petri
725 1662 761 1727 61
774 1657 950 1726 venedicti
966 1657 1013 1727 ad
1030 1657 1265 1727 lavorandum
1280 1657 1504 1732 tradidimus.
1522 1657 1622 1725 Unde
1638 1674 1702 1742 pro
1717 1657 1838 1726 taliter
1853 1657 1989 1744 guadia
2004 1661 2093 1729 mihi

241 1814 307 1900 ipsi
332 1818 473 1900 petrum
488 1818 524 1882 et
540 1812 744 1882 benedictus
760 1811 934 1880 dederunt
947 1815 983 1880 61
999 1812 1210 1880 mediatores
1226 1809 1315 1878 mibi
1331 1813 1527 1897 posuerunt
1542 1827 1579 1877 86
1595 1809 1678 1896 ipsi3
1695 1813 1732 1878 et
1743 1828 1806 1897 per
1818 1809 1943 1879 eadem
1959 1811 2097 1898 guadia

238 1965 493 2054 obligaverunt
508 1985 545 2034 se
561 1984 712 2052 suosque
728 1965 851 2034 eredes
867 1966 932 2036 tali
951 1964 1089 2054 ordine,
1103 1965 1150 2033 ud
1166 1965 1291 2033 amodo
1305 1968 1341 2033 et
1360 1983 1471 2051 usque
1490 1963 1610 2032 decem
1627 1965 1714 2033 6111
1732 1964 1895 2051 completi
1912 1966 1958 2034 ad
1975 1984 2041 2036 sua
2064 1975 2100 2038 et

243 2121 286 2188 de
303 2122 379 2188 suis
395 2122 560 2190 eredibus
575 2121 649 2190 sint
664 2119 836 2208 potestate
852 2139 912 2188 eos
926 2120 1120 2188 tenendum
1136 2124 1171 2189 et
1186 2119 1455 2206 dominandum,
1479 2123 1515 2189 01
1539 2122 1637 2190 sobee
1654 2126 1690 2190 61
1705 2121 1820 2188 omnis
1843 2141 1906 2190 sue
1931 2121 2100 2195 utilitatis

241 2275 337 2344 iusta
354 2276 530 2344 rationem
546 2275 676 2344 ibidem
693 2275 868 2358 facerent,
884 2278 919 2342 et
934 2277 1046 2341 totum
1063 2272 1138 2360 ipso
1154 2275 1355 2361 arbustum,
1380 2277 1463 2343 abto
1486 2279 1660 2363 tempore,
1684 2276 1727 2344 de
1743 2294 1850 2362 super
1865 2279 1901 2344 61
1916 2277 1959 2345 de
1976 2282 2098 2366 supter

243 2428 331 2497 illud
354 2430 563 2522 lavorarent
577 2433 613 2497 et
628 2429 821 2515 cultarent,
846 2426 945 2496 sicud
969 2429 1066 2496 locus
1082 2427 1158 2512 ipse
1175 2427 1386 2515 meruerint,
1411 2431 1590 2514 quatenus
1614 2429 1804 2515 proficiant
1827 2432 1863 2498 61
1886 2448 1959 2497 101
1981 2431 2099 2519 dispe-

243 2587 364 2668 reant,
386 2587 426 2650 61
451 2583 513 2650 ubi
537 2583 711 2651 meruerit
727 2581 822 2651 iufra
838 2581 913 2666 ipso
928 2583 1116 2650 arbustum
1132 2583 1277 2648 arbores
1292 2585 1328 2649 et
1351 2580 1441 2650 vites
1466 2585 1671 2669 pastenarc,
1696 2581 1767 2650 illis
1792 2585 1828 2650 61
1843 2582 1918 2650 suis
1936 2583 2100 2653 eredibus

244 2735 333 2803 illud
351 2736 482 2804 ibidem
497 2739 731 2823 pastenarent
747 2739 783 2805 et
797 2735 990 2820 cultarent,
1016 2734 1108 2800 81011
1132 2732 1318 2819 meruerit3
1335 2735 1371 2801 et
1383 2751 1446 2818 per
1462 2731 1637 2801 vindemie
1648 2736 1806 2820 tempore
1820 2735 1958 2838 faciant
1974 2755 2030 2805 me
2047 2741 2101 2808 vel

243 2908 329 2974 pars
349 2889 462 2975 ipsius
479 2889 627 2957 ecclesie
643 2888 749 2974 scire,
765 2887 812 2954 ud
835 2886 1033 2974 dirigamus
1056 2885 1188 2954 ibidem
1211 2885 1342 2954 missus
1366 2889 1501 2972 noster,
1526 2889 1562 2954 61
1578 2886 1650 2954 11118
1666 2892 1702 2955 61
1718 2887 1793 2955 8118
1808 2886 1972 2956 eredibus
1988 2894 2102 2960 totum

241 3041 319 3128 ipso
334 3044 522 3109 arbustum
546 3043 628 3110 abto
651 3045 807 3126 tempore
830 3037 1105 3126 vindemiarent,
1129 3037 1229 3104 sicud
1252 3036 1436 3125 meruerit,
1461 3043 1497 3106 et
1519 3041 1632 3107 totum
1648 3039 1724 3126 ipso
1741 3039 1865 3107 viuum
1882 3041 1928 3109 ad
1943 3041 2102 3128 palmen-

243 3199 319 3262 tum
334 3193 425 3262 illud
441 3194 536 3262 inter
548 3210 612 3258 nos
624 3191 823 3260 dividamus
834 3209 897 3277 per
910 3190 1149 3259 medietatem:
1167 3206 1232 3278 ego
1245 3189 1300 3258 vel
1312 3207 1396 3276 pars
1413 3189 1525 3278 ipsius
1541 3189 1688 3260 ecclesie
1704 3191 1872 3261 tollamus
1888 3193 1963 3280 ipso
1978 3195 2103 3266 binum

244 3347 484 3434 medietatem,
501 3349 537 3414 et
548 3345 621 3412 illis
632 3349 667 3412 et
680 3344 755 3412 suis
766 3343 930 3412 eredibus
944 3341 1054 3412 tollad
1066 3341 1242 3430 reliquam
1255 3342 1821 3431 medietatem,etipsamed1etas
1837 3347 1880 3415 de
1892 3346 1968 3433 ipso
1979 3348 2104 3418 vinum

245 3499 338 3587 quod
355 3500 400 3568 ad
415 3498 580 3586 partibus
595 3497 707 3585 ipsius
723 3495 870 3566 ecclesie
885 3495 1061 3584 ebenerit,
1074 3493 1148 3562 illis
1161 3499 1280 3565 autem
1294 3500 1330 3565 et
1346 3496 1420 3564 suis
1437 3497 1603 3566 eredibus
1620 3498 1797 3568 adducere
1813 3519 1925 3586 usque
1937 3501 1983 3572 ad
1996 3503 2104 3573 cella-

246 3653 314 3738 ri0‚
333 3653 426 3739 quod
444 3653 522 3738 ipsa
538 3650 688 3720 ecclesia
705 3651 787 3718 abet
804 3647 842 3714 in
857 3649 933 3736 ipso
950 3648 1068 3715 locum
1083 3648 1233 3718 nuceria
1249 3668 1272 3718 a
1288 3649 1312 3715 li
1330 3649 1455 3737 pariti,
1470 3653 1506 3718 et
1522 3649 1777 3739 adsingnemus
1790 3653 1822 3722 ei
1835 3673 2033 3741 organeum
2046 3675 2106 3724 vo-

243 3825 332 3876 num
348 3808 395 3876 da
410 3806 549 3893 vinum,
567 3808 603 3873 61
619 3803 691 3872 11118
707 3820 904 3890 organeum
921 3801 1039 3888 ipsum
1056 3818 1187 3868 vonum
1203 3801 1425 3890 cumularent,
1438 3803 1538 3872 sicud
1554 3805 1740 3893 meruerit,
1757 3810 1794 3875 et
1809 3807 1886 3894 ipso
1900 3808 2023 3877 vinum
2036 3809 2106 3880 ibi-

243 3979 313 4050 que
327 3962 365 4028 11
379 3962 456 4047 ipso
472 3959 617 4028 cellario
640 3960 817 4046 reponant
831 3956 870 4023 in
886 3955 961 4042 ipso
977 3972 1190 4042 organeum,
1206 3959 1242 4024 et
1256 3955 1333 4043 ipso
1356 3957 1504 4026 missum
1529 3960 1669 4027 nutrire
1685 3962 1879 4030 secundum
1903 3982 1970 4033 sua
1992 3966 2101 4052 possi·

245 4113 436 4201 vilitatem,
459 4119 495 4183 61
517 4114 646 4182 darent
667 4112 769 4179 nobis
784 4109 1060 4197 palmentateca,
1085 4107 1185 4178 sicud
1209 4111 1381 4180 meruerit
1391 4133 1401 4197 3
1417 4117 1454 4182 61
1469 4133 1538 4201 quo
1556 4116 1681 4184 amodo
1698 4120 1733 4184 et
1748 4135 1861 4203 usque
1876 4117 1952 4204 ipso
1975 4120 2103 4190 consti-

246 4277 366 4341 tutum
391 4271 524 4340 ibidem
549 4269 816 4354 seminaverint,
833 4268 943 4338 deant
958 4265 1041 4337 inde
1058 4268 1103 4336 ad
1119 4287 1205 4355 pars
1220 4267 1332 4356 ipsius
1348 4271 1494 4340 ecclesie
1510 4272 1720 4342 terraticum
1742 4275 1937 4343 secundum
1957 4294 2103 4345 consue·

246 4426 408 4494 tudinem
426 4426 469 4494 de
484 4426 560 4511 ipso
582 4425 710 4511 locum,
734 4423 780 4492 ad
796 4421 968 4510 completo
983 4423 1059 4509 ipso
1075 4421 1307 4492 constitutum
1322 4423 1446 4492 inclito
1466 4423 1542 4510 ipso
1565 4427 1752 4493 arbustum
1774 4446 1837 4514 per
1861 4427 1937 4514 ipse
1961 4429 2043 4498 finis
2067 4434 2104 4500 et

245 4579 438 4647 mensuris.
452 4579 654 4648 lavoratum
671 4576 898 4646 61011161111
914 4575 1101 4644 remittant
1119 4575 1164 4646 ad
1179 4579 1353 4663 potestate
1369 4576 1481 4682 ipsius
1497 4577 1656 4648 ecclesie.
1674 4580 1768 4666 quod
1784 4580 1815 4648 si
1830 4581 1953 4650 taliter
1968 4583 2102 4673 omnia,

247 4734 292 4803 ud
311 4732 477 4822 superius
496 4733 642 4820 legitur,
666 4733 768 4800 nobis
783 4731 838 4798 vel
853 4731 899 4800 ad
914 4747 1000 4817 pars
1016 4728 1128 4817 ipsius
1145 4730 1293 4799 ecclesie
1304 4749 1376 4799 non
1391 4719 1637 4819 adimpleverit
1651 4738 1688 4803 et
1703 4735 1833 4823 aliquit
1856 4738 1940 4806 inde
1964 4744 2105 4812 contra-

245 4887 394 4972 dixerit,
419 4891 506 4955 tunc
528 4905 592 4973 per
615 4903 708 4955 vona
731 4884 993 4952 cumvenientia
1008 4902 1071 4971 per
1089 4883 1167 4970 ipsa
1183 4883 1319 4971 guadia
1342 4903 1550 4973 componere
1566 4887 1817 4976 obligaverunt
1838 4909 1876 4960 se
1892 4895 1928 4960 et
1943 4892 2018 4960 suis
2034 4913 2094 4964 ere

245 5041 348 5108 dibus
363 5041 467 5109 nobis
480 5039 535 5108 vel
548 5041 594 5109 ad
606 5059 690 5126 pars
703 5040 815 5127 ipsius
827 5037 973 5108 ecclesie
986 5039 1106 5108 decem
1119 5037 1202 5108 auri
1214 5037 1342 5108 solidos
1353 5039 1679 5113 constantinianus.
1689 5045 1735 5112 Et
1743 5062 1813 5115 unc
1821 5047 1965 5115 brebem
1977 5045 2103 5134 scripsi

244 5213 313 5282 ego
332 5195 537 5264 romoaldus
552 5194 714 5281 notarius
730 5194 792 5280 qui
807 5191 965 5262 interlui.

297 5319 327 5436 †
344 5349 420 5435 Ego
437 5349 498 5434 qui
516 5346 1203 5435 811161161161011116001186161168

294 5474 323 5590 †
340 5504 416 5590 Ego
432 5499 658 5572 sikembardo

291 5627 321 5742 †
337 5657 412 5742 Ego
427 5657 615 5744 laquintus
630 5659 806 5726 notarius.
