5376 7104
1297 546 1470 620 deunx
1501 547 1765 621 CdVENSlS

1381 951 1639 1034 DGLXX.

1374 1215 1427 1290 A.
1457 1213 1508 1289 D.
1537 1209 1659 1290 1013.

637 1453 674 1594 †
699 1505 739 1572 ln
762 1505 906 1574 nomine
929 1503 1064 1572 domini
1087 1503 1142 1571 dei
1169 1503 1357 1574 salvatoris
1373 1505 1474 1572 ihesu
1489 1504 1632 1590 christi,
1649 1505 1865 1591 temporibus
1888 1504 2008 1573 domni
2033 1502 2142 1592 sergii
2168 1500 2312 1590 gloriosi
2339 1500 2442 1568 ducis

590 1661 628 1726 et
649 1655 847 1745 imperialis
869 1655 1014 1743 patricii
1039 1673 1133 1724 anno
1156 1655 1384 1742 duodecimo,
1415 1655 1473 1724 die
1497 1655 1666 1726 vicesima
1689 1659 1822 1725 mensis
1843 1653 2060 1742 decembris,
2086 1653 2280 1722 indictione
2310 1653 2440 1722 duode-

590 1813 702 1901 cima,
726 1809 859 1882 amalfi.
884 1812 1025 1880 Certum
1048 1815 1102 1881 est
1125 1830 1181 1880 me
1204 1815 1329 1898 guttus
1353 1809 1450 1878 filius
1474 1809 1586 1878 leonis
1609 1810 1652 1878 do
1674 1814 1776 1898 guito
1799 1811 1843 1879 de
1866 1810 2021 1902 iohanne
2044 1810 2088 1878 de
2110 1809 2241 1877 domna
2264 1809 2438 1894 blacta,a

594 1967 754 2051 presenti
779 1965 836 2033 die
861 1963 1091 2051 prontissima
1115 1963 1302 2032 voluntate
1334 1965 1488 2032 scrivere
1511 1968 1547 2032 et
1571 1965 1713 2033 firmare
1737 1966 1835 2032 visus
1858 1984 1937 2032 sum
1961 1965 2061 2032 vobis
2093 1961 2241 2032 iohanni
2265 1966 2300 2030 et
2324 1961 2442 2030 marie

596 2115 780 2204 iugalibus
804 2117 877 2183 filio
901 2121 936 2184 et
961 2135 1075 2185 nocua
1100 2121 1234 2204 nostra,
1259 2117 1335 2186 filia
1358 2135 1441 2186 vero
1464 2118 1626 2206 pulchari
1649 2118 1693 2188 de
1717 2120 1816 2188 leone
1840 2122 1883 2188 de
1906 2119 2093 2208 pulchere,
2115 2121 2209 2188 hanc
2233 2113 2439 2186 chartulam

593 2251 814 2356 traditionis,
838 2289 902 2356 pro
926 2289 967 2336 eo
990 2269 1082 2355 quod
1104 2273 1189 2338 ante
1212 2272 1275 2337 hos
1299 2287 1412 2338 annos
1437 2269 1554 2357 recepi
1578 2293 1600 2341 a
1624 2277 1659 2340 te
1688 2255 1931 2360 suprascripta
1960 2271 2077 2340 maria
2100 2289 2215 2339 nocua
2246 2288 2325 2337 mea
2358 2267 2438 2336 auri

594 2421 724 2490 solidos
746 2423 1010 2511 quinquaginta
1033 2424 1168 2511 proprii
1192 2423 1261 2509 tui,
1285 2441 1372 2509 quos
1397 2425 1572 2492 habuistis
1595 2444 1703 2512 supra
1718 2425 1847 2514 dotem,
1863 2427 1957 2493 unde
1972 2444 2039 2513 ego
2056 2405 2222 2513 parglavi
2238 2441 2303 2511 pro
2319 2423 2442 2492 devito

592 2581 714 2643 nostro
730 2577 858 2644 solidos
875 2577 1006 2664 viginti
1023 2582 1205 2663 quattuor,
1222 2581 1258 2644 et
1274 2575 1339 2646 alii
1355 2578 1474 2645 decem
1491 2577 1619 2646 solidos
1635 2579 1766 2648 exinde
1781 2579 1941 2647 dedimus
1964 2595 2028 2664 pro
2052 2579 2175 2646 anima
2191 2577 2437 2646 theodenande

591 2731 715 2796 uxoris
738 2749 826 2817 mee,
851 2736 886 2799 et
910 2731 977 2818 ipsi
1003 2731 1065 2800 alii
1090 2731 1153 2817 qui
1176 2733 1278 2798 nobis
1301 2730 1431 2799 exinde
1455 2737 1715 2819 remanserunt,
1739 2732 1947 2819 expedimus
1972 2730 2045 2798 illis
2067 2750 2130 2817 pro
2155 2731 2352 2800 utilitatem
2377 2748 2437 2798 no-

595 2887 723 2968 stram,
748 2891 783 2950 et
807 2885 916 2951 lando
940 2886 978 2951 in
1002 2884 1089 2972 ipsis
1112 2885 1237 2953 diebus
1268 2884 1415 2954 lecimus
1445 2886 1544 2953 vohis
1574 2885 1702 2954 exinde
1733 2885 1935 2954 chartulam
1963 2885 2169 2954 traditionis
2203 2887 2247 2954 de
2282 2887 2438 2954 mediam

597 3037 712 3122 ipsam
736 3041 874 3103 curtem
896 3055 976 3104 mea
1000 3056 1108 3122 quam
1132 3039 1245 3104 habeo
1269 3037 1307 3103 in
1331 3036 1489 3126 cetaria,
1515 3039 1574 3104 ubi
1597 3039 1740 3125 proprio
1771 3038 1844 3106 loco
1874 3042 2020 3106 vocatur
2044 3043 2083 3106 at
2106 3039 2181 3126 ipso
2204 3039 2385 3129 pallari0,
2409 3047 2443 3112 et

595 3189 780 3274 posuimus
797 3189 894 3256 vohis
918 3189 1049 3256 ibidem
1072 3191 1161 3256 fines
1186 3191 1297 3276 ipsius
1319 3194 1457 3258 curtem
1479 3195 1516 3259 et
1538 3192 1708 3280 diximus,
1728 3196 1767 3260 ut
1789 3193 1927 3262 cunctis
1950 3194 2073 3262 diebus
2098 3193 2168 3263 vite
2192 3215 2268 3264 mee
2291 3213 2360 3284 ego
2379 3198 2444 3264 mi·

596 3343 658 3411 chi
682 3361 741 3412 eos
765 3343 959 3430 frugiarem
984 3361 1047 3429 per
1070 3343 1230 3410 ordinem
1246 3347 1280 3410 et
1295 3345 1602 3434 convenientiam,
1626 3351 1798 3433 quantum
1822 3352 1857 3416 et
1880 3351 2035 3435 qualiter
2064 3351 2309 3438 suprascripta
2341 3355 2446 3422 char-

596 3494 672 3565 tula
696 3496 908 3583 proclamat,
933 3503 968 3564 et
991 3495 1172 3564 mensurio
1202 3495 1299 3563 vobis
1322 3498 1452 3566 exinde
1474 3498 1604 3568 ibidem
1626 3519 1697 3570 non
1713 3503 1906 3590 posuimus,
1923 3505 1994 3571 nisi
2010 3509 2154 3574 tantum
2178 3507 2442 3594 suprascriptos

596 3651 706 3737 fineS,
740 3657 774 3719 et
805 3655 949 3738 propter
980 3651 1073 3736 quod
1105 3652 1201 3718 vobis
1231 3651 1391 3739 predicta
1414 3656 1599 3726 mensoria
1630 3675 1701 3724 non
1724 3658 1924 3746 posuimus3
1949 3660 2050 3726 modo
2080 3678 2164 3728 vero
2193 3662 2337 3748 propria
2361 3681 2442 3733 mea

600 3805 694 3872 bona
717 3803 934 3873 voluntatem
959 3805 1183 3892 perreximus
1211 3824 1320 3892 supra
1345 3805 1461 3893 ipsum
1485 3809 1599 3876 locum
1623 3813 1659 3878 et
1682 3828 1890 3880 mensurare
1921 3812 2078 3898 cepimus
2109 3831 2173 3900 per
2197 3819 2442 3905 suprascripte

510 4029 512 4033 v
598 3957 697 4044 finiS,
722 3964 757 4026 et
780 3957 981 4026 invenimus
1012 3958 1050 4024 in
1078 3961 1153 4044 ipso
1179 3958 1334 4045 vineam,
1359 3978 1467 4045 quam
1491 3963 1588 4030 vobis
1610 3964 1741 4032 exinde
1772 3967 1955 4054 dedimus,
1979 3969 2018 4036 in
2046 3975 2154 4056 caput
2182 3973 2278 4057 passi
2309 3973 2440 4063 viginti

598 4113 700 4200 duOS,
723 4118 759 4181 et
784 4114 821 4180 in
845 4113 968 4199 pedem
990 4113 1054 4182 alii
1078 4113 1210 4201 viginti
1241 4116 1368 4182 nobem
1392 4121 1428 4184 et
1452 4117 1633 4206 medium,
1656 4120 1693 4187 et
1716 4119 1755 4186 in
1779 4119 1895 4190 media
1918 4119 1996 4190 loca
2019 4122 2083 4190 alii
2104 4109 2240 4212 'viginti
2266 4127 2441 4218 quinque,

594 4270 633 4334 et
656 4265 854 4352 complente
872 4266 941 4335 ista
958 4266 1142 4334 mensoria
1164 4267 1331 4335 convenit
1347 4266 1442 4336 inter
1458 4285 1514 4335 me
1530 4273 1567 4337 et
1584 4274 1617 4338 te
1633 4270 1780 4340 dedistis
1797 4271 1904 4340 michi
1922 4279 1962 4342 tu
1978 4277 2242 4366 suprascriptus
2266 4281 2442 4354 iohannes

594 4418 639 4488 de
660 4420 842 4509 proprium
866 4426 967 4490 tuum
992 4419 1119 4489 solidos
1142 4419 1246 4509 duos,
1271 4425 1307 4490 et
1329 4440 1395 4508 ego
1417 4421 1482 4490 tivi
1506 4423 1548 4491 de
1572 4430 1772 4512 presentem
1801 4427 1925 4497 iuncxi
1948 4431 1991 4499 de
2015 4449 2095 4501 mea
2117 4452 2228 4502 causa
2250 4453 2357 4522 super
2379 4455 2438 4505 su-

594 4576 796 4663 prascripta
819 4577 1002 4646 mensurio
1026 4575 1063 4643 in
1086 4579 1194 4664 caput
1217 4575 1311 4664 passi
1335 4594 1418 4644 vero
1441 4577 1603 4648 camisali
1628 4598 1706 4669 sex,
1731 4581 1821 4650 etin
1845 4583 1962 4652 media
1986 4583 2062 4653 loca
2084 4587 2148 4655 alii
2172 4594 2331 4676 quinque
2347 4597 2382 4660 et
2401 4596 2438 4662 in

596 4729 685 4814 pede
709 4728 846 4816 palmos
869 4730 1041 4818 quinque,
1065 4735 1101 4800 et
1125 4729 1377 4818 complevimus
1400 4733 1498 4800 vobis
1521 4739 1597 4803 tota
1620 4737 1780 4823 predicta
1796 4740 1916 4824 vinea,
1940 4759 2049 4826 quem
2074 4743 2170 4810 vobis
2193 4744 2376 4835 dedimus,
2403 4748 2440 4814 in

597 4887 763 4968 caputet
787 4883 824 4950 in
849 4883 972 4970 pedem
996 4904 1103 4970 quam
1127 4889 1163 4954 et
1187 4886 1226 4952 in
1249 4887 1418 4955 ambobus
1442 4887 1613 4957 lateribus
1635 4907 1708 4960 ana
1723 4892 1818 4978 passi
1842 4891 2003 4962 camisali
2028 4897 2198 4984 triginta,
2214 4904 2263 4987 et,
2280 4900 2437 4986 qualiter

598 5035 841 5124 suprascripte
865 5039 948 5106 finis
971 5045 1006 5106 et
1029 5039 1209 5108 mensuris
1231 5039 1333 5126 salet,
1350 5039 1401 5107 sic
1424 5040 1546 5109 sallire
1570 5059 1630 5110 vos
1654 5042 1752 5110 vobis
1774 5044 1932 5114 debeatis
1956 5065 2066 5132 usque
2088 5067 2175 5118 susu
2190 5056 2229 5121 at
2245 5074 2341 5143 aqua
2358 5057 2436 5126 ber-

597 5197 725 5278 sante‚
749 5191 842 5260 sicut
867 5194 1112 5280 suprascripta
1134 5193 1300 5262 chartula
1322 5192 1531 5282 proclamat3
1556 5199 1592 5263 et
1616 5195 1797 5266 licentiam
1821 5201 1983 5270 habeatis
2007 5221 2068 5271 vos
2091 5208 2127 5272 et
2151 5211 2262 5277 vestri
2286 5213 2436 5282 heredes

594 5346 694 5414 omni
720 5352 875 5434 tempore
898 5346 1078 5434 cappilare
1101 5350 1137 5414 et
1159 5346 1283 5418 tollere
1306 5349 1403 5416 vohis
1418 5354 1521 5420 tanta
1535 5351 1638 5440 ligna
1652 5352 1695 5422 de
1711 5354 1787 5440 ipse
1803 5355 1892 5424 silbe
1909 5375 1984 5424 mee
2000 5359 2047 5428 da
2061 5361 2128 5428 fico
2152 5363 2245 5432 bona
2269 5365 2308 5432 in
2331 5385 2433 5455 susu,

594 5507 733 5587 quanta
755 5505 792 5568 et
814 5500 931 5587 qualis
953 5499 1051 5568 vobis
1074 5519 1257 5569 necessum
1280 5501 1424 5570 suntin
1447 5505 1690 5593 suprascripta
1713 5509 1817 5578 vinea
1832 5515 1918 5598 tota3
1943 5517 1979 5582 et
2002 5515 2033 5582 si
2056 5513 2240 5586 volueritis
2265 5519 2360 5594 inter
2385 5542 2438 5592 me

595 5664 632 5726 et
655 5664 690 5726 te
713 5657 862 5744 sipalem
891 5659 1076 5744 pastinare
1097 5663 1133 5728 ct
1155 5658 1266 5746 ligere
1288 5657 1331 5729 de
1354 5663 1520 5749 sabucos,
1545 5667 1660 5731 vestre
1689 5665 1763 5732 sint
1785 5665 1990 5755 potestatis,
2022 5675 2058 5738 et
2085 5689 2125 5739 ec
2149 5677 2274 5747 nostra
2305 5699 2430 5768 supra-

597 5810 731 5896 scripta
752 5811 900 5880 traditio
925 5833 946 5882 a
970 5812 1026 5880 die
1050 5812 1204 5900 psesenti
1236 5813 1274 5879 in
1297 5819 1417 5883 vestra
1440 5820 1476 5883 et
1499 5813 1541 5883 de
1565 5813 1693 5883 vestris
1716 5816 1905 5887 heredibus
1929 5821 2004 5890 sint
2027 5829 2235 5910 potestatem
2265 5833 2432 5922 habendi,
