5310 7080
614 554 661 623 da>
1179 549 1185 556 ’
1244 557 1418 626 ‹tonnx
1456 553 1721 626 olvnNsls

565 777 715 844 naslerii
735 779 858 848 amodo
874 785 909 846 et
926 797 1063 866 semper
1080 779 1322 848 antistandnm
1339 783 1375 848 et
1390 780 1646 848 defensandum
1662 779 1727 846 tibi
1746 776 1877 848 maioni
1893 773 2083 862 presbiteri
2100 776 2135 838 et
2150 773 2272 840 abbati
2288 772 2410 857 tuique

566 933 829 999 successorihus
852 937 927 1002 tota
943 938 978 1001 et
994 934 1137 1020 integra
1161 935 1367 1022 supradicta
1383 936 1503 1020 rebus,
1529 933 1622 1019 quod
1639 932 1736 998 vobis
1752 930 1964 998 tradidimus
1989 927 2084 994 infra
2106 924 2310 1011 supradicte
2329 927 2411 994 finis

565 1087 601 1149 et
617 1083 810 1168 mensurio,
826 1088 861 1152 et
877 1103 958 1152 cum
982 1085 1060 1152 bice
1083 1086 1126 1152 de
1144 1085 1218 1172 ipse
1236 1085 1307 1172 bie,
1323 1086 1369 1154 da
1384 1085 1501 1188 omnis
1516 1085 1654 1152 omines
1669 1083 1835 1169 omnique
1851 1082 2028 1169 partibus3
2045 1083 2081 1147 et
2097 1078 2174 1165 ipsa
2190 1077 2304 1146 bicem
2321 1079 2412 1162 quod

565 1234 662 1300 vobis
678 1234 839 1304 dedimus
863 1236 908 1304 ad
937 1239 1015 1324 ipsa
1038 1238 1197 1325 fontana,
1222 1241 1258 1305 et
1282 1240 1343 1306 bia
1367 1237 1412 1306 ad
1437 1237 1515 1324 ipsa
1532 1239 1679 1304 fontana
1702 1236 1923 1302 defensemus
1942 1233 2040 1298 vobis
2056 1231 2255 1316 vestrisque
2273 1248 2409 1297 sncces-

563 1383 702 1451 soribus
724 1388 759 1452 et
784 1386 828 1454 ad
853 1405 937 1472 pars
961 1388 1116 1474 predicte
1133 1392 1248 1456 vestre
1265 1386 1436 1456 hecclesie
1453 1389 1549 1456 santi
1567 1387 1717 1455 maximi
1734 1407 1756 1456 a
1772 1405 1854 1472 pars
1871 1384 1947 1452 ursi
1964 1382 2030 1450 filii
2047 1381 2215 1467 maraldi,
2232 1384 2269 1448 et
2286 1401 2308 1448 a
2325 1399 2409 1465 pars

563 1538 718 1604 arechisi
744 1539 811 1606 filii
838 1539 1019 1626 imperati,
1036 1545 1071 1608 et
1086 1561 1108 1610 a
1124 1559 1209 1627 pars
1225 1539 1418 1608 costantini
1438 1539 1504 1606 lllii
1521 1539 1698 1626 maranci,
1716 1543 1751 1606 et
1766 1559 1789 1606 a
1806 1555 1890 1625 pars
1907 1536 1983 1603 ursi
1999 1535 2065 1602 filii
2083 1534 2207 1619 lazari,
2232 1537 2267 1600 et
2291 1554 2313 1601 a
2329 1549 2411 1617 pars

562 1691 711 1758 iohanni
729 1694 891 1777 germani
910 1693 1014 1760 istius
1032 1694 1106 1760 ursi
1121 1694 1187 1760 lllii
1205 1693 1330 1779 lazari,
1346 1697 1381 1760 et
1398 1712 1419 1760 a
1436 1709 1518 1778 pars
1542 1689 1684 1758 mulleri
1712 1691 1856 1757 nomine
1881 1689 1976 1773 siha,
2001 1686 2063 1773 qui
2087 1685 2157 1752 fuit
2180 1703 2271 1752 uxor
2297 1683 2407 1770 ipsius

563 1843 687 1930 lazari,
704 1844 766 1931 qui
782 1849 865 1914 sunt
880 1847 926 1914 ad
941 1847 1020 1932 ipsa
1036 1849 1141 1913 rebus
1159 1844 1284 1931 biciui,
1297 1849 1333 1912 et
1345 1863 1429 1931 pars
1445 1845 1559 1912 nostri
1576 1845 1782 1912 monasterii
1801 1863 1881 1910 cnm
1901 1842 1973 1909 illis
1989 1843 2122 1910 factam
2138 1842 2245 1908 babet
2260 1837 2404 1905 dibisio·

562 1989 642 2066 nem
668 2002 703 2064 et
723 1997 986 2083 diffinitionem3
1011 2018 1117 2083 quam
1140 2001 1177 2064 et
1200 1998 1422 2066 defensemus
1437 1999 1537 2064 vobis
1562 1998 1640 2083 ipsa
1665 1997 1742 2063 bice
1758 1997 1800 2064 de
1818 1996 1895 2082 ipsa
1913 1997 2060 2064 fontana
2075 2000 2111 2062 et
2126 1993 2205 2059 hice
2221 1993 2264 2058 de
2282 1990 2342 2058 bia
2359 1991 2401 2058 ad

561 2155 640 2240 ipsa
657 2153 804 2221 fontana
821 2153 867 2220 da
883 2152 938 2218 illi
955 2153 1132 2220 ominibus
1148 2159 1184 2221 et
1198 2153 1374 2239 partitae,
1391 2151 1453 2238 qui
1470 2170 1534 2238 pro
1550 2171 1634 2240 pars
1658 2156 1781 2221 nostra
1804 2157 1840 2219 et
1855 2171 1918 2238 pro
1935 2170 2019 2238 pars
2035 2149 2185 2236 predicti
2203 2147 2317 2215 nostri
2336 2163 2407 2213 mo-

563 2304 713 2372 nasterii
733 2301 982 2390 proposuerint
998 2304 1097 2369 vobis
1114 2308 1150 2369 et
1166 2303 1211 2372 ad
1229 2321 1313 2390 pars
1329 2303 1488 2389 predicte
1505 2307 1620 2370 vestre
1638 2303 1811 2370 hecclesie
1831 2301 1949 2372 saneti
1967 2301 2116 2370 maximi
2143 2299 2409 2386 qualiscumque

563 2455 805 2541 causationem
822 2460 857 2524 et
873 2456 1015 2540 quando
1031 2474 1116 2542 pars
1133 2454 1290 2541 predicte
1308 2459 1425 2522 vestre
1450 2455 1623 2522 hecclesie
1649 2456 1691 2522 de
1716 2459 1788 2523 tota
1814 2433 2023 2541 supradicta
2048 2457 2172 2520 nostra
2196 2451 2409 2520 tradictione

564 2608 744 2675 boluerint
758 2627 821 2694 per
837 2627 874 2674 se
893 2608 973 2674 inde
991 2611 1083 2674 esset
1102 2611 1243 2675 autores
1260 2610 1294 2674 et
1311 2608 1523 2694 defensoreS,
1539 2607 1722 2675 licentiam
1738 2614 1773 2675 et
1789 2611 2038 2692 protesstatem
2055 2608 2213 2674 habeant
2231 2604 2308 2670 bice
2325 2623 2405 2691 pre-

560 2761 645 2830 dicti
665 2761 887 2847 monasterii,
904 2780 984 2826 cum
1000 2759 1117 2844 qualis
1134 2759 1314 2824 monimen
1332 2763 1367 2826 et
1383 2759 1559 2827 rationem
1575 2760 1665 2828 'inde
1681 2761 1788 2828 abere
1806 2760 1974 2845 potuerit,
1993 2760 2031 2824 in
2046 2760 2209 2825 omnibus
2227 2759 2310 2824 inde
2324 2778 2407 2827 cau-

564 2935 645 2984 sare
662 2922 697 2982 et
715 2918 821 2982 finem
838 2915 969 2998 facere,
984 2913 1137 2999 qualiter
1155 2913 1352 3000 bolucrint;
1369 2915 1399 2981 si
1417 2920 1551 3001 autem,
1569 2916 1661 2982 sicut
1676 2914 1809 2982 dictum
1827 2921 1892 3000 est,
1909 2913 2032 2982 taliter
2057 2914 2139 2980 illut
2163 2931 2233 2979 non
2251 2914 2412 2984 defensa-

561 3068 732 3154 berimus,
751 3075 813 3137 aut
830 3067 859 3134 si
877 3085 942 3134 nos
959 3067 1159 3150 nostrisque
1174 3069 1436 3134 successoribus
1449 3069 1502 3135 vel
1516 3087 1599 3154 pars
1616 3069 1765 3154 predicti
1778 3070 1892 3136 nostri
1909 3068 2115 3136 monasterii
2131 3071 2407 3155 quomodocum-

563 3242 633 3306 que
651 3240 714 3308 per
731 3221 990 3306 qualecumque
1006 3219 1149 3288 ratione
1166 3220 1403 3306 quesierimus
1420 3222 1501 3288 illut
1517 3222 1571 3288 vel
1587 3221 1717 3289 exinde
1731 3221 1830 3286 vobis
1853 3221 1909 3288 vol
1932 3223 1977 3290 ad
2002 3241 2085 3307 pars
2109 3223 2266 3307 predicte
2293 3231 2407 3291 vestre

560 3377 730 3445 hecclesie
749 3377 866 3444 sancti
884 3375 1034 3444 maximi
1051 3376 1174 3443 tollere
1193 3383 1256 3442 aut
1272 3379 1453 3460 contrare,
1468 3395 1530 3443 seu
1543 3378 1737 3460 remobere,
1751 3375 1805 3441 vel
1820 3376 1940 3459 alique
1952 3375 2173 3442 causationis
2189 3377 2288 3442 vobis
2305 3380 2407 3444 exiu-

560 3531 602 3594 de
622 3546 829 3613 preponere,
844 3547 906 3614 per
924 3531 1016 3595 bona
1031 3525 1285 3594 conbeniontia
1302 3544 1510 3612 componere
1534 3524 1653 3610 obligo
1667 3544 1722 3591 me
1739 3525 1801 3610 qui
1818 3543 1926 3610 supra
1943 3527 2101 3592 sellictus
2116 3530 2226 3594 abbas
2255 3535 2290 3596 et
2318 3533 2406 3597 meis

561 3680 823 3747 successoribus
838 3684 874 3747 et
890 3699 975 3766 pars
990 3677 1139 3765 predicti
1160 3679 1270 3745 nostri
1290 3680 1501 3746 monasterii
1518 3680 1583 3746 tibi
1605 3678 1739 3746 maioni
1763 3680 1954 3766 presbiteri
1978 3684 2013 3748 et
2034 3683 2153 3750 abbati
2181 3683 2304 3768 tuique
2328 3701 2406 3750 suc·

561 3835 760 3901 cessorihus
776 3840 811 3902 et
827 3835 873 3903 ad
890 3853 974 3920 pars
990 3833 1146 3920 predicte
1161 3838 1276 3900 vestre
1292 3831 1466 3900 hecclesie
1489 3832 1604 3900 sancti
1624 3832 1772 3900 maximi
1791 3832 1888 3900 mille
1903 3835 1983 3900 auri
2001 3835 2128 3900 solidos
2145 3837 2404 3924 constantinos3

559 4005 635 4072 seu,
652 3995 687 4055 et
704 3989 846 4073 quando
869 3991 908 4056 in
932 4005 1017 4074 pars
1041 3985 1200 4074 predicte
1216 3991 1334 4053 vestre
1351 3984 1523 4053 hecclesie
1548 3985 1665 4052 sancti
1688 3983 1839 4054 maximi
1865 4003 2009 4052 necesse
2032 3987 2141 4056 fuerit
2166 3990 2234 4057 due
2261 3992 2304 4059 de
2328 3989 2405 4076 ipse

560 4141 814 4209 scriblionihus
831 4143 924 4227 quod
941 4143 1043 4208 nobis
1058 4140 1201 4226 dedisti,
1218 4142 1283 4206 hoc
1299 4144 1366 4225 est,
1382 4157 1456 4206 una
1473 4138 1730 4226 continentem,
1748 4139 1905 4224 qualiter
1920 4141 2089 4208 antonius
2106 4145 2317 4214 venerabile
2342 4150 2403 4214 ab·

559 4299 622 4364 bas
638 4294 846 4364 monasterii
864 4293 981 4364 sancti
1000 4293 1170 4364 laurentii
1187 4293 1438 4360 diffinitionem
1460 4293 1543 4360 fecit
1567 4314 1647 4360 cum
1671 4295 1765 4362 maio
1782 4295 2035 4364 archidiacono
2051 4302 2087 4364 et
2103 4300 2231 4364 abbate
2247 4300 2403 4384 predicte

558 4450 731 4516 hecclesie
748 4449 862 4517 sancti
881 4446 1032 4516 maximi
1050 4446 1093 4513 de
1110 4447 1187 4532 ipsa
1205 4463 1299 4530 aqua
1316 4449 1351 4512 et
1367 4446 1409 4512 de
1433 4447 1582 4532 aquario
1605 4466 1667 4514 suo
1691 4454 1774 4516 ante
1799 4453 1919 4534 petrus
1942 4449 2051 4516 iudex
2073 4449 2186 4517 etalii
2211 4455 2318 4520 testes
2341 4453 2403 4540 qui

559 4603 636 4668 hibi
654 4602 780 4668 scribti
798 4605 895 4686 sunt,
913 4600 1047 4682 scribta
1064 4620 1126 4686 per
1144 4600 1345 4666 romoaldus
1361 4598 1538 4684 notarius3
1556 4607 1591 4666 et
1615 4600 1692 4685 ipsa
1709 4599 1782 4668 alia
1798 4601 2052 4686 continentem,
2069 4602 2225 4687 qualiter
2250 4605 2401 4675 domnus

558 4753 780 4839 grimoaldus
795 4752 1083 4838 archiepiscopus
1099 4758 1221 4820 sancte
1238 4752 1331 4820 sedis
1354 4753 1573 4820 salernitane
1597 4755 1639 4821 de
1664 4754 1740 4839 ipsa
1763 4773 1857 4839 aqua
1880 4754 2131 4823 diffinitionem
2154 4758 2297 4826 l'ecerad
2320 4779 2400 4826 cum

559 4909 675 4992 ipsum
698 4907 791 4974 maio
809 4907 1076 4992 archidiacono,
1093 4913 1128 4974 et
1143 4927 1205 4993 per
1223 4907 1484 4974 combenientia
1503 4909 1576 4994 ipse
1593 4907 1877 4994 archiepiscopus
1902 4909 2160 4997 manifestabit,
2186 4917 2225 4979 ut
2248 4934 2311 5001 per
2326 4917 2404 5003 ipsa

558 5065 659 5128 curto
677 5060 791 5128 sancti
809 5061 958 5130 maximi
972 5063 1034 5146 qui
1049 5061 1182 5130 dicitur
1199 5061 1405 5149 birideari0,
1418 5063 1460 5129 de
1474 5065 1551 5148 ipsa
1563 5083 1658 5149 aqua
1675 5063 1797 5130 tollere
1813 5081 1884 5128 non
1901 5063 2030 5149 bolere,
2048 5067 2181 5134 scribta
2197 5086 2260 5153 per
2277 5075 2400 5154 petrus

557 5217 738 5300 notarius,
755 5221 790 5282 et
808 5215 964 5282 hibidem
985 5215 1110 5282 scribti
1129 5214 1242 5301 ipsum
1259 5215 1479 5302 grimoaldus
1496 5215 1793 5300 archiepiscopus,
1811 5219 1845 5281 et
1861 5215 1976 5300 ipsum
1994 5223 2115 5302 petrus
2131 5219 2240 5287 iudex
2255 5226 2291 5288 et
2308 5223 2405 5309 aliie,

558 5376 594 5436 et
615 5389 698 5455 pars
716 5369 826 5436 nostri
847 5368 1057 5436 monasterii
1082 5365 1163 5433 inde
1186 5366 1278 5432 scire
1301 5367 1474 5452 fecoritiS,
1492 5385 1575 5452 pars
1601 5368 1712 5433 nostri
1737 5367 1942 5436 monasterii
1968 5369 2027 5436 ille
2051 5373 2150 5439 vobis
2173 5375 2228 5440 vel
2253 5375 2298 5442 ad
2322 5397 2406 5462 pars

556 5521 713 5608 predicto
730 5526 844 5588 vestre
861 5521 1032 5588 hecclesie
1050 5518 1166 5587 sancti
1184 5519 1334 5586 maximi
1352 5519 1474 5604 deant,
1493 5520 1538 5586 ad
1555 5521 1732 5587 abendum
1757 5521 1818 5589 ille
1835 5541 1944 5607 usque
1972 5525 2047 5591 dies
2070 5525 2352 5614 quaddraginta,
2370 5536 2405 5597 et

556 5681 635 5762 post
652 5677 727 5761 ipse
744 5675 1012 5762 quaddraginta
1030 5673 1106 5740 dies
1123 5691 1262 5758 semper
1280 5671 1340 5738 ille
1358 5672 1395 5738 in
1414 5691 1499 5758 pars
1516 5673 1676 5740 iamdicti
1693 5676 1808 5742 nostri
1826 5676 2035 5744 monasterii
2060 5679 2157 5745 salbe
2173 5682 2336 5768 retdatis,
2361 5683 2406 5750 ad

556 5831 730 5896 abendam
750 5829 810 5896 ille
826 5847 910 5915 pars
927 5830 1039 5894 nostri
1058 5827 1263 5894 monasterii
1281 5827 1375 5892 omni
1394 5831 1551 5911 tempore
1570 5825 1607 5891 in
1624 5827 1830 5911 supradicta
1848 5826 2033 5897 rationem.
2051 5835 2140 5899 Nam
2160 5837 2196 5901 et
2212 5834 2241 5900 si
2259 5834 2297 5900 in
2323 5855 2406 5922 par·
