5334 7098
551 560 618 630 {ll
1203 567 1376 640 CODEX
1409 565 1676 639 CAVENSlS

499 786 606 854 statis
629 790 814 856 teneamus
837 790 874 854 et
896 788 1131 876 dominemus,
1155 794 1191 860 et
1215 791 1313 860 lobee
1336 797 1372 860 et
1394 790 1508 858 omnis
1539 793 1659 859 nostre
1690 786 1860 859 utilitatis
1889 788 1988 858 iusta
2013 787 2194 856 rationem
2221 786 2351 855 ibidem

500 937 688 1026 iaciamus,
714 941 750 1005 et
772 940 888 1005 totum
912 939 993 1006 illut
1016 943 1245 1025 pastenemus
1270 945 1415 1011 arbusto
1439 948 1476 1011 et
1499 944 1564 1010 biti
1590 943 1633 1012 de
1657 945 1748 1011 bono
1772 943 1906 1011 bitiueo
1929 924 2101 1028 et'poma,
2116 942 2153 1006 et
2176 939 2301 1007 amodo
2317 943 2354 1005 et

501 1108 610 1174 usque
633 1090 817 1159 duodecim
840 1090 928 1160 anni
945 1093 1099 1180 conpleti
1122 1094 1165 1163 de
1188 1095 1281 1180 quod
1306 1095 1436 1164 ibidem
1453 1096 1764 1182 seminaberimus,
1780 1093 1903 1162 demus
1919 1093 1958 1161 in
1975 1111 2060 1180 pars
2076 1092 2188 1178 ipsius
2203 1091 2352 1159 ecclesie

499 1245 648 1312 tertiam
670 1263 766 1334 pare,
789 1251 825 1313 et
847 1246 916 1314 due
939 1247 1046 1314 sortis
1070 1247 1152 1315 inde
1175 1247 1277 1316 nobis
1301 1251 1509 1336 habeamuS,
1526 1252 1563 1317 et
1578 1250 1625 1318 da
1641 1268 1710 1338 quo
1726 1253 1894 1337 parutum
1917 1248 2040 1334 luerit,
2066 1251 2106 1314 ut
2129 1247 2212 1313 inde
2228 1247 2354 1313 vinum

500 1399 650 1483 exierit,
674 1417 737 1485 per
761 1417 874 1468 annos
897 1401 1071 1470 iaciamus
1094 1404 1186 1471 scire
1210 1421 1295 1490 pars
1310 1402 1422 1489 ipsius
1445 1401 1605 1488 ecclesie,
1630 1406 1670 1470 ut
1693 1402 1828 1490 dirigat
1846 1401 1976 1469 ibidem
2001 1399 2147 1467 missum
2171 1417 2276 1466 suum
2290 1419 2356 1485 pro

502 1551 711 1637 recipienda
735 1553 811 1639 ipsa
834 1572 958 1622 eorum
980 1555 1148 1643 sortione,
1172 1559 1207 1624 et
1230 1574 1294 1622 nos
1318 1555 1536 1642 temporibus
1560 1554 1636 1622 suis
1652 1554 1734 1622 illut
1757 1555 2030 1640 vindemiemus,
2047 1557 2082 1622 et
2098 1553 2213 1620 omnis
2229 1554 2353 1620 vinum

503 1707 540 1768 et
564 1721 667 1789 poma
691 1702 819 1770 exinde
844 1703 883 1770 in
907 1706 1051 1772 tertiam
1074 1708 1176 1792 parte
1201 1705 1295 1774 inter
1317 1724 1380 1772 nos
1396 1706 1476 1773 illut
1499 1685 1710 1774 dividamus:
1730 1725 1793 1774 nos
1808 1707 1975 1775 tollamus
1999 1705 2128 1774 exinde
2144 1706 2213 1772 due
2230 1704 2350 1786 sortiS,

503 1861 540 1923 ct
563 1857 707 1924 tertiam
731 1861 832 1943 parte
855 1858 938 1926 iude
960 1859 992 1926 ei
1018 1860 1152 1944 demus,
1177 1863 1213 1928 et
1236 1860 1314 1946 ipsa
1337 1879 1459 1928 eorum
1482 1861 1636 1928 sortione
1652 1861 1695 1928 de
1719 1861 1793 1947 ipso
1817 1859 1938 1927 vinum
1954 1877 2019 1926 nos
2036 1858 2118 1926 illut
2141 1875 2355 1944 reponamus

504 2007 708 2102 indomum
731 2013 854 2078 nostra
878 2009 916 2075 in
941 2029 1136 2098 organeum
1161 2031 1265 2097 quem
1282 2011 1343 2079 ille
1366 2012 1468 2078 nobis
1492 2013 1743 2100 atsignaberit,
1762 2017 1798 2080 et
1815 2013 1891 2100 ipso
1915 2029 2112 2100 organeum
2127 2010 2199 2078 siat
2213 2027 2278 2095 per
2292 2027 2358 2078 nos

503 2161 705 2229 conciatum
729 2165 873 2248 bonum,
896 2167 932 2230 et
956 2165 1094 2234 salbum
1119 2166 1201 2234 illut
1223 2166 1415 2252 faciamuS,
1439 2167 1549 2235 donec
1565 2167 1648 2234 illut
1662 2168 1745 2234 inde
1761 2166 1895 2252 tulerit,
1918 2183 2051 2252 apsque
2073 2163 2351 2252 degeneratione

505 2317 542 2380 et
565 2315 677 2399 ingne
700 2317 735 2380 et
760 2333 891 2401 mures,
909 2320 944 2384 et
960 2315 1033 2402 ipso
1049 2318 1198 2384 missum
1223 2334 1345 2384 eorum
1367 2336 1470 2403 quem
1494 2317 1626 2385 ibidem
1649 2317 1824 2384 direxerit
1840 2335 1903 2403 pro
1919 2315 2125 2402 recipienda
2142 2314 2219 2402 ipsa
2236 2331 2358 2380 eorum

510 2467 635 2554 sertio,
660 2484 723 2532 nos
749 2467 829 2535 illut
852 2470 1052 2536 nutriemus
1076 2470 1354 2556 rationabiliter,
1378 2471 1488 2538 donec
1512 2471 1644 2538 ibidem
1667 2470 1819 2558 steterit,
1837 2475 1873 2538 et
1889 2471 1958 2558 ipsi
1982 2470 2140 2538 castanei
2166 2487 2271 2556 quem
2290 2467 2357 2536 ibi-

511 2595 593 2735 dem
615 2625 713 2708 sunt,
738 2639 801 2687 nos
818 2620 877 2688 ille
902 2623 1110 2710 colligamus
1134 2625 1340 2692 annualiter
1364 2630 1400 2692 ct
1423 2627 1612 2710 siciamus,
1630 2629 1666 2692 et
1684 2627 1828 2694 tertiam
1851 2642 1934 2711 pars
1949 2642 2071 2692 eorum
2087 2626 2224 2711 demus,
2241 2627 2277 2692 et
2291 2623 2360 2692 due

511 2776 618 2843 sortis
643 2777 724 2843 inde
750 2779 852 2844 uobis
876 2778 1054 2846 abeamus
1081 2779 1127 2844 At
1151 2797 1234 2845 vero
1256 2779 1410 2866 conpleti
1435 2779 1502 2866 ipsi
1527 2779 1710 2847 duodecim
1734 2779 1823 2848 anni
1846 2796 1910 2845 nos
1933 2779 2103 2847 abeamus
2121 2779 2161 2847 iu
2184 2782 2260 2846 tota
2283 2781 2361 2866 ipsa

512 2932 610 2994 terra
633 2947 696 3012 per
721 2926 924 3012 supradicte
948 2925 1030 2994 finis
1053 2931 1089 2996 et
1113 2930 1294 2996 mensurie
1326 2932 1473 2998 arbusto
1495 2931 1629 2998 lactum
1660 2933 1814 2999 vitatum
1837 2934 1873 2998 et
1897 2937 2084 3017 operatum
2112 2936 2148 2998 et
2172 2932 2364 3018 cultatum,

513 3079 609 3147 sicut
632 3079 732 3146 decet
756 3079 798 3146 de
821 3081 941 3146 tantos
965 3096 1079 3147 annos
1103 3083 1138 3146 et
1162 3080 1259 3148 locus
1281 3081 1355 3168 ipse
1378 3085 1563 3169 meruerit,
1582 3089 1621 3151 ut
1636 3085 1725 3152 bene
1740 3088 1867 3169 pareat
1883 3084 2027 3170 sactum,
2045 3086 2211 3169 bitatum,
2229 3088 2265 3150 et
2280 3101 2360 3168 ope-

513 3237 657 3318 ratum,
682 3235 718 3298 et
742 3231 939 3317 oirooytum
964 3232 1046 3300 illut
1068 3233 1227 3320 clusum,
1251 3240 1286 3302 et
1310 3234 1356 3302 da
1380 3235 1448 3321 ipsi
1471 3237 1655 3306 duodecim
1668 3239 1765 3306 anni
1790 3239 1829 3304 in
1853 3241 1961 3306 antea
1984 3236 2078 3303 omni
2113 3241 2270 3323 tempore
2298 3253 2363 3302 nos

514 3390 551 3453 ct
575 3384 707 3453 nostris
731 3387 920 3453 heredibus
943 3390 1089 3455 arbusto
1112 3389 1229 3475 ipsum
1252 3389 1458 3458 annualiter
1488 3393 1705 3478 temporibus
1737 3391 1812 3457 suis
1844 3390 2044 3458 laboremus
2066 3390 2109 3458 de
2132 3409 2238 3476 super
2261 3397 2296 3458 et
2319 3391 2363 3458 de

515 3543 663 3625 suptus,
688 3544 723 3606 et
750 3540 811 3606 ubi
834 3541 1026 3628 meruerit,
1051 3544 1146 3610 astas
1169 3559 1321 3630 ponere,
1344 3548 1380 3612 et
1403 3543 1494 3611 bites
1516 3548 1635 3613 traere
1648 3595 1658 3631 ,
1681 3549 1717 3612 et
1741 3544 1884 3612 cludere
1907 3543 1989 3611 illut
2020 3543 2237 3632 oirooytum,
2269 3547 2363 3614 sicut

518 3692 615 3757 locus
639 3693 713 3776 ipse
737 3691 921 3778 meruerit,
947 3696 986 3760 ut
1010 3697 1099 3762 bene
1121 3699 1246 3781 pareat
1268 3693 1467 3763 laboratum
1491 3700 1526 3762 et
1549 3694 1724 3763 cultatum
1747 3700 1782 3762 et
1805 3694 1955 3780 clusum,
1979 3699 2014 3762 et
2037 3713 2164 3764 curam
2179 3700 2216 3763 ct
2232 3697 2363 3783 vigila-

518 3843 651 3912 tionem
679 3845 761 3912 inde
785 3846 967 3934 abeamus,
983 3850 1019 3914 et
1033 3865 1096 3933 per
1112 3851 1268 3933 tempore
1283 3847 1326 3914 de
1341 3849 1519 3916 vindemie
1543 3847 1717 3916 iaciamus
1741 3867 1826 3934 pars
1843 3849 1955 3935 ipsius
1970 3847 2117 3917 ecclesie
2133 3848 2238 3937 scire,
2254 3856 2295 3920 ut
2310 3852 2369 3920 di·

517 3997 616 4086 rigat
640 3999 771 4066 ibidem
796 3999 942 4068 missum
966 4019 1069 4067 suum
1091 4018 1154 4087 pro
1177 4000 1419 4087 recipiendam
1442 4001 1520 4089 ipsa
1543 4019 1665 4068 eorum
1680 4002 1847 4088 sortione,
1871 4007 1907 4070 et
1929 4019 1994 4069 nos
2016 4005 2161 4072 arbusto
2177 4004 2253 4094 ipso
2277 4009 2367 4074 tem·

517 4154 664 4240 poribus
688 4152 761 4218 suis
785 4151 1052 4239 bindemiemus,
1076 4155 1111 4219 et
1134 4152 1393 4236 omnisvinum
1416 4157 1452 4222 et
1474 4171 1578 4240 poma
1592 4153 1722 4222 exinde
1746 4155 1785 4221 in
1800 4154 1946 4222 tertiam
1969 4158 2072 4242 parte
2088 4157 2262 4227 internos
2278 4161 2363 4232 illut

517 4301 731 4372 dividamus:
757 4321 821 4370 nos
843 4303 1012 4372 tollamus
1043 4301 1125 4370 inde
1148 4303 1216 4370 due
1240 4303 1364 4392 sortiS,
1388 4309 1423 4373 et
1446 4305 1589 4375 tertiam
1612 4312 1714 4394 parte
1744 4307 1826 4374 inde
1849 4307 1881 4376 ei
1906 4308 2049 4397 demus,
2079 4315 2115 4380 et
2138 4310 2215 4398 ipsa
2237 4329 2362 4381 eorum

519 4455 674 4522 sortione
698 4455 741 4523 de
764 4457 840 4542 ipso
855 4455 979 4522 vinum
1003 4453 1085 4521 illut
1099 4471 1177 4539 nou,
1193 4452 1286 4521 sicut
1307 4455 1479 4544 diximus,
1496 4475 1707 4544 reponamus
1723 4459 1762 4526 in
1776 4459 1919 4528 domum
1934 4465 2093 4532 nostram
2109 4464 2148 4532 in
2163 4481 2362 4551 organenm

519 4627 624 4694 quem
649 4608 721 4675 illis
745 4609 847 4675 nobis
870 4607 1120 4696 atsignaberit,
1137 4611 1172 4674 et
1195 4608 1271 4694 ipso
1294 4627 1491 4694 organeum
1513 4629 1575 4697 per
1599 4629 1663 4678 nos
1678 4614 1750 4682 siat
1764 4615 1967 4683 conciatum
1989 4617 2133 4704 bonum,
2156 4623 2193 4686 et
2217 4621 2358 4688 salbum

521 4759 602 4828 illut
626 4762 814 4848 iaciamus,
839 4761 948 4829 donec
973 4761 1054 4830 illut
1077 4759 1159 4828 inde
1181 4762 1317 4850 tulerit,
1335 4783 1467 4850 apsque
1489 4765 1764 4850 degeneratione
1787 4772 1823 4836 et
1845 4768 1955 4856 ingne
1979 4773 2015 4838 et
2037 4789 2169 4857 mures3
2186 4777 2222 4841 et
2244 4792 2366 4860 quem-

523 4913 725 4982 ammodum
742 4917 778 4981 et
794 4917 889 4981 omni
914 4918 1071 5001 tempore
1093 4913 1131 4980 in
1153 4915 1361 5003 supradicta
1384 4917 1597 4988 tradictione
1622 4919 1754 5008 aliquit
1778 4920 1911 4990 ibidem
1933 4924 2241 5014 seminaberimus,
2266 4928 2367 4996 simi·

523 5068 607 5138 liter
633 5070 671 5137 in
695 5089 778 5156 pars
802 5072 914 5156 ipsius
936 5072 1083 5140 ecclesie
1107 5072 1229 5142 demus
1252 5077 1398 5144 tertiam
1422 5093 1519 5163 pars,
1535 5079 1572 5143 et
1586 5075 1654 5144 due
1677 5077 1782 5144 sortis
1806 5077 1889 5146 inde
1911 5081 2013 5148 nobis
2035 5083 2219 5173 abeamus,
2236 5084 2364 5172 etipse

413 5249 415 5264 ·
526 5229 694 5296 castanee
718 5225 928 5312 colligamus
950 5229 987 5294 et
1010 5226 1200 5313 siclremuS,
1216 5231 1253 5296 et
1275 5248 1338 5317 per
1361 5229 1586 5300 medietatem
1609 5232 1781 5301 internos
1805 5233 1887 5302 illut
1909 5235 2123 5306 dividamus:
2148 5258 2234 5326 pars
2258 5241 2371 5328 ipsius

524 5379 673 5449 ecclesie
696 5381 819 5448 demus
841 5379 1081 5467 medietatem,
1099 5385 1134 5450 et
1149 5382 1372 5451 medietatem
1396 5384 1478 5452 inde
1494 5387 1595 5454 nobis
1610 5389 1794 5474 abeamus3
1811 5393 1847 5457 et
1862 5389 1938 5477 ipso
1951 5408 2074 5460 eorum
2097 5393 2259 5482 missum,
2275 5397 2368 5464 sicut

525 5531 698 5619 diximuS,
722 5548 786 5598 nos
810 5529 893 5598 illut
915 5533 1117 5600 nutriemus
1132 5532 1409 5624 rationabiliter,
1433 5538 1543 5605 donec
1567 5537 1699 5607 ibidem
1722 5535 1861 5609 steterit
1883 5559 1947 5627 pro
1970 5561 2093 5613 eorum
2108 5545 2263 5616 sortione
2279 5549 2367 5616 reci·

529 5684 724 5772 piendum,
748 5689 784 5752 et
808 5684 931 5753 amodo
954 5687 991 5753 et
1013 5705 1150 5775 semper
1173 5685 1356 5757 defensare
1371 5689 1473 5757 nobis
1495 5693 1697 5779 nostrisque
1712 5693 1903 5764 heredibus
1918 5695 2045 5768 inolita
2067 5701 2275 5788 supradicta
2298 5706 2371 5771 tra-

525 5837 647 5926 dictio,
673 5858 754 5907 cum
776 5840 854 5907 vice
869 5839 912 5908 de
927 5841 986 5910 via
1002 5859 1067 5912 sua
1081 5839 1125 5911 da
1141 5841 1437 5910 omneshomines
1459 5843 1624 5931 omnique
1647 5847 1810 5933 partibus
1827 5849 1894 5934 ipsi
1912 5851 2056 5941 rectori,
2073 5853 2128 5922 vel
2145 5873 2228 5941 pars
2253 5857 2368 5943 ipsius
