5310 7080
620 500 682 570 lla
1249 503 1422 572 ‹lonllx
1456 501 1721 576 elt'ENSls

565 723 624 808 qui
652 723 861 791 eoniuntum
887 729 939 792 est
962 725 1005 792 de
1029 743 1134 811 super
1157 731 1258 812 parte
1282 728 1326 796 ad
1351 727 1421 794 fine
1439 727 1595 814 ipsorum
1611 727 1679 795 viri
1696 731 1732 795 et
1748 727 1872 812 uxori,
1889 743 1993 812 quem
2018 727 2100 791 ante
2117 741 2155 788 os
2172 723 2198 804 ¹)
2222 741 2344 789 eorum
2369 723 2407 790 in

563 873 754 942 sortionem
777 875 920 944 obbenit
943 877 988 946 da
1011 882 1108 947 tueta
1131 878 1264 947 domna
1296 897 1394 946 soror
1419 883 1454 946 et
1476 882 1631 966 cognata
1653 897 1776 946 eorum
1799 883 1835 946 et
1858 896 1881 944 a
1905 873 2078 944 iohannes
2101 875 2177 940 viro
2200 875 2299 962 eiuS,
2325 873 2407 942 inde

563 1029 658 1113 passi
683 1029 800 1096 decem
823 1033 860 1096 et
883 1033 978 1098 octo:
1005 1031 1048 1100 de
1073 1032 1147 1100 alia
1172 1038 1274 1120 parte
1306 1033 1517 1100 coniuntum
1548 1036 1600 1100 est
1623 1031 1668 1099 ad
1692 1032 1762 1096 flue
1796 1031 1907 1117 ipsius
1931 1027 2125 1114 madelmi,
2149 1027 2231 1095 inde
2262 1026 2409 1094 latitudo

564 1179 655 1264 passi
682 1180 763 1247 duo:
789 1180 831 1248 de
856 1184 981 1248 subtus
1005 1184 1075 1249 fine
1099 1183 1211 1269 ipsius
1235 1183 1417 1272 madelmi,
1434 1185 1528 1250 sicut
1544 1201 1625 1271 sepe
1642 1181 1830 1269 discernit,
1843 1181 1925 1251 inde
1941 1181 2036 1266 passi
2053 1179 2118 1247 alii
2135 1179 2255 1246 decem
2271 1183 2307 1246 et
2322 1182 2408 1246 octo:

563 1330 638 1399 alia
660 1337 759 1418 parte
784 1333 854 1400 fine
878 1335 921 1402 de
946 1335 1068 1402 eredes
1090 1334 1257 1423 maraldi,
1274 1335 1355 1404 inde
1372 1334 1522 1404 latitudo
1538 1335 1603 1402 alii
1619 1335 1707 1402 duos
1723 1334 1819 1422 passi
1838 1335 1883 1403 ad
1899 1352 2042 1420 passum
2057 1333 2100 1400 de
2115 1330 2282 1398 columna
2299 1334 2410 1400 sancti

563 1487 712 1573 mathei,
737 1487 901 1556 inclitum
926 1508 1003 1555 cum
1021 1489 1098 1556 bice
1120 1489 1163 1556 de
1187 1491 1246 1557 bia
1269 1509 1334 1557 sua
1357 1489 1444 1556 illud
1468 1509 1589 1557 eorum
1613 1491 1772 1576 donabit,
1797 1490 1889 1556 siout
1913 1490 1988 1574 ipso
2012 1489 2156 1556 brebem
2172 1488 2333 1555 continet
2349 1487 2407 1574 qui

564 1641 735 1726 scriptum
760 1647 813 1708 est
835 1662 897 1728 per
920 1644 1065 1712 alderisi
1090 1644 1241 1730 notario,
1259 1644 1296 1709 in
1313 1663 1382 1730 quo
1405 1645 1530 1732 scripti
1554 1649 1637 1712 sunt
1661 1647 1733 1711 toto
1756 1643 1875 1710 scriba
1897 1643 2022 1728 palatii
2048 1645 2084 1709 et
2108 1639 2332 1708 theodoricus
2350 1658 2409 1705 no-

565 1793 692 1861 tarius.
718 1797 763 1861 Et
786 1815 867 1862 cum
893 1796 961 1864 suit
984 1797 1116 1865 relecta
1139 1799 1348 1884 supradicta
1371 1796 1580 1882 monimina,
1607 1797 1675 1882 ipsi
1700 1805 1813 1864 mater
1837 1801 1873 1863 et
1896 1793 1971 1861 filio
1998 1799 2033 1861 et
2056 1793 2131 1880 ipse
2157 1785 2330 1860 madelmo
2354 1811 2412 1878 per

565 1951 686 2032 partes
710 1949 1046 2038 manifestaberunt,
1064 1957 1103 2018 ut
1120 1953 1157 2016 in
1175 1951 1352 2037 omnibuS,
1370 1950 1462 2017 sicut
1485 1947 1689 2034 continent,
1705 1951 1849 2016 beraces
1873 1955 2003 2034 essent,
2021 1953 2057 2016 et
2073 1967 2136 2034 per
2151 1951 2269 2034 partes
2286 1949 2413 2015 iterum

565 2102 898 2191 manil'estaborunt,
919 2109 958 2171 ut
974 2107 1013 2173 in
1031 2107 1107 2192 ipsa
1125 2104 1355 2192 scriptionem
1379 2103 1566 2172 dibisionis
1589 2104 1681 2191 quod
1706 2104 1801 2170 inter
1825 2106 1902 2190 ipsa
1927 2104 2106 2170 monimen
2123 2105 2235 2190 ipsius
2251 2102 2415 2170 madelmi

474 2281 477 2288 λ
566 2255 782 2342 inbenimus,
807 2257 867 2343 qui
893 2263 967 2325 tota
990 2277 1052 2344 per
1074 2245 1228 2327 'hordino
1252 2277 1358 2346 super
1382 2258 1565 2326 declarata
1588 2263 1655 2347 est,
1670 2259 1733 2345 qui
1757 2259 1892 2345 scripta
1915 2261 1969 2325 est
1992 2276 2055 2344 per
2080 2259 2194 2344 ipsum
2218 2255 2415 2324 romoaldus

565 2413 757 2499 00100100,
782 2413 832 2479 010
857 2433 920 2500 per
943 2420 1062 2500 partes
1087 2413 1159 2480 illis
1187 2419 1222 2480 et
1247 2415 1321 2480 suis
1345 2414 1510 2480 eredibus
1534 2413 1666 2481 ibidem
1691 2417 1943 2500 permanerent
1966 2417 2001 2479 et
2025 2413 2220 2498 adimplere
2244 2410 2416 2497 bolerent,

559 2565 654 2632 sicut
679 2566 756 2652 ipsa
781 2568 972 2652 scriptione
996 2567 1168 2652 eontinet3
1192 2567 1235 2633 de
1258 2568 1429 2633 molinum
1454 2563 1548 2654 iero,
1573 2569 1664 2652 quod
1689 2567 1763 2654 ipse
1787 2567 1960 2636 madelmo
1985 2570 2070 2634 ante
2094 2584 2131 2633 os
2153 2572 2294 2651 tempus
2317 2567 2416 2632 edili-

560 2722 658 2790 eabit
682 2723 720 2787 in
744 2725 850 2789 rebus
874 2723 935 2808 qui
961 2724 1029 2790 l'uit
1051 2723 1162 2809 ipsius
1186 2723 1340 2808 iaquinti
1360 2723 1528 2789 inlocum
1552 2722 1679 2806 beten,
1697 2721 1788 2807 quod
1805 2723 1963 2788 stefanus
1988 2723 2182 2789 monachus
2198 2741 2281 2790 eum
2298 2722 2415 2809 ipsum

562 2877 734 2944 madelmo
757 2877 948 2962 edificabit,
974 2876 1152 2944 combenit
1177 2879 1271 2943 inter
1299 2876 1391 2942 illis:
1420 2877 1486 2962 ipsi
1518 2881 1630 2945 mater
1655 2881 1690 2942 et
1714 2875 1787 2940 filio
1819 2875 1994 2942 dederunt
2020 2875 2131 2962 ipsius
2162 2877 2329 2944 madelmi
2355 2898 2417 2964 pro

563 3030 722 3096 laborem
747 3030 789 3095 de
814 3030 888 3115 ipso
920 3028 1093 3094 molinum
1117 3028 1300 3095 duodecim
1332 3029 1413 3096 auri
1445 3028 1529 3113 tari,
1554 3033 1590 3095 et
1615 3029 1689 3115 ipse
1722 3029 1894 3096 madelmo
1919 3029 2210 3098 adcommunabit
2239 3051 2320 3097 oum
2348 3033 2413 3120 ipsi

563 3189 676 3252 mater
700 3191 735 3250 et
759 3183 832 3248 filio
857 3182 1019 3250 inclitum
1046 3182 1120 3268 ipso
1144 3181 1316 3248 molinum
1339 3201 1420 3247 eum
1444 3181 1540 3246 omni
1564 3183 1784 3268 pertinentia
1801 3203 1879 3269 sua,
1897 3187 1933 3252 et
1950 3203 2030 3248 cum
2048 3203 2223 3268 aquarum
2248 3186 2412 3272 husibus,

538 3399 540 3404 .
561 3341 596 3404 et
620 3356 700 3402 eum
723 3337 852 3404 trasita
875 3341 909 3402 et
935 3337 1035 3403 exite
1058 3355 1134 3422 sua,
1159 3341 1194 3402 et
1219 3354 1299 3401 cum
1324 3337 1428 3401 rebus
1452 3337 1490 3401 in
1513 3353 1581 3420 quo
1604 3335 1807 3402 edificatum
1832 3339 1896 3420 est,
1915 3339 1951 3400 et
1973 3355 2054 3402 cum
2079 3338 2156 3405 bice
2180 3339 2223 3404 do
2249 3341 2309 3406 bia
2333 3358 2412 3424 sua,

562 3489 658 3556 omni
684 3495 839 3574 tompore
864 3487 1100 3554 communiter
1132 3489 1264 3554 abeant
1296 3487 1384 3554 illud
1410 3488 1503 3554 inter
1528 3507 1564 3554 se
1588 3493 1624 3556 et
1647 3490 1720 3555 suis
1751 3491 1935 3557 eredibus:
1972 3491 2045 3576 ipse
2070 3493 2244 3560 madelmo
2268 3499 2304 3561 et
2331 3513 2410 3561 suos

565 3648 687 3713 eredes
706 3651 777 3712 tres
794 3644 911 3728 sortiS,
922 3649 956 3710 et
969 3643 1035 3728 ipsi
1055 3649 1166 3710 mator
1183 3645 1218 3708 et
1236 3643 1309 3709 filio
1325 3646 1361 3708 et
1377 3660 1499 3708 eorum
1512 3643 1633 3709 eredes
1646 3645 1776 3710 abeant
1788 3643 1918 3711 exinde
1933 3644 2059 3712 inclita
2075 3651 2241 3732 quartam
2257 3655 2409 3734 partem,

461 3795 467 3806 '
563 3820 627 3886 per
651 3805 770 3887 partes
795 3801 994 3866 laciendum
1019 3799 1148 3865 exinde
1172 3797 1264 3883 quod
1289 3795 1479 3880 boluerint,
1505 3803 1539 3862 et
1563 3795 1732 3863 molinum
1750 3796 1864 3882 ipsum
1879 3802 2114 3868 communiter
2130 3802 2225 3868 omni
2252 3809 2408 3890 tempore

564 3955 809 4042 bordinarent,
834 3954 989 4040 qualitor
1012 3952 1210 4018 meruerint
1233 3955 1268 4016 et
1293 3949 1386 4016 iuste
1410 3949 1532 4035 luerit,
1549 3955 1585 4018 et
1601 3951 1742 4036 quando
1764 3953 1951 4039 meruerit,
1968 3953 2099 4021 ibidem
2123 3955 2213 4024 mole
2237 3962 2273 4024 et
2297 3979 2413 4028 serra-

563 4110 662 4178 turia
686 4109 920 4176 communiter
944 4125 1003 4174 eos
1025 4106 1157 4174 ibidem
1181 4107 1376 4174 mitterent:
1404 4104 1478 4190 ipse
1503 4105 1673 4172 madelmo
1696 4109 1732 4172 et
1755 4124 1835 4172 suos
1865 4107 1987 4174 eredes
2018 4113 2091 4175 tres
2121 4112 2248 4198 sortis,
2281 4117 2318 4180 et
2343 4114 2410 4201 ipsi

564 4271 680 4335 mater
712 4273 746 4332 et
771 4264 844 4330 lilio
868 4267 903 4328 et
927 4280 1048 4330 eorum
1073 4260 1194 4327 eredes
1217 4265 1384 4346 quartam
1408 4265 1567 4346 partom;
1599 4265 1634 4327 et
1657 4260 1769 4326 orrrnis
1793 4259 1961 4328 molitura
1985 4263 2115 4331 exinde
2146 4265 2350 4335 dibiderent
2375 4270 2412 4334 10

566 4422 733 4504 quartam
757 4419 916 4503 partem:
944 4413 1018 4501 ipse
1050 4412 1224 4479 madelmo
1248 4413 1290 4478 ed
1314 4415 1391 4480 eius
1413 4405 1536 4480 eredes
1568 4412 1707 4481 tolleret
1732 4412 1812 4481 inde
1837 4419 1909 4481 tres
1932 4415 2060 4502 sortis,
2084 4420 2118 4482 et
2142 4415 2211 4504 ipsi
2236 4424 2411 4489 meteret

566 4573 639 4639 filio
665 4578 701 4638 et
728 4591 848 4637 eorum
872 4571 993 4638 eredes
1016 4572 1181 4655 quartam
1205 4570 1356 4654 partom;
1382 4567 1469 4633 etsi
1494 4566 1605 4634 alium
1629 4566 1799 4633 molinum
1825 4567 1955 4636 ibidem
1980 4571 2114 4638 sactum
2139 4571 2248 4639 fuerit
2273 4573 2313 4640 in
2338 4575 2414 4663 ipsa

568 4731 675 4794 rebus
699 4728 839 4794 illorum
865 4743 1069 4810 commune,
1093 4722 1326 4791 communiter
1359 4721 1458 4788 illum
1487 4723 1580 4790 inter
1603 4742 1640 4790 se
1665 4725 1822 4792 facerent
1844 4730 1879 4792 et
1902 4728 2050 4795 aberent
2074 4727 2148 4814 ipse
2174 4729 2350 4798 madelmo
2374 4693 2409 4802 et

569 4902 650 4950 suos
674 4883 796 4950 eredes
820 4885 892 4948 tres
916 4882 1040 4965 sortiS,
1064 4885 1099 4946 et
1125 4877 1190 4964 ipsi
1225 4881 1336 4944 mater
1360 4881 1395 4944 et
1418 4875 1492 4942 filio
1515 4879 1549 4944 et
1574 4877 1713 4943 illorum
1738 4879 1860 4946 eredes
1894 4885 2062 4965 quartam
2094 4887 2233 4968 partem
2258 4884 2411 4971 perillo

569 5039 735 5126 hordine,
759 5038 851 5104 sicut
874 5041 910 5105 et
933 5035 1176 5121 supradictum
1200 5033 1314 5101 alium
1339 5032 1511 5099 molinum
1534 5033 1692 5099 diximus
1716 5035 1835 5119 abere;
1851 5038 1887 5101 et
1904 5032 1972 5119 ipsi
1997 5041 2114 5104 mater
2137 5043 2173 5106 et
2190 5039 2264 5108 filio
2286 5043 2417 5109 condr-

568 5197 757 5264 maberunt
781 5197 816 5260 et
839 5193 1065 5260 tradiderunt
1087 5189 1199 5277 ipsius
1223 5186 1390 5256 madelmi
1415 5185 1581 5255 sortiouis
1606 5205 1667 5253 sue
1692 5187 1734 5255 de
1758 5192 1857 5256 terra
1881 5208 1963 5256 cum
1993 5189 2099 5260 binea
2123 5194 2185 5278 qui
2209 5195 2346 5262 dicitur
2374 5197 2417 5264 ad

566 5351 633 5414 sub
657 5353 789 5434 monte,
814 5347 904 5434 quod
929 5347 1002 5433 ipse
1026 5343 1121 5430 sergi
1146 5349 1181 5412 et
1204 5343 1377 5412 madelmo
1400 5347 1485 5411 ante
1501 5359 1538 5406 os
1554 5357 1665 5408 annos
1690 5341 1734 5408 ad
1757 5345 2019 5427 pastenandum
2044 5346 2218 5416 dederunt
2242 5369 2324 5416 cum
2343 5349 2421 5416 riso

610 5819 632 5900 ⁴)
648 5825 723 5880 ante
745 5837 777 5881 os
799 5819 934 5902 (annos).
