5376 7104
643 498 714 575 oro
1279 501 1454 576 couux
1492 499 1786 604 ouvnusrs,

599 723 763 796 homines
786 725 953 814 omnique
975 727 1152 815 partibus
1178 731 1215 796 et
1237 745 1309 795 non
1333 727 1417 796 illut
1438 728 1493 797 vel
1516 727 1646 796 exinde
1670 727 1769 795 vobis
1786 726 1911 794 tollere
1928 729 1991 795 aut
2005 728 2172 794 contrane
2188 744 2392 818 queramus3
2408 733 2441 800 et

594 877 737 964 quando
762 878 949 948 volueritis
972 899 1034 967 per
1058 897 1120 946 vos
1146 878 1232 968 ipsis
1255 879 1338 949 inde
1360 885 1444 950 exet
1467 885 1630 952 auctores
1653 886 1689 950 et
1718 881 1942 966 defensores,
1974 879 2052 948 vice
2083 884 2207 950 nostra
2237 885 2439 968 potestatem

594 1034 747 1122 abeatis,
773 1033 929 1122 qualiter
951 1033 1148 1123 bolueritis,
1178 1055 1258 1104 oum
1282 1035 1400 1103 omnis
1423 1037 1602 1107 rationem
1624 1053 1732 1123 quam
1756 1035 1839 1104 inde
1863 1031 2053 1120 abueritis;
2077 1037 2113 1102 et
2136 1034 2168 1103 si
2191 1033 2326 1123 taliter,
2350 1035 2440 1106 sicut

593 1185 732 1254 dictum
756 1191 824 1272 est,
850 1185 933 1256 illut
957 1189 1057 1258 vobis
1080 1205 1152 1256 non
1176 1186 1493 1274 defensaverimus,
1511 1191 1546 1255 et
1562 1186 1690 1273 aliquit
1712 1185 1756 1253 de
1778 1185 1901 1254 omnia
1915 1184 2162 1271 suprascripta
2186 1201 2364 1254 removere
2380 1191 2441 1255 aut

594 1345 760 1408 contrare
785 1339 1040 1427 quesierimus,
1063 1358 1128 1409 seu
1152 1340 1184 1408 si
1201 1335 1444 1428 quodcumque
1460 1341 1684 1410 causationes
1700 1339 1784 1408 inde
1799 1340 1898 1408 vobis
1914 1339 2213 1426 proposuerimus,
2240 1355 2442 1426 componere

594 1491 834 1579 obligavimus
858 1510 924 1561 nos
945 1498 982 1561 et
1005 1499 1147 1562 nostros
1163 1493 1284 1562 eredes
1299 1494 1399 1561 vobis
1415 1491 1614 1578 vestrisque
1630 1490 1795 1558 eredibus
1810 1489 1932 1558 decem
1956 1489 2039 1559 auri
2055 1489 2186 1558 solidos
2201 1491 2444 1560 constantinus

595 1648 646 1730 et,
671 1643 766 1712 sicut
788 1645 955 1730 superius
979 1641 1137 1731 legitur,
1161 1645 1260 1712 vobis
1283 1643 1553 1732 adimpleamus.
1580 1645 1624 1712 Et
1645 1643 1769 1712 taliter
1800 1642 1955 1713 scribere
1987 1643 2192 1731 rogavimus
2222 1643 2258 1708 to
2282 1638 2443 1725 superius

593 1795 779 1864 dauferius
803 1796 979 1880 notarius,
1004 1800 1125 1866 actum
1150 1796 1303 1863 salerno.

1371 2280 1654 2364 DCXCIX.

1370 2513 1426 2588 A.
1454 2509 1504 2588 D.
1533 2507 1656 2591 101⁷.

637 2685 739 2826 †ln
763 2735 907 2805 nomine
929 2737 1064 2805 domini
1089 2737 1270 2806 tricesimo
1294 2755 1390 2806 anno
1414 2738 1637 2826 principatus
1666 2739 1786 2810 domni
1819 2739 1964 2810 landold
1994 2735 2171 2825 gloriosus
2198 2733 2378 2820 princeps,
2403 2733 2437 2797 et

593 2895 685 2959 sesto
707 2909 804 2959 anno
826 2893 1051 2979 principatus
1073 2891 1194 2960 domni
1218 2891 1361 2978 paldoltl
1390 2891 1456 2958 filii
1480 2889 1578 2979 eius,
1605 2909 1726 2960 mense
1756 2892 1901 2978 aprilis,
1933 2888 2204 2976 quintadecima
2230 2885 2442 2952 indictione.

592 3045 761 3131 Ydeoque
793 3061 859 3132 ego
883 3051 1006 3132 petrus
1027 3045 1125 3112 filius
1148 3044 1324 3132 quoddam
1348 3045 1465 3131 petri,
1490 3063 1531 3112 eo
1555 3045 1649 3131 quod
1672 3047 1757 3112 ante
1781 3041 1963 3110 maraldus
1987 3039 2140 3108 iudicem
2170 3045 2206 3106 et
2235 3038 2322 3106 aliis
2352 3035 2446 3102 nobi·

590 3199 722 3266 liorum
745 3199 1025 3283 subscriptorum
1049 3197 1196 3266 testium
1219 3197 1362 3265 declaro
1385 3216 1440 3265 me
1465 3201 1572 3267 abore
1596 3199 1702 3264 rebus
1726 3197 1765 3264 in
1789 3196 1864 3263 loco
1888 3197 2000 3263 bauco
2024 3202 2060 3262 et
2084 3213 2147 3280 per
2171 3192 2246 3262 alia
2271 3189 2442 3278 singuula

589 3350 667 3418 loca
691 3349 884 3418 infinibus
908 3355 944 3418 et
968 3352 1198 3436 pertinentiis
1222 3352 1264 3419 de
1290 3351 1503 3420 comitatum
1526 3350 1569 3418 de
1595 3351 1764 3436 abellino,
1790 3353 1826 3416 et
1851 3369 1936 3418 casa
1962 3348 2061 3416 intus
2085 3349 2270 3416 cibitatem
2297 3347 2341 3414 de
2364 3365 2440 3432 pre·

590 3500 685 3568 dicto
700 3501 870 3589 abellino,
886 3502 1124 3588 pertinentem
1150 3503 1259 3571 michi
1284 3504 1330 3573 da
1354 3508 1430 3572 risu
1454 3504 1529 3572 filio
1554 3505 1702 3573 roderisi
1720 3509 1756 3572 et
1770 3523 1832 3591 per
1849 3504 2042 3588 monimen,
2068 3507 2104 3570 et
2120 3519 2320 3588 congruum
2335 3499 2438 3566 michi

589 3659 643 3722 est
667 3653 750 3722 illut
773 3654 908 3724 donare
932 3657 1025 3724 mari
1050 3657 1124 3723 tllio
1139 3658 1303 3726 iohanni.
1322 3658 1544 3744 Quapropter
1561 3675 1628 3744 ego
1642 3656 1705 3743 qui
1721 3675 1831 3743 supra
1849 3659 1985 3741 petrus,
2002 3655 2097 3722 sicut
2114 3652 2223 3720 michi
2240 3669 2438 3739 congruum

588 3807 656 3891 est,
681 3806 772 3876 bona
799 3805 931 3874 etenim
955 3826 1034 3876 mea
1059 3807 1278 3876 boluntatem
1302 3812 1339 3875 et
1363 3827 1425 3894 per
1449 3807 1572 3876 eadem
1596 3759 1776 3874 cartulam
1800 3805 1893 3872 dono
1917 3801 1985 3870 tibi
2009 3804 2104 3871 mari
2131 3803 2206 3869 tilio
2223 3802 2373 3872 iohanni
2390 3805 2441 3870 in-

588 3961 728 4044 tegram
753 3957 868 4046 ipsam
893 3961 1091 4047 predictam
1116 3964 1222 4029 rebus
1247 3961 1290 4028 de
1316 3961 1391 4030 loeo
1414 3963 1540 4047 banco,
1564 3979 1674 4047 quam
1697 3957 1799 4026 etde
1822 3956 1905 4025 aliis
1925 3955 2011 4022 locis
2033 3955 2076 4024 de
2095 3958 2263 4025 comitato
2278 3957 2439 4044 abellini,

590 4128 672 4178 cum
695 4111 877 4200 integram
902 4113 980 4201 ipsa
1004 4133 1087 4184 oasa
1112 4114 1155 4183 de
1178 4115 1276 4184 intus
1299 4115 1421 4183 eodem
1445 4116 1594 4183 cibitate
1618 4113 1782 4200 abellini,
1807 4114 1902 4181 sicut
1925 4093 2034 4180 michi
2058 4111 2236 4198 pertinuit
2258 4113 2307 4181 da
2332 4131 2438 4198 supra

587 4267 771 4336 nominato
794 4266 884 4354 risu,
909 4287 990 4335 cum
1014 4268 1194 4355 integram
1220 4268 1298 4354 ipsa
1322 4267 1520 4337 monimina
1543 4264 1606 4353 qui
1630 4266 1673 4332 de
1697 4265 1784 4352 ipsis
1809 4266 1916 4333 rebus
1939 4269 1975 4333 et
1999 4265 2091 4334 casis
2114 4271 2199 4333 sunt
2218 4266 2436 4351 pertinentes

590 4419 707 4505 adque
730 4419 993 4488 continentem:
1018 4425 1160 4490 tantum
1184 4439 1326 4490 reservo
1349 4439 1415 4510 ego
1438 4419 1498 4508 qui
1524 4438 1633 4506 supra
1657 4422 1778 4504 petrus
1801 4417 1846 4486 ad
1871 4435 1987 4485 meam
2018 4421 2227 4504 potestatem
2257 4417 2435 4508 integram

589 4576 756 4659 quartam
780 4578 934 4660 partem,
958 4574 1051 4660 quod
1074 4591 1140 4663 ego
1164 4575 1404 4662 pertinentem
1428 4574 1517 4642 abeo
1541 4574 1579 4640 in
1605 4571 1682 4658 ipsa
1705 4577 1806 4639 curte
1828 4572 1873 4656 ¹de
1889 4571 2048 4660 predicto
2064 4573 2139 4640 loco
2163 4545 2291 4658 bane03
2309 4577 2346 4642 et
2362 4574 2435 4659 ipsa

590 4723 752 4808 predicta
775 4730 875 4793 curte
898 4733 953 4793 est
976 4744 1039 4812 per
1063 4728 1128 4794 hec
1152 4725 1248 4794 finis:
1274 4727 1317 4794 de
1340 4725 1477 4792 duobus
1500 4725 1663 4810 partibus
1695 4723 1766 4790 fine
1790 4724 1895 4790 rebus
1918 4723 2034 4791 sancti
2061 4724 2261 4794 benedicti:
2293 4723 2338 4792 de
2367 4722 2436 4793 alia

590 4879 693 4961 parte
717 4875 787 4943 tine
810 4877 903 4963 quod
926 4882 980 4946 est
1006 4877 1100 4947 inter
1123 4897 1163 4947 cc
1187 4883 1224 4946 et
1247 4879 1353 4946 rebus
1376 4877 1419 4945 de
1443 4877 1565 4945 eredes
1588 4877 1705 4964 genci:
1730 4876 1774 4945 de
1796 4879 1927 4962 quarta
1951 4895 2033 4945 vero
2055 4883 2160 4963 parte
2183 4879 2372 4947 linerebus
2393 4879 2434 4946 de

589 5025 713 5095 eredes
738 5029 830 5097 bassi
858 5036 895 5098 et
918 5031 1019 5100 badit
1045 5030 1082 5098 in
1099 5032 1158 5100 via
1175 5029 1332 5119 puplica,
1351 5036 1386 5098 et
1400 5031 1556 5114 qualiter
1574 5029 1674 5097 vadit
1688 4987 1753 5114 per
1769 5027 1891 5096 eodem
1907 5028 1965 5097 via
1982 5029 2128 5116 puplica
2144 5049 2255 5117 usque
2280 5033 2319 5099 in
2336 5035 2437 5101 rebus

591 5181 710 5250 sancti
737 5181 915 5250 benedicti
939 5184 1077 5268 prioras
1101 5183 1202 5269 flnes3
1220 5183 1316 5250 intra
1333 5183 1400 5249 iste
1415 5181 1621 5268 supradicte
1636 5181 1718 5248 finis
1734 5201 1781 5250 ex
1795 5199 1838 5250 ea
1851 5187 1949 5250 curte
1966 5184 2108 5250 reserbo
2125 5185 2234 5250 michi
2252 5185 2314 5272 qui
2327 5205 2431 5273 supra

587 5335 680 5420 petri
705 5335 742 5402 in
768 5353 853 5420 pars
876 5334 1027 5421 predicti
1054 5335 1172 5403 sancti
1199 5335 1377 5403 benedicti
1401 5338 1507 5403 rebus
1532 5335 1624 5402 idem
1649 5333 1859 5403 monasterii
1882 5335 2064 5422 integram
2101 5343 2270 5423 quartam
2302 5345 2434 5426 partem

586 5485 634 5555 ad
658 5504 774 5556 meam
797 5488 1077 5576 proprietatem;
1103 5509 1187 5560 nam
1211 5491 1286 5577 ipso
1309 5489 1380 5556 alio
1402 5491 1517 5556 totum
1541 5487 1657 5574 adque
1682 5489 1864 5576 integrum
1888 5487 1969 5556 illut
1996 5489 2063 5558 tibi
2087 5489 2260 5578 donabit,
2289 5491 2431 5579 insuper

589 5642 626 5708 et
649 5638 744 5706 dono
766 5638 833 5708 tibi
857 5642 1019 5710 omnibus
1043 5643 1132 5710 meis
1155 5641 1368 5729 mobilibuS,
1393 5641 1485 5728 quod
1508 5639 1608 5708 modo
1631 5641 1718 5709 abeo
1742 5645 1778 5708 et
1802 5641 1894 5727 quod
1918 5641 1957 5709 in
1980 5647 2088 5711 autea
2111 5643 2234 5713 diebus
2266 5646 2338 5714 bite
2361 5661 2432 5713 meo

588 5789 899 5879 qualitercumque
923 5814 1054 5882 parare
1080 5801 1143 5866 aut
1167 5795 1383 5882 conquidere
1406 5799 1567 5883 potuero,
1592 5799 1666 5863 tam
1690 5794 1733 5862 de
1756 5795 1920 5864 mobilem
1944 5815 2051 5882 quam
2075 5802 2112 5866 et
2134 5797 2177 5866 de
2202 5799 2381 5884 stabilem,
2399 5801 2432 5866 et
