5334 7098
622 495 692 562 mo
949 485 952 492 '
1273 499 1443 568 certat
1480 498 1745 568 t:,tt·t:xsts

572 722 784 789 antistemus
808 729 843 791 et
866 723 1087 792 defensemus
1111 727 1156 792 ab
1180 722 1346 792 omnibus
1369 723 1548 790 ominibus
1571 725 1617 790 ab
1640 721 1874 808 omnibusque
1899 718 2061 808 partibus
2084 715 2280 786 secundum
2304 715 2417 803 legem

571 875 896 962 langnobardorum
919 893 982 962 per
1005 876 1211 962 supradicta
1238 896 1331 964 pena
1354 876 1534 964 obligata,
1558 881 1594 944 et
1617 875 1760 945 faciatis
1788 881 1827 943 tu
1860 873 2087 961 tupradictus
2119 876 2241 960 petrus
2272 873 2308 938 et
2339 875 2415 940 tuos

570 1030 692 1098 eredes
715 1029 758 1096 de
781 1028 939 1116 predicta
963 1048 1048 1097 casa
1071 1047 1133 1116 per
1158 1029 1324 1098 iamdicto
1347 1028 1430 1096 finis
1454 1029 1588 1114 omnia,
1605 1029 1776 1115 quomodo
1792 1035 1827 1098 61
1842 1029 1998 1116 qualiter
2023 1025 2225 1110 volueritis,
2243 1026 2321 1092 sine
2338 1041 2421 1089 con-

570 1181 781 1250 tradictione
805 1199 884 1248 mea
908 1181 1026 1248 mauri
1043 1184 1079 1248 et
1095 1181 1137 1248 de
1161 1179 1249 1248 meis
1271 1179 1434 1248 eredibus
1457 1199 1519 1266 per
1543 1181 1748 1266 supradicta
1772 1200 1865 1267 pena
1888 1180 2059 1268 obligata.
2087 1183 2323 1247 veruntamen
2340 1176 2416 1261 ipsa

570 1354 677 1419 rasa,
702 1339 741 1402 ut
765 1333 941 1418 diximus,
970 1350 1046 1399 esse
1070 1331 1209 1398 videtur
1239 1331 1334 1400 intra
1357 1351 1396 1398 ec
1421 1333 1502 1399 linis
1526 1342 1561 1399 61
1586 1334 1786 1400 mensurio:
1813 1335 1858 1404 da
1880 1338 1981 1422 parte
2004 1335 2047 1401 de
2072 1334 2150 1420 ipsa
2181 1331 2302 1419 platea
2334 1337 2416 1394 sunt

570 1488 676 1574 pedes
699 1490 796 1572 septe
820 1484 1002 1552 sommisse
1026 1503 1116 1571 une,
1139 1488 1174 1552 et
1197 1484 1242 1554 ds
1265 1488 1368 1572 parte
1391 1485 1436 1554 da
1461 1486 1539 1571 ipsa
1565 1487 1782 1555 trasendella
1814 1491 1898 1554 sunt
1929 1487 2035 1574 pedes
2059 1489 2156 1572 septe
2179 1485 2308 1572 planta
2333 1501 2417 1568 una,

572 1645 607 1708 61
631 1638 716 1707 talis
738 1643 793 1705 est
816 1639 890 1723 ipse
914 1635 1030 1722 pedeS,
1054 1639 1228 1720 quantum
1252 1635 1322 1702 ista
1345 1635 1488 1706 cartula
1512 1638 1549 1704 in
1573 1641 1689 1724 capite
1713 1641 1795 1707 abet
1820 1638 1971 1707 latitudo
1988 1640 2025 1722 ¹).
2052 1638 2148 1715 Quod
2172 1643 2207 1706 te
2232 1637 2418 1722 iaquintus

572 1794 811 1861 subdiaconus
834 1797 869 1860 et
892 1791 1055 1859 notarius
1079 1789 1232 1858 scribere
1257 1793 1397 1877 rogabit
1422 1794 1459 1859 in
1483 1796 1639 1862 abellino
1664 1816 1781 1866 mense
1806 1803 1841 1868 et
1865 1797 2060 1866 indictione
2084 1798 2248 1866 feliciter.

620 1917 651 2031 †
677 1964 742 2030 ego
766 1943 986 2012 berenardus
2070 1908 2074 1915 ¹

615 2073 646 2187 †
671 2117 737 2185 ego
761 2099 915 2167 danseri.

1385 2646 1617 2728 DCLIV.

1363 2914 1416 2988 A.
1446 2909 1496 2987 D.
1526 2908 1649 2988 1012.

622 3152 658 3291 †
683 3204 722 3267 ln
747 3204 888 3268 nomine
913 3203 1046 3268 domini
1073 3201 1237 3268 uicesimo
1261 3207 1388 3286 quarto
1413 3217 1507 3270 anuo
1532 3203 1756 3289 principatus
1780 3205 1900 3272 tltunni
1934 3209 2045 3274 nostri
2078 3209 2244 3278 waimari
2276 3213 2425 3298 gloriosi

577 3357 764 3443 principis
790 3373 909 3422 mense
934 3353 1079 3439 apreliS,
1108 3353 1245 3420 decima
1269 3353 1476 3422 indictione.
1497 3357 1783 3426 ltomoratorium
1802 3360 1898 3428 factu
1915 3381 1937 3428 a
1954 3379 2017 3428 nos
2035 3360 2220 3448 iaquintus
2236 3369 2272 3434 et
2288 3385 2422 3452 genens

578 3509 766 3598 presbiter,
792 3509 955 3594 germani
979 3507 1045 3574 11111
1062 3507 1239 3592 quondam
1256 3501 1361 3593 petri,
1384 3511 1532 3595 eoquod
1556 3518 1640 3580 ante
1665 3514 1846 3598 presentia
1869 3515 1989 3580 domni
2015 3515 2145 3582 maioni
2171 3521 2362 3604 presbiteri
2388 3531 2422 3588 et

578 3667 699 3734 abbati
717 3664 889 3732 hecclesie
912 3663 1027 3730 sancti
1055 3663 1223 3766 matrimi,
1249 3661 1397 3748 hibique
1421 3668 1624 3732 astantibus
1647 3667 1837 3754 subscripti
1864 3669 2055 3755 nobilibus,
2081 3689 2143 3755 per
2169 3691 2259 3740 vona
2285 3677 2424 3742 combe-

580 3820 720 3891 nientia
744 3839 806 3905 por
830 3819 1101 3888 demandatione
1125 3820 1237 3904 ipsius
1260 3819 1380 3885 abbati
1405 3818 1632 3886 tradiderunt
1657 3822 1756 3886 nobis
1781 3821 1967 3889 tiiderisus
1990 3823 2163 3908 presbiter
2187 3833 2223 3893 et
2246 3828 2428 3896 maraldus

580 3972 765 4058 diaconus,
790 3991 862 4040 una
878 3992 958 4038 cum
972 3972 1166 4038 roderisius
1182 3971 1344 4038 notarius
1361 3972 1550 4038 adbocator
1567 3971 1722 4039 eiusdem
1740 3974 1924 4058 hecclesie,
1941 3975 1983 4042 de
2001 3979 2106 4042 rebus
2122 3978 2236 4064 ipsius
2251 3982 2425 4049 hecclesie

580 4128 816 4211 pertinentem,
833 4143 900 4209 que
917 4129 970 4190 est
987 4129 1085 4192 terra
1101 4143 1179 4190 cum
1196 4125 1352 4192 arbustis
1377 4123 1499 4190 vitatis
1516 4124 1553 4190 in
1570 4123 1684 4189 locum
1701 4144 1790 4208 aptus
1807 4129 1938 4210 monte,
1964 4126 2049 4194 hubi
2073 4129 2231 4198 cirasulu
2255 4137 2290 4198 61
2317 4135 2425 4202 etiam

581 4281 699 4349 tisanu
731 4281 928 4365 clamatur,
959 4277 1051 4363 quod
1083 4277 1150 4363 ipsi
1175 4277 1329 4344 triderisi
1364 4281 1398 4345 et
1423 4279 1605 4346 maraldus
1630 4279 1665 4344 in
1691 4279 1901 4346 veneficium
1926 4279 2101 4370 retinent;
2125 4289 2178 4352 est
2200 4287 2296 4352 enim
2324 4292 2428 4357 rebus

580 4435 660 4518 ipsa
684 4435 870 4500 intrabas
894 4433 982 4499 lines
1007 4437 1042 4498 ct
1066 4447 1262 4500 mensuras:
1288 4451 1310 4499 a
1333 4449 1417 4516 pars
1441 4432 1633 4499 occidentis
1656 4434 1726 4500 tine
1750 4434 1809 4502 via
1832 4435 1988 4520 publica,
2013 4442 2097 4506 sunt
2121 4438 2203 4507 inde
2226 4441 2323 4525 passi
2342 4464 2427 4530 qus-

579 4588 751 4674 dtaginta
776 4588 964 4673 rpuadtuor:
991 4608 1012 4656 a
1036 4606 1119 4673 pars
1144 4585 1291 4654 meridie
1315 4585 1385 4652 fine
1409 4585 1565 4672 predicte
1591 4587 1786 4675 hecclesie,
1810 4588 1902 4654 sicut
1925 4591 1984 4656 via
2007 4591 2208 4680 disscernit,
2233 4595 2317 4663 inde
2343 4605 2424 4665 sunt

583 4743 678 4826 passi
704 4741 967 4826 quinquaginta
991 4759 1067 4826 sex3
1092 4745 1127 4806 61
1153 4738 1355 4806 rebolbeule
1381 4759 1443 4825 per
1467 4741 1615 4808 eandem
1640 4741 1746 4809 linem
1764 4743 1801 4808 in
1818 4761 1901 4828 pars
1919 4746 2067 4814 meridie
2083 4749 2178 4834 passi
2194 4755 2347 4837 septem;
2365 4753 2428 4820 ite-

582 4912 663 4960 rum
687 4894 891 4960 rebolbente
914 4913 977 4979 per
1002 4893 1072 4961 fine
1097 4895 1207 4979 ipsius
1230 4893 1401 4960 hecclesie
1426 4894 1464 4959 in
1490 4899 1592 4980 parte
1615 4895 1763 4963 orientis
1788 4896 1881 4982 passi
1900 4896 2032 4985 biginti
2049 4917 2125 4987 sex;
2142 4906 2177 4970 61
2193 4923 2258 4988 per
2275 4907 2424 4974 eandem

583 5049 655 5114 tine
680 5047 883 5114 rebolbeule
908 5049 946 5114 in
970 5067 1055 5136 pars
1079 5047 1343 5134 septemtrionis
1366 5048 1460 5132 passi
1487 5048 1791 5136 quadtuordecim3
1816 5054 2005 5120 etiterum
2032 5055 2237 5126 rebolbeule
2261 5078 2325 5145 per
2349 5063 2424 5147 ipsa

580 5205 651 5272 fine
676 5203 714 5270 in
738 5223 823 5290 pars
845 5204 994 5271 orientis
1018 5202 1112 5289 passi
1137 5203 1406 5289 quinquaginta
1430 5203 1618 5288 quadtnor:
1645 5225 1667 5272 a
1691 5223 1774 5290 pars
1798 5205 1947 5274 orientis
1971 5209 2039 5276 tine
2070 5211 2239 5281 similiter
2272 5214 2428 5285 eiusdem

580 5359 765 5446 hecclesie,
797 5360 889 5428 sicut
918 5367 953 5427 61
981 5359 1147 5428 indeuia
1171 5358 1373 5446 disscernit,
1398 5365 1433 5426 61
1459 5361 1539 5426 indo
1564 5370 1647 5428 sunt
1670 5364 1763 5446 passi
1789 5366 1983 5448 sexaginta
2006 5371 2094 5436 octo:
2121 5389 2143 5437 a
2167 5390 2249 5456 pars
2275 5381 2422 5460 septem-

584 5615 678 5624 ·-·—·-—-
687 5614 796 5624 .....-.....-..
805 5618 878 5624 ..-...
885 5617 934 5623 ...-
966 5617 976 5623 .
984 5617 1023 5624 ..-

624 5795 644 5872 1)
669 5793 818 5854 Latitudo
842 5795 941 5854 liuius
966 5797 1098 5855 elmi-tec
1124 5800 1250 5854 constat
1275 5793 1409 5868 triginta
1434 5799 1462 5852 ot
1488 5801 1628 5868 quntum·
1652 5795 1874 5856 coutimetris,
