5334 7098
605 508 674 578 lon
1251 501 1425 578 CODEX
1451 501 1716 576 CAVENSIS

546 746 594 798 ne
618 729 750 800 ibidem
774 730 991 818 faciendum,
1017 735 1054 798 et
1078 733 1192 798 totum
1215 727 1308 814 illut,
1333 730 1510 814 quantum
1524 733 1579 797 est
1596 729 1673 814 ipsa
1688 724 1860 794 medietas
1881 723 2012 793 exinde
2036 726 2133 796 infra
2157 732 2392 820 suprascripte

547 883 633 952 finis
656 888 692 953 et
714 884 919 970 mensuriis,
943 888 1133 972 pastenare
1156 881 1263 952 vinea
1287 882 1330 951 de
1354 883 1445 948 bono
1467 855 1615 964 bitine0,
1640 883 1676 947 et
1691 878 1814 965 pomis,
1836 881 1871 945 et
1892 877 2112 966 cannietum,
2134 884 2170 948 et
2193 880 2393 972 salicetum,

544 1039 581 1105 et
604 1034 787 1103 circoitum
812 1035 901 1102 illud
924 1034 1067 1103 cludere
1090 1051 1234 1119 vonum,
1258 1032 1351 1100 sicut
1374 1031 1560 1116 meruerit,
1585 1034 1621 1097 et
1644 1027 1784 1096 clusum
1809 1028 1899 1095 illut.
1915 1031 2047 1096 abeant
2070 1031 2213 1115 amod03
2232 1035 2269 1099 et
2284 1052 2395 1119 quan-

546 1187 623 1251 tum
647 1184 771 1252 vinum
794 1187 829 1252 et
851 1184 1012 1271 frugium
1035 1183 1117 1252 inde
1140 1181 1272 1252 exierit
1294 1180 1418 1250 amodo
1441 1184 1477 1247 et
1501 1195 1612 1265 usque
1637 1177 1795 1264 quinque
1811 1179 1900 1244 anni
1916 1179 2094 1265 completi,
2112 1183 2225 1247 totum
2242 1199 2303 1248 sue
2318 1183 2389 1250 sint

545 1332 725 1420 potestati.
751 1333 805 1400 Ad
828 1333 895 1420 ipsi
921 1333 1077 1420 quinque
1101 1333 1187 1402 anni
1213 1330 1379 1418 completi
1403 1332 1535 1400 abeant
1559 1329 1597 1395 in
1621 1331 1733 1395 totam
1757 1327 1833 1413 ipsa
1857 1326 2045 1395 medietate
2069 1328 2112 1396 de
2128 1331 2241 1397 omnis
2265 1349 2387 1418 supra-

545 1484 680 1570 scripta
703 1487 810 1554 rebus
833 1487 940 1554 vinea
963 1486 1006 1553 de
1031 1487 1121 1578 bono
1144 1483 1299 1570 bitine0,
1330 1487 1366 1550 et
1388 1483 1500 1570 pomis
1513 1531 1523 1568 ,
1547 1485 1583 1548 et
1607 1481 1833 1566 oannietum,
1858 1485 1893 1548 et
1916 1480 2101 1549 salicetum
2132 1499 2289 1569 vonum,
2321 1503 2395 1552 sur-

544 1639 623 1705 tum
647 1641 684 1704 et
707 1637 893 1725 cultatum,
920 1640 956 1705 et
979 1637 1180 1706 laboratum
1202 1641 1238 1704 et
1260 1634 1411 1724 clusum,
1436 1635 1529 1704 siout
1551 1633 1594 1702 de
1618 1638 1736 1702 tantos
1760 1649 1873 1701 annos
1897 1633 2080 1718 meruerit,
2106 1641 2146 1701 ut
2169 1635 2257 1702 bene
2274 1643 2396 1721 pareat

546 1790 692 1856 iactum.
719 1789 763 1856 Et
787 1787 917 1858 abinde
941 1789 1110 1856 inantea
1134 1805 1246 1872 usque
1268 1786 1433 1872 complcti
1457 1786 1520 1855 alii
1547 1787 1705 1874 quinque
1730 1789 1833 1872 anni,
1851 1791 1891 1854 ut
1914 1787 2038 1854 amodo
2063 1803 2100 1852 se
2117 1786 2319 1872 compleant
2340 1790 2396 1857 de-

545 1958 624 2008 cem
648 1941 749 2028 anni,
774 1941 980 2010 annualiter
1003 1958 1066 2008 suo
1091 1943 1248 2025 tempore
1271 1943 1347 2008 tota
1372 1944 1449 2032 ipsa
1474 1942 1581 2012 vinea
1604 1943 1647 2010 de
1671 1960 1778 2028 super
1801 1945 1837 2008 et
1861 1940 1904 2007 de
1929 1942 2049 2006 subter
2074 1939 2251 2024 laborare,
2267 1945 2304 2007 et
2319 1942 2395 2006 cul·

547 2096 638 2178 tare,
662 2097 697 2162 et
720 2095 974 2182 propaginare,
997 2099 1033 2163 et
1056 2093 1197 2162 cludere
1221 2112 1364 2180 vonum,
1389 2095 1482 2164 sicut
1504 2099 1690 2183 meruerit,
1715 2101 1751 2164 et
1774 2095 1827 2162 sic
1850 2106 2075 2180 perannum
2101 2098 2212 2161 totum
2238 2093 2322 2162 illut
2345 2096 2393 2164 la-

544 2247 672 2316 berane
696 2255 732 2316 et
755 2249 904 2336 cultare,
928 2254 1104 2335 quatenus
1128 2251 1317 2335 proficiant
1340 2256 1376 2319 et
1398 2269 1469 2318 non
1494 2251 1712 2336 dispereant,
1738 2254 1774 2317 et
1788 2267 1877 2316 cura
1893 2251 1930 2316 et
1945 2246 2156 2335 vigilatione
2174 2248 2256 2316 inde
2273 2251 2390 2336 abere,

543 2401 580 2465 et
602 2399 743 2467 salbum
766 2399 853 2466 illud
877 2400 1026 2484 faciant;
1050 2403 1087 2466 et
1110 2417 1172 2486 per
1195 2402 1351 2486 tempore
1367 2401 1410 2468 de
1427 2401 1603 2470 bindemie
1627 2403 1762 2472 saciant
1785 2419 1840 2468 me
1864 2401 1920 2469 vel
1945 2418 2039 2466 meos
2062 2399 2208 2467 heredes
2224 2400 2330 2486 scire,
2351 2406 2389 2468 ut

540 2550 689 2617 missum
713 2555 874 2618 nostrum
897 2551 983 2618 illuc
1006 2550 1219 2638 dirigamus,
1242 2557 1278 2620 et
1301 2553 1373 2620 illis
1396 2556 1502 2622 vinea
1525 2555 1603 2640 ipsa
1627 2570 1690 2619 suo
1712 2558 1868 2638 tempore
1884 2549 2118 2636 vindemiare,
2134 2555 2170 2619 et
2185 2569 2291 2637 poma
2308 2551 2387 2620 inde

543 2700 724 2789 colligere,
747 2707 783 2771 et
806 2703 920 2769 omnis
943 2703 1067 2769 vinum
1091 2703 1221 2771 exinde
1245 2704 1365 2790 ibique
1388 2705 1433 2774 ad
1458 2705 1678 2790 pulmentum
1708 2711 1743 2773 et
1766 2705 1844 2792 ipsa
1867 2721 1969 2790 poma
1994 2703 2116 2789 ibique
2141 2705 2235 2770 inter
2260 2721 2326 2770 nos
2341 2705 2393 2772 di·

543 2854 708 2923 bidamus
730 2875 792 2942 per
816 2856 1059 2924 medietatem:
1087 2875 1150 2924 nos
1174 2858 1341 2926 tollamus
1365 2857 1445 2926 illut
1468 2859 1707 2944 medietatem,
1731 2863 1767 2925 et
1790 2856 1862 2922 illis
1893 2856 2139 2940 medietatem3
2165 2861 2200 2924 et
2224 2859 2303 2944 ipsa
2329 2877 2391 2924 no-

540 3009 617 3075 stra
642 3005 831 3076 medietate
854 3007 896 3075 de
921 3007 996 3094 ipso
1020 3011 1147 3076 vinum
1171 3009 1377 3079 annualiter
1402 3010 1520 3095 ibique
1545 3011 1584 3076 in
1608 3009 1708 3075 domo
1731 3027 1797 3075 sua
1828 3024 1998 3092 reponere
2032 3005 2069 3073 in
2092 3025 2271 3095 organea,
2297 3009 2389 3095 quod

542 3173 606 3224 nos
630 3157 749 3244 ibique
772 3177 895 3227 eorum
919 3159 1119 3228 dederimus
1142 3179 1204 3246 per
1229 3159 1300 3227 illis
1324 3178 1414 3228 vona
1438 3161 1614 3246 conciata,
1639 3162 1733 3227 sicut
1756 3158 1939 3246 meruerit,
1956 3163 1991 3227 et
2009 3159 2084 3246 ipso
2109 3159 2230 3227 vinum
2254 3161 2394 3230 saciant

544 3308 696 3396 salbum,
720 3311 805 3378 dum
828 3330 893 3379 nos
917 3310 1112 3380 illud-inde
1135 3311 1339 3397 tulerimus,
1365 3315 1499 3396 absque
1522 3312 1796 3400 degeneratione
1825 3313 1862 3378 et
1886 3311 2017 3397 ingne:
2046 3311 2195 3380 missum
2220 3317 2397 3399 nostrum,

542 3461 637 3546 quod
660 3481 723 3548 per
747 3480 883 3531 annum
908 3463 1038 3531 ibidem
1061 3464 1322 3552 direxerimus,
1352 3465 1435 3532 dum
1465 3484 1529 3552 pro
1562 3467 1636 3552 ipse
1667 3465 1844 3533 vindemie
1870 3463 2000 3532 ibidem
2025 3465 2186 3550 steterit,
2209 3463 2283 3530 illis
2315 3483 2396 3532 eum

546 3617 682 3683 notrire
707 3617 898 3685 secundum
922 3635 987 3686 sua
1009 3617 1292 3704 possibilitatem.
1328 3618 1382 3685 Ad
1412 3617 1577 3705 completi
1607 3636 1689 3686 vero
1719 3617 1787 3703 ipsi
1819 3617 1936 3684 decern
1971 3617 2057 3684 anni
2084 3619 2217 3686 abeant
2246 3618 2287 3686 in
2322 3623 2394 3686 tota

550 3768 628 3854 ipsa
650 3769 853 3854 medietate,
877 3769 969 3855 quod
984 3768 1018 3838 ei
1034 3765 1259 3854 tradidimus,
1285 3771 1390 3839 vinea
1412 3769 1454 3838 de
1479 3772 1568 3837 bono
1592 3770 1740 3858 bitineo,
1764 3775 1800 3838 et
1822 3771 1947 3856 pomis,
1972 3774 2008 3837 et
2031 3741 2252 3856 banniarum,
2279 3775 2316 3839 et
2339 3789 2396 3840 sa-

547 3918 713 4007 licetum,
737 3927 850 3990 totum
874 3941 1003 3990 vonum
1027 3927 1165 3991 sontum
1189 3927 1224 3992 et
1246 3922 1441 4010 cultatum,
1464 3927 1500 3990 et
1522 3927 1730 4009 operatum,
1755 3924 1791 3988 et
1815 3921 2033 4008 laboratum,
2058 3927 2093 3989 et
2117 3922 2277 4008 clusum,
2301 3923 2393 3990 sicut

539 4073 582 4140 de
606 4079 727 4142 tantos
750 4093 864 4144 annos
886 4079 922 4145 et
946 4077 1042 4142 locus
1066 4074 1141 4161 ipse
1165 4077 1351 4167 meruerit,
1376 4079 1416 4143 ut
1440 4093 1530 4143 vene
1553 4079 1679 4162 pareat
1700 4075 1856 4158 sactum3
1881 4078 1917 4141 et
1941 4073 2071 4142 abinde
2101 4075 2141 4141 in
2165 4081 2274 4144 antea
2298 4077 2397 4144 omni

539 4231 698 4314 tempore
722 4223 928 4295 annualiter
952 4243 1013 4293 suo
1037 4230 1195 4313 tempore
1217 4229 1329 4294 totum
1353 4226 1434 4294 illut
1457 4227 1500 4295 de
1523 4245 1629 4314 super
1653 4231 1689 4298 et
1711 4229 1754 4296 de
1778 4230 1902 4296 subter
1927 4227 2088 4297 laborare
2112 4232 2148 4295 et
2171 4227 2331 4314 culture,
2357 4233 2393 4296 et

542 4380 603 4447 ubi
628 4379 815 4465 meruerit,
839 4382 953 4447 totum
976 4379 1058 4446 illut
1081 4379 1322 4466 propaginare
1347 4383 1502 4466 tempore
1518 4399 1594 4467 suo,
1612 4382 1706 4449 sicut
1722 4383 1907 4468 meruerit,
1926 4387 1960 4450 et
1976 4382 2027 4448 sic
2043 4400 2105 4468 per
2123 4399 2260 4450 annum
2278 4384 2395 4451 totum

538 4528 620 4598 illut
645 4530 809 4599 laborare
833 4534 869 4599 et
890 4531 1040 4616 cultare,
1067 4534 1106 4597 ut
1129 4530 1319 4616 proficiant
1341 4537 1377 4600 et
1400 4550 1479 4598 non
1503 4534 1722 4620 dispereant,
1746 4539 1782 4601 et
1805 4538 1918 4602 totum
1941 4533 2023 4601 illut
2046 4533 2188 4600 cludere
2203 4537 2240 4601 et
2255 4534 2396 4634 clusum
2426 4626 2427 4632 η

541 4681 627 4750 illut
651 4685 783 4752 abeant
806 4700 951 4769 vonum,
977 4683 1070 4750 sicut
1092 4683 1288 4769 meruerit,
1311 4688 1348 4752 et
1370 4685 1509 4754 salbum
1532 4687 1613 4755 illut
1636 4688 1793 4773 saciant,
1822 4693 1858 4757 et
1886 4707 1974 4756 cura
2003 4692 2039 4755 et
2068 4687 2282 4774 bigilatione
2309 4687 2397 4755 inde

544 4836 691 4922 abeant,
715 4841 752 4904 et
775 4855 838 4922 per
861 4854 996 4905 annum
1018 4836 1061 4906 de
1085 4836 1263 4904 bindemie
1287 4837 1423 4906 faciant
1446 4855 1509 4905 nos
1531 4840 1636 4928 seire,
1661 4844 1701 4908 ut
1725 4841 1872 4910 missum
1895 4845 2054 4908 nostrum
2071 4840 2157 4908 illuc
2172 4838 2393 4927 dirigamuS,

538 4993 576 5056 et
601 4989 676 5057 illis
700 5007 763 5057 suo
788 4995 945 5076 tempore
968 4995 1043 5060 tota
1068 4989 1146 5077 ipsa
1169 4991 1275 5061 vinea
1297 4991 1534 5080 vindemiare,
1558 4999 1594 5060 et
1615 4993 1756 5079 quando
1780 4993 1964 5079 meruerit,
1981 5011 2084 5078 poma
2100 4992 2183 5061 inde
2201 4993 2391 5082 colligere,

538 5145 575 5210 et
599 5143 715 5210 omnis
739 5144 864 5211 vinum
889 5143 1018 5212 exinde
1042 5143 1162 5230 ibique
1185 5145 1231 5212 ad
1254 5143 1475 5231 pulmentum
1497 5149 1534 5212 et
1557 5146 1634 5231 ipsa
1658 5164 1774 5232 poma,
1799 5145 1942 5231 quando
1959 5147 2143 5231 meruerit,
2160 5147 2282 5233 ibique
2299 5149 2395 5218 inter

422 5349 423 5352 ,
538 5311 603 5362 nos
627 5295 831 5365 dibidamus
854 5315 917 5384 per
940 5297 1186 5367 medietatem:
1212 5317 1275 5364 nos
1300 5297 1465 5367 tollamus
1489 5297 1577 5365 illud
1600 5297 1839 5383 medietatem,
1862 5297 1984 5364 etillis
2000 5297 2240 5384 medietatem,
2257 5307 2295 5368 et
2313 5303 2394 5389 ipsa

539 5453 663 5518 nostra
687 5450 877 5519 medietate
900 5449 943 5518 de
967 5451 1043 5538 ipso
1065 5449 1189 5517 vinnm
1213 5450 1419 5518 annualiter
1443 5449 1515 5516 illis
1539 5468 1709 5536 reponere
1742 5453 1861 5534 ibique
1886 5451 1924 5516 in
1948 5449 2049 5516 domo
2073 5468 2139 5519 sua
2164 5452 2203 5519 in
2228 5469 2392 5540 organea

535 5607 675 5690 nostra,
699 5605 792 5691 quod
815 5605 934 5692 ibique
958 5621 1079 5672 eorum
1103 5601 1304 5670 dederimus
1326 5621 1389 5689 per
1405 5602 1478 5670 illis
1495 5621 1586 5674 vona
1603 5607 1782 5691 conciam,
1799 5605 1891 5672 sicut
1908 5605 2095 5690 meruerit,
2111 5609 2148 5673 et
2164 5605 2240 5691 ipso
2259 5607 2389 5678 vinum

534 5755 671 5826 faciant
694 5758 846 5844 salbum,
871 5760 908 5826 et
932 5757 1046 5842 ipsum
1071 5761 1231 5824 nostrum
1255 5757 1403 5824 missum
1425 5757 1567 5825 nutrire
1591 5775 1653 5842 per
1684 5773 1840 5842 annum,
1864 5756 1959 5823 sicut
1991 5773 2100 5844 supra
2125 5757 2270 5845 legitur3
2297 5761 2390 5827 etsi
