5310 7080
987 524 1390 597 utrtbtlu'ltcus
2000 524 2066 592 let

261 755 374 841 ipsius
396 752 552 840 gualleri
576 750 725 820 castaldi
749 770 772 820 a
795 753 897 836 parte
920 749 1068 819 orientis
1091 752 1128 816 et
1151 749 1294 819 exiente
1318 765 1428 836 usque
1452 745 1492 814 in
1517 746 1595 834 ipsa
1620 745 1681 815 bia
1697 744 1842 834 puplica
1867 745 2023 833 antiqua
2047 750 2112 832 qui

258 911 310 976 est
325 905 454 992 'priore
477 902 562 991 fine,
577 922 640 990 per
664 903 743 989 ipsa
758 902 830 969 dne
852 901 1084 970 descendente
1107 903 1203 988 passi
1226 903 1429 990 nonaginta
1452 903 1641 989 quadtuor,
1657 904 1769 970 totum
1792 905 2044 969 mensurutum
2062 902 2108 970 ad

259 1060 353 1127 iusto
376 1076 520 1146 passum
544 1057 670 1124 omini.
688 1075 727 1124 ec
744 1073 826 1122 vero
849 1055 955 1122 rebus
976 1072 1040 1140 per
1064 1041 1232 1125 iamdiete
1255 1057 1339 1124 finis
1354 1061 1391 1126 et
1405 1057 1587 1127 mensurio
1602 1059 1678 1126 tota
1693 1061 1729 1123 et
1743 1054 1872 1123 inclita
1887 1075 1969 1123 cum
1986 1053 2112 1123 omnia

260 1212 354 1279 infra
378 1229 415 1278 se
439 1210 643 1296 abentibus,
667 1214 806 1278 etcum
828 1211 906 1276 bioe
930 1208 972 1277 de
996 1209 1053 1276 bie
1077 1228 1153 1297 sue,
1177 1208 1343 1278 inclitum
1366 1207 1448 1276 illut
1470 1208 1573 1274 nobis
1596 1208 1642 1276 ad
1665 1209 1900 1277 laborandum
1933 1211 1969 1276 et
1991 1212 2110 1295 paste-

262 1364 432 1450 nendum,
458 1365 518 1432 ubi
543 1363 731 1449 meruerit,
753 1362 1000 1450 tradiderunt,
1023 1361 1062 1428 in
1085 1360 1151 1430 tali
1176 1361 1315 1447 ordine,
1340 1364 1380 1427 ut
1404 1359 1518 1430 licead
1543 1377 1607 1426 nos
1630 1363 1665 1428 et
1689 1360 1822 1428 nostris
1846 1360 2011 1429 eredibus
2034 1364 2112 1430 tota

259 1521 295 1584 et
321 1516 448 1584 inclita
471 1518 717 1603 suprascripta
746 1515 890 1582 illorum
922 1513 1138 1584 tradictione
1169 1516 1290 1580 nostre
1320 1514 1504 1602 potestatis
1527 1517 1649 1581 tenere
1672 1516 1709 1581 et
1733 1513 1933 1612 dominare,
1956 1520 1992 1583 et
2015 1515 2114 1583 sebee

259 1673 295 1738 et
318 1669 434 1736 omnis
458 1673 582 1738 nostra
605 1669 764 1738 utilitate
790 1667 887 1736 iusta
910 1668 1089 1736 rationem
1112 1667 1247 1736 ibidem
1269 1667 1398 1754 fecere,
1423 1672 1460 1735 et
1483 1666 1617 1735 ibidem
1646 1666 1802 1735 residere
1824 1670 1861 1734 et
1885 1667 2038 1756 abitare,
2061 1679 2114 1754 et,

260 1823 319 1890 ubi
337 1823 525 1908 meruerit,
550 1821 649 1889 intra
672 1824 748 1890 tota
772 1821 981 1907 supradicta
1005 1823 1111 1888 rebus
1133 1823 1277 1888 arbores
1299 1825 1336 1887 et
1357 1821 1449 1923 bites
1472 1823 1713 1906 pastenemus,
1730 1823 1766 1888 et
1781 1839 1845 1907 per
1868 1825 2025 1908 tempore
2041 1826 2115 1891 tota

262 1977 338 2062 ipsa
360 1978 479 2059 rebus,
504 1973 644 2060 quando
667 1973 853 2057 meruerit,
876 1972 920 2039 de
943 1974 1065 2042 subter
1088 1975 1190 2042 etde
1212 1993 1318 2061 super
1343 1974 1546 2043 laboremus
1569 1977 1605 2042 et
1629 1976 1920 2063 propaginemus,
1941 1979 1977 2045 et
2000 1979 2115 2044 totum

260 2125 338 2193 illut
361 2127 559 2212 cludamus,
590 2130 625 2193 et
650 2127 729 2212 ipsa
754 2127 859 2193 rebus
881 2127 1054 2194 cultemus
1077 2131 1192 2194 totum
1215 2130 1359 2216 bonum,
1382 2131 1476 2196 sicut
1499 2128 1596 2197 locus
1620 2129 1696 2215 ipse
1719 2129 1913 2214 meruerit,
1938 2131 2115 2214 quatenus

260 2280 429 2365 proficied
453 2285 489 2346 et
513 2298 585 2346 non
607 2279 814 2368 disperead,
839 2286 874 2349 et
898 2279 1037 2349 salbum
1070 2281 1171 2349 illum
1202 2281 1395 2368 faciamus,
1419 2285 1455 2350 et
1479 2302 1541 2368 per
1566 2285 1723 2368 tempore
1756 2283 1861 2349 rebus
1886 2281 1965 2367 ipsa
1990 2280 2114 2349 binde-

258 2432 420 2520 miemus3
446 2436 482 2500 et
505 2435 711 2504 annualiter
735 2433 910 2502 faciamus
932 2433 1024 2502 scire
1048 2452 1133 2520 pars
1156 2433 1267 2520 ipsius
1284 2434 1444 2522 ecclesie,
1460 2437 1502 2501 ut
1519 2433 1652 2502 ibidem
1668 2433 1811 2521 dirigad
1827 2433 1976 2502 missum
1992 2453 2110 2523 suum,

259 2591 294 2655 et
315 2591 430 2654 totum
454 2588 530 2673 ipso
553 2589 676 2655 binum
700 2585 829 2654 ibidem
853 2585 899 2654 ad
922 2587 1142 2671 palmentum
1157 2594 1193 2656 et
1208 2607 1312 2674 poma
1336 2589 1467 2657 exinde
1489 2608 1552 2676 per
1575 2589 1800 2657 medietatem
1824 2589 1918 2658 inter
1936 2607 2000 2655 nos
2015 2590 2110 2658 dibi-

259 2737 397 2808 damus:
422 2738 571 2807 missum
595 2738 752 2826 predicte
774 2739 922 2807 ecclesie
945 2738 1054 2808 tollad
1078 2738 1159 2808 illut
1182 2741 1430 2828 medietatem,
1453 2744 1490 2809 et
1514 2756 1578 2807 nos
1603 2741 1850 2829 medietatem
1875 2745 1911 2808 et
1932 2747 2008 2810 tota
2031 2744 2109 2829 ipsa

259 2893 417 2960 sortione
449 2893 607 2979 predicte
639 2891 787 2960 ecclesie
810 2892 853 2960 de
876 2893 952 2979 ipso
977 2893 1099 2961 binum
1130 2913 1194 2982 per
1218 2898 1376 2979 tempore
1399 2893 1481 2962 illut
1513 2897 1694 2980 portemus
1718 2893 1763 2961 ad
1786 2894 1973 2964 cellarium
1998 2896 2112 2983 ipsius

259 3047 417 3134 ecclesie,
441 3048 502 3116 ubi
526 3048 661 3116 dicitur
685 3051 730 3117 ad
753 3050 863 3136 periti
890 3051 927 3117 in
951 3052 1076 3138 subto,
1100 3055 1135 3119 et
1158 3053 1345 3119 mittamus
1369 3049 1444 3134 ipso
1469 3049 1594 3118 binum
1618 3065 1681 3133 per
1705 3051 1862 3136 tempore
1885 3047 1925 3115 in
1947 3067 2105 3137 organea

259 3199 368 3284 ipsius
390 3202 562 3288 ecclesie,
593 3207 628 3270 et
651 3203 728 3289 ipso
751 3221 947 3290 organeum
969 3203 1015 3272 da
1038 3202 1113 3289 ipso
1136 3203 1260 3270 binum
1283 3221 1390 3288 quem
1413 3201 1515 3269 nobis
1538 3201 1865 3289 adsingnaberint,
1896 3218 1960 3270 nos
1984 3207 2104 3272 autem

259 3349 356 3419 illum
379 3355 581 3420 conciemus
606 3357 748 3441 bonum,
772 3356 865 3424 sicut
889 3358 1072 3443 meruerit,
1097 3360 1132 3424 et
1155 3356 1198 3424 de
1221 3319 1312 3441 quod
1328 3354 1452 3422 amodo
1475 3358 1511 3421 et
1530 3352 1627 3420 omni
1651 3357 1809 3440 tempore
1831 3355 1870 3420 in
1893 3355 1972 3440 ipsa
1997 3358 2104 3424 rebus

260 3505 574 3594 seminaberimus,
598 3508 720 3576 demus
744 3507 826 3575 inde
849 3509 1055 3578 annualiter
1084 3509 1295 3586 terraticum
1323 3507 1361 3574 in
1390 3525 1475 3593 pars
1498 3505 1609 3591 ipsius
1632 3507 1778 3575 ecclesie
1802 3509 1996 3576 secundum
2019 3526 2103 3576 con·

261 3660 549 3728 suetudinem·de
572 3661 648 3746 ipse
672 3661 801 3746 locum,
825 3664 861 3728 et
884 3680 924 3729 oc
947 3679 1091 3729 annum·
1107 3661 1146 3727 in
1171 3663 1249 3747 ipsa
1272 3663 1378 3728 rebus
1409 3661 1622 3729 fabricemus
1650 3663 1870 3749 palmentum
1894 3665 2046 3747 bonum;
2071 3668 2107 3732 et

145 3905 150 3912 .
262 3811 372 3895 quale
387 3817 544 3898 tempore
567 3830 631 3880 nos
655 3817 690 3881 et
713 3815 844 3881 nostris
867 3813 1031 3882 eredibus
1056 3816 1162 3881 rebus
1185 3816 1263 3900 ipsa
1285 3817 1408 3880 tenere
1424 3815 1460 3882 et
1475 3813 1640 3882 laborare
1664 3831 1736 3880 non
1761 3814 1994 3906 boluerimus,
2018 3819 2106 3883 tunc

263 3962 386 4032 inclita
409 3965 487 4052 ipsa
510 3967 617 4036 rebus
641 3969 734 4035 bona
758 3967 920 4036 laborata
944 3971 979 4035 et
1002 3966 1101 4036 clusa
1124 3965 1348 4035 remittamus
1371 3963 1416 4033 ad
1439 3969 1613 4060 potestate
1637 3965 1750 4050 ipsius
1765 3965 1926 4052 ecclesie,
1942 3971 1978 4034 et
1994 3967 2107 4036 licead

260 4131 321 4184 nos
344 4123 379 4187 et
402 4121 535 4187 nostris
563 4119 727 4188 eredibus
755 4120 839 4188 inde
862 4119 963 4188 exire
986 4139 1067 4186 cum
1090 4121 1204 4187 omnis
1227 4123 1350 4188 nostra
1380 4137 1490 4187 causa
1513 4123 1549 4186 et
1572 4117 1645 4204 ire,
1672 4117 1734 4185 ubi
1766 4119 2002 4205 boluerimus,
2027 4120 2105 4188 sine

260 4269 447 4339 cuiuslibet
470 4273 728 4340 contrarietate
758 4271 811 4338 vel
836 4271 1082 4356 requisitione.
1107 4277 1143 4340 et
1165 4293 1228 4360 per
1252 4276 1344 4340 bona
1368 4272 1630 4340 combenientia
1652 4271 1787 4358 guadio
1810 4271 1911 4338 nobis
1939 4271 2014 4356 ipse
2048 4271 2100 4339 ia·

262 4427 407 4510 quintus
430 4427 511 4495 dedi
534 4447 597 4516 per
621 4428 813 4516 largietate
837 4428 879 4496 de
896 4428 972 4514 ipso
987 4429 1129 4513 abbate,
1144 4431 1180 4495 et
1195 4425 1389 4494 mediatore
1407 4423 1433 4507 ¹)
1449 4423 1606 4492 friderisi
1622 4425 1797 4510 presbiter
1813 4422 1910 4491 filius
1925 4423 2104 4510 quondam

258 4578 401 4664 almari3
424 4585 460 4648 et
482 4599 546 4666 per
569 4583 648 4667 ipsa
671 4581 806 4667 guedia
829 4579 1003 4668 obligabit
1018 4597 1056 4647 se
1071 4582 1146 4667 ipse
1162 4581 1274 4648 abbas
1289 4581 1325 4646 et
1341 4593 1562 4646 successores
1580 4594 1660 4644 suos
1675 4581 1712 4644 et
1727 4595 1812 4662 pars
1827 4575 1940 4663 ipsius
1957 4577 2104 4646 ecclesie

259 4732 383 4799 amodo
405 4738 441 4802 et
466 4752 606 4820 semper
629 4733 730 4800 nobis
753 4733 953 4819 nostrisque
969 4732 1133 4801 eredibus
1148 4734 1254 4799 rebus
1271 4731 1349 4817 ipsa
1366 4729 1405 4796 in
1422 4729 1670 4818 suprascripto
1682 4729 1806 4797 ordine
1821 4729 2007 4798 defensare
2023 4749 2105 4798 cum

259 4889 332 4956 bico
356 4887 399 4954 de
422 4887 480 4954 bie
496 4906 557 4955 sue
574 4887 621 4956 da
644 4905 765 4955 omnes
788 4887 923 4955 omines
946 4885 1112 4972 omnique
1135 4885 1310 4972 partibus;
1327 4883 1409 4952 etsi
1425 4901 1490 4950 nos
1506 4882 1562 4950 vel
1580 4881 1714 4948 nostris
1730 4853 1896 4949 eredibus
1911 4880 2103 4969 aliquando

260 5049 412 5128 tempore
434 5043 478 5111 de
500 5061 543 5112 ac
566 5049 665 5110 terra
688 5042 911 5111 salernitana
934 5040 1129 5109 exierimus
1151 5055 1216 5127 pro
1239 5037 1353 5108 aliubi
1376 5035 1421 5104 ad
1443 5035 1670 5122 abitandum,
1693 5040 1757 5104 aut
1780 5035 1811 5103 si
1844 5036 1952 5106 talem
1974 5035 2102 5104 t‘eeeri·

259 5214 334 5262 mus
357 5196 513 5282 culpam,
537 5195 630 5263 unde
654 5197 698 5264 ad
720 5161 897 5282 palatium
920 5194 1078 5263 cecidere
1103 5192 1342 5277 debuerimus,
1359 5195 1445 5258 tunc
1463 5189 1589 5258 inolita
1607 5187 1684 5276 ipsa
1699 5193 1805 5260 rebus
1828 5153 2041 5276 perbeniant
2055 5190 2100 5260 ad

255 5353 423 5434 potestate
446 5351 607 5438 predicte
627 5347 786 5432 ecclesie;
812 5354 847 5415 et
870 5350 900 5415 si
926 5347 1022 5416 infra
1043 5348 1159 5415 tribus
1182 5347 1272 5414 euni
1287 5315 1330 5412 ⁴ic
1353 5345 1398 5414 ad
1423 5321 1629 5412 abitandum
1654 5345 1812 5430 ierimus,
1830 5347 1893 5410 aut
1910 5342 1940 5409 si
1964 5341 2007 5410 de
2024 5345 2102 5430 ipsa
