5318 7102
986 531 1166 604 neuun
1205 531 1534 606 rrtnuaonuu
2005 495 2007 500 ’
2091 537 2138 608 oe
2187 519 2198 639 J

331 756 411 830 Cer.
452 775 543 838 ouon
576 775 713 830 nonnus
749 774 943 830 uorunruus
978 773 1137 828 runronu
1170 775 1311 830 nuuuuu
1345 776 1432 830 rnre
1465 776 1640 831 utsrrrurr
1667 776 1711 832 lu
1738 778 1922 834 murreum
1947 778 2049 832 nourr
2076 779 2180 835 rerru

378 917 551 988 Arusrour
577 915 615 1009 ¹).

331 1071 565 1146 Constitutum
592 1070 778 1172 habemus,
808 1080 845 1143 ut
871 1094 991 1144 omnes
1017 1073 1075 1166 qui
1102 1071 1166 1144 sub
1192 1073 1334 1168 speciali
1360 1073 1563 1145 defensione
1590 1073 1721 1146 dornini
1749 1074 1929 1169 apostolici
1967 1099 2027 1148 seo
2065 1087 2185 1153 nostre

380 1231 512 1304 fuerint
537 1233 688 1328 suscepti
714 1233 751 1328 ²),
781 1233 962 1327 impetrata
996 1231 1243 1304 inviolabiliter
1279 1233 1380 1305 iussit
1405 1227 1428 1328 3)
1457 1241 1598 1304 utentur
1631 1233 1848 1320 defensione3
1877 1235 2018 1326 quossi
2045 1238 2123 1329 quis
2150 1240 2186 1309 in

379 1414 516 1486 quoque
542 1391 606 1462 hoc
632 1391 830 1462 eontentive
858 1390 988 1462 violare
1015 1391 1276 1488 presumpserit,
1305 1391 1392 1464 stied
1411 1376 1434 1488 ι)
1453 1417 1490 1464 se
1515 1356 1711 1487 perieulum
1730 1393 1799 1464 rite
1827 1417 1887 1464 sue
1915 1403 2006 1467 esset
2024 1396 2187 1470 incursu-

379 1575 447 1623 ros.
478 1553 563 1626 Nam
590 1559 624 1624 et
649 1551 715 1623 hoe
741 1552 975 1638 decernimus,
1004 1575 1022 1624 a
1048 1549 1072 1646 8)
1100 1551 1226 1624 domno
1252 1548 1440 1644 apostolico
1469 1550 1502 1619 in
1523 1547 1684 1621 omnihus
1719 1532 1786 1644 ipsi
1811 1549 1901 1623 iusta
1928 1553 2080 1626 servient
2107 1555 2189 1625 obe-

377 1712 520 1798 dientie,
549 1736 608 1784 seo
634 1711 780 1785 ducibus
807 1712 870 1784 hee
897 1710 1070 1783 iudicibus
1088 1712 1162 1784 suis
1188 1711 1229 1783 ad
1257 1711 1388 1784 iustitia
1406 1691 1563 1782 faciende
1580 1713 1604 1804 ο)
1625 1710 1659 1780 in
1679 1707 1743 1781 hoe
1770 1711 1921 1806 capitulo
1948 1711 2006 1786 fiet
2032 1737 2186 1787 connne-

379 1881 550 1945 morotum
576 1873 618 1945 de
645 1873 760 1946 uiduis
786 1872 962 1945 theodoris
988 1871 1133 1955 llorinis,
1163 1880 1198 1944 et
1224 1871 1340 1966 sergii.

372 2475 430 2584 'pl
454 2505 630 2585 Capitolari
655 2506 687 2566 di
710 2508 841 2568 Lutario
865 2508 887 2576 l,
915 2506 1023 2568 scritti
1048 2505 1103 2566 nel
1128 2503 1205 2565 Cod.
1230 2505 1303 2564 [lov.
1330 2501 1490 2561 liniscono
1514 2501 1543 2560 nl
1569 2499 1792 2562 diciottesirno
1823 2503 1895 2580 rigo
1918 2503 1972 2564 del
1997 2505 2097 2582 foglio
2120 2506 2183 2568 247

328 2660 435 2726 recto,
461 2673 478 2714 e
503 2653 612 2716 subito
636 2653 718 2734 dopo
741 2655 769 2714 si
793 2653 888 2732 legge
915 2653 945 2713 le
968 2653 1102 2714 rubrica
1124 2652 1196 2730 Cap.
1220 2649 1306 2728 quad
1323 2693 1551 2709 .........
1575 2646 1731 2727 Apostoli.
1755 2648 1781 2709 Il
1804 2649 1962 2712 Muratori
1985 2651 2027 2714 he
2056 2653 2192 2748 l’intito-

326 2801 454 2862 lenione
479 2798 628 2882 capitula
649 2802 740 2864 fecta
762 2817 781 2863 a
802 2799 955 2900 lothario
977 2815 1074 2862 secus
1097 2798 1216 2860 Urbem
1237 2758 1393 2858 Rolnam.
1416 2842 1421 2853 .
1443 2843 1449 2854 .
1471 2842 1477 2854 .
1498 2841 1504 2853 .
1529 2795 1564 2872 (s.
1590 2794 1635 2854 ib.
1661 2814 1733 2874 pag.
1758 2797 1820 2860 140
1842 2797 1926 2858 Nota
1952 2798 2015 2878 38).
2040 2799 2067 2861 ΙΙ
2091 2801 2208 2862 Pertz·

225 2996 227 3000 ,
329 2971 358 3012 ο.
384 2970 412 3012 c.
437 2949 523 3012 dice:
550 2973 565 3007 n
590 2951 742 3012 L’ultime
767 2955 971 3012 contenenze
995 2947 1082 3008 delle
1107 2967 1166 3008 sue
1190 2947 1234 3026 (di
1259 2946 1402 3026 Lutario)
1425 2947 1526 3023 Leggi
1549 2964 1629 3008 sono
1654 2947 1663 3008 i
1686 2947 1834 3028 Capitale
1855 2949 1940 3028 quau
1970 2949 2106 3033 domnus
2127 2951 2190 3018 La·

330 3120 344 3156 n
369 3098 501 3162 thurius
520 3144 637 3160 .....
662 3097 751 3176 petri
772 3095 924 3176 apostoli,
950 3101 1015 3156 otto
1039 3094 1176 3175 Capitoli
1203 3095 1247 3154 fin
1270 3113 1366 3154 verso
1390 3093 1420 3153 la
1445 3095 1509 3155 fine
1534 3093 1587 3156 del
1609 3095 1669 3157 tor
1697 3095 1809 3174 foglio,
1828 3097 1860 3157 di
1876 3098 1930 3160 cui
1954 3097 1984 3159 le
2002 3103 2052 3160 tre
2069 3099 2188 3162 ultime

330 3267 345 3304 n
370 3245 459 3306 linee
477 3265 541 3304 non
558 3263 637 3304 sono
654 3245 782 3305 seritte:
802 3243 824 3303 il
840 3245 881 3305 40
896 3241 1037 3321 capitolo
1060 3259 1175 3322 presso
1197 3239 1354 3301 Muratori
1373 3260 1527 3303 mancare
1542 3243 1655 3322 percio
1673 3242 1938 3322 probabilnrente
1963 3245 1986 3306 il
2008 3244 2190 3325 stangno

331 3412 346 3448 n
374 3409 431 3452 ern
454 3391 582 3463 scritto,
608 3409 708 3451 senze
730 3389 853 3450 dubbio
877 3389 982 3448 anche
1008 3389 1018 3450 i
1043 3387 1121 3465 sogli
1146 3388 1207 3449 263
1230 3407 1247 3448 e
1270 3387 1342 3460 264,
1367 3387 1494 3465 taglieti
1519 3408 1578 3449 eon
1602 3389 1713 3468 quello
1739 3413 1767 3452 n.

368 3537 441 3610 ²)11
467 3543 551 3598 testo
582 3536 805 3596 Muratoriano
829 3535 881 3594 ha:
906 3534 962 3613 qui
984 3533 1044 3597 suh
1067 3532 1204 3612 speciali
1226 3533 1416 3598 defensione
1445 3541 1577 3609 nostra,
1601 3552 1659 3597 seu
1690 3533 1814 3599 Domini
1841 3536 2021 3617 Apostolici
2049 3541 2190 3603 fuerunt

327 3682 484 3763 susceptu
509 3682 533 3744 il
558 3689 670 3743 nostro
694 3681 813 3743 Codice
837 3684 916 3760 perd
940 3679 1102 3742 concorda
1125 3681 1337 3760 pienamente
1362 3681 1413 3742 coi
1438 3680 1549 3742 Codici
1574 3683 1688 3742 Esten.
1714 3682 1755 3742 ed
1778 3681 1932 3744 Ambros
1956 3683 2005 3744 Ed
2028 3683 2051 3744 il
2074 3683 2185 3746 Mura-

328 3830 391 3890 tori
415 3828 505 3890 nella
526 3830 609 3889 Note
631 3829 682 3909 34)
704 3847 777 3908 pag.
802 3829 863 3891 140
885 3828 1004 3889 sunive:
1032 3851 1046 3884 u
1074 3826 1174 3887 Codd.
1199 3827 1308 3886 Esten.
1334 3833 1364 3886 et
1386 3826 1529 3890 Ambrae.
1554 3829 1632 3888 haec
1655 3829 1705 3888 ita
1726 3827 1863 3890 liabent:
1886 3828 1947 3890 suh
1970 3827 2110 3907 speciali
2132 3827 2189 3892 de·

330 3995 345 4033 n
368 3973 517 4038 rannone
538 3973 650 4038 llamni
671 3972 850 4056 Apostolici
871 3991 931 4036 sue
952 3978 1066 4036 nostra
1087 3970 1216 4035 luerint
1237 3971 1396 4050 suscepti.
1428 3971 1523 4032 Hanc
1554 3973 1689 4034 tutelam
1714 3977 1745 4033 et
1761 3973 1998 4050 protectionem
2019 3974 2062 4034 iis
2085 3975 2188 4038 etiarn

329 4120 565 4198 ‹nteniporilnn
589 4121 801 4199 appellabant
823 4117 1071 4181 lluudiburdem
1093 4125 1122 4177 et
1143 4100 1420 4180 Mundiliurdium‘.
1442 4117 1527 4197 Erpa
1549 4117 1679 4195 qrcidern
1700 4121 1800 4180 antea
1820 4115 1978 4196 ejneneodi
1993 4118 2189 4183 Mandibnr·

329 4289 344 4324 n
368 4269 424 4330 dio
447 4267 539 4330 abaci
560 4270 708 4348 fuerant,
734 4287 772 4330 ac
791 4273 969 4345 propterea
989 4265 1164 4326 seditiones
1187 4265 1224 4323 in
1250 4263 1330 4326 Urbe
1353 4267 1552 4324 emerserant
1576 4285 1604 4322 u.

367 4414 392 4494 8)
413 4414 522 4478 iussit:
547 4415 644 4474 iusta.

369 4557 393 4638 ⁴)
415 4561 535 4622 Invece
559 4559 591 4621 di
615 4576 696 4639 quoe
718 4559 746 4624 si
768 4558 840 4639 quis
861 4559 895 4620 iu
916 4576 1044 4639 quoque
1066 4559 1129 4622 hoc
1152 4555 1343 4622 cantentive
1366 4555 1494 4619 violare
1522 4554 1775 4636 presumpserit,
1797 4555 1886 4622 stiad
1908 4556 1932 4618 il
1947 4557 2105 4622 Muratori
2129 4561 2185 4623 he:

328 4705 414 4781 Quod
436 4706 465 4770 si
487 4705 561 4786 quie
584 4706 619 4768 in
640 4722 843 4787 quocumque
865 4713 1014 4785 tempure
1037 4707 1099 4770 hoa
1120 4703 1248 4768 violare
1271 4701 1523 4782 praesumserit,
1547 4703 1634 4766 sciat
1657 4709 1722 4766 etc.

368 4851 394 4932 8)
416 4869 446 4916 a:
471 4860 517 4914 ut.

367 4994 393 5074 ο)
414 4995 474 5056 Fin
498 4997 555 5074 qui
579 4996 603 5057 il
627 5001 737 5057 nostro
761 4996 838 5059 Cod.
864 4995 1026 5058 concorda
1049 4995 1098 5058 col
1123 4997 1162 5057 N.
1187 4995 1318 5056 XXXIV
1348 4994 1401 5056 del
1433 5001 1518 5058 testu
1552 4999 1786 5060 lluratoriano.
1818 5001 1863 5062 Le
1895 5001 1979 5064 altre
2010 5001 2124 5082 parole
2153 5001 2191 5065 in

328 5141 390 5206 lroa
395 5188 595 5202 ........
620 5149 657 5205 et
678 5139 798 5220 sergii,
824 5142 885 5203 che
908 5142 937 5202 si
960 5141 1099 5220 leggono
1123 5139 1177 5202 nel
1202 5141 1278 5202 Cod.
1306 5143 1380 5203 Cer.
1407 5163 1565 5207 monceau
1590 5145 1645 5206 nel
1668 5145 1846 5220 Muratori,
1871 5147 1895 5230 il
1919 5147 2017 5227 quale
2041 5151 2121 5228 perd
2146 5165 2188 5210 ne

328 5287 422 5369 parla
444 5287 688 5349 eruditamente
713 5289 758 5349 ib.
784 5291 867 5350 Nota
887 5289 949 5369 35).
975 5311 990 5346 u
1015 5289 1133 5366 Accipe
1163 5307 1244 5366 qnae
1267 5289 1408 5350 leobeant
1443 5287 1573 5352 Codices
1603 5291 1747 5354 Anrbros.
1772 5295 1803 5354 et
1824 5292 1991 5364 Estensis;
2013 5299 2052 5356 ut
2071 5293 2191 5358 llamno

331 5453 345 5489 n
370 5429 557 5512 Apostolico
578 5428 612 5492 in
635 5415 783 5495 omuibus
803 5430 867 5511 ipsi
886 5428 1011 5508 iustam
1032 5431 1213 5495 observent
1234 5431 1465 5507 obedientiam.
1489 5450 1549 5497 sea
1569 5433 1713 5498 Ducibus
1728 5453 1766 5499 ea
1783 5433 1954 5500 iudicibus
1969 5437 2192 5518 adjustitiam

331 5599 346 5636 n
369 5577 563 5643 taciendam.
592 5580 617 5638 T
616 5599 673 5640 nm
694 5580 732 5639 in
753 5579 882 5640 Estcnst
904 5579 1076 5656 subjicitur
1101 5578 1224 5652 Gloeea,
1248 5599 1346 5659 quarn
1368 5581 1609 5644 divinatoribus
1635 5584 1906 5662 perpendendam
1927 5586 2100 5664 relinquo,
2131 5585 2194 5646 sci-

332 5749 347 5781 «
376 5726 469 5788 ticet:
493 5726 529 5790 lu
551 5727 612 5791 hec
634 5726 783 5808 capitulo
805 5726 863 5790 fiat
884 5731 1169 5789 commemoratum
1192 5724 1232 5788 de
1253 5724 1385 5800 viduis,
1420 5732 1455 5789 et
1476 5727 1653 5806 orphanis,
1679 5727 1870 5804 Theudoris,
1905 5735 1940 5794 et
1967 5728 2126 5804 floronis,
2157 5738 2195 5796 et

333 5895 348 5932 «
374 5873 491 5953 Sergii.
515 5875 683 5953 lt'nrnqnid
704 5877 763 5936 icoc
786 5875 947 5937 alluditur
969 5875 1012 5936 ad
1034 5872 1238 5937 Theodorum
1262 5874 1498 5936 Prirnicerinrn
1519 5875 1552 5938 S.
1570 5876 1610 5937 ll.
1629 5877 1666 5938 E.
1692 5884 1722 5940 et
1745 5875 1883 5940 leonem
1897 5877 2188 5952 Nonrenclatorent,
