5318 7102
633 571 655 640 6
1324 569 1687 641 carmennum

632 790 766 878 debent,
795 792 837 864 ad
864 789 1032 863 iustitiam
1058 792 1271 865 laciendum.
1301 791 1482 882 Similiter,
1502 800 1537 866 et
1554 815 1616 865 vos
1642 791 1670 864 si
1689 792 1713 888 ¹)
1740 789 1895 865 domnici
1922 793 2036 889 ipsum
2062 787 2271 885 exemplum,
2291 789 2368 862 exin
2386 811 2443 861 su·

630 947 794 1024 stineant.
822 949 865 1024 m
891 950 950 1044 qui
977 953 1249 1048 suprascriptum
1275 953 1350 1025 sinc
1377 950 1527 1048 periurio
1554 951 1668 1023 iurare
1694 972 1763 1022 non
1790 948 1952 1046 potnerit,
1982 949 2020 1024 Si
2046 948 2254 1023 beneficium
2272 946 2439 1034 habuerit,

631 1131 787 1182 vannum
814 1109 1016 1182 domnioum
1043 1111 1155 1184 solvat
1180 1115 1216 1206 ²).

584 1285 628 1340 on
654 1261 858 1344 ricinum.

581 1424 620 1497 Sr
647 1427 724 1520 quis
751 1429 941 1523 periurium
959 1428 1092 1517 iecerit,
1113 1427 1209 1500 nulla
1226 1427 1500 1523 redemptionem
1518 1429 1630 1500 lacere
1648 1425 1762 1514 liceat,
1792 1423 1860 1497 nisi
1880 1447 2021 1499 manum
2039 1426 2170 1520 perdat.
2199 1423 2289 1497 Etsi
2307 1423 2366 1495 ille
2385 1423 2443 1516 qui

631 1584 727 1680 prius
753 1585 869 1681 ipsum
895 1595 1149 1660 sacramentum
1176 1588 1266 1661 iurat
1291 1595 1325 1660 et
1350 1588 1393 1660 de
1419 1585 1479 1658 illo
1499 1583 1650 1680 periurio
1669 1580 1850 1679 probatum
1869 1581 1986 1670 inerit,
2014 1589 2048 1655 et
2066 1581 2199 1677 aliquos
2218 1604 2300 1653 suos
2318 1581 2448 1653 iurato-

631 1765 687 1814 res
705 1744 841 1832 dixerit,
862 1767 949 1838 qnos
966 1746 1127 1818 nesciens
1145 1746 1210 1819 sibi
1230 1747 1451 1842 periurasset,
1468 1746 1534 1815 Aut
1550 1741 1615 1814 lroc
1634 1742 1723 1836 apud
1742 1739 1912 1812 iudicium
1928 1741 1997 1826 dei,
2018 1741 2181 1836 adprovet
2199 1763 2321 1813 rerum
2339 1749 2443 1825 esset,

630 1905 697 1975 Aut
724 1902 885 1975 similiter
912 1926 1053 1974 monum
1080 1903 1211 1998 perdat,
1239 1905 1287 1976 lle
1313 1903 1414 1976 cuius
1439 1924 1578 1974 oausam
1603 1900 1795 1996 periurium
1821 1899 1955 1986 lecerit,
1974 1900 2064 1971 sicut
2080 1901 2135 1972 lex
2152 1901 2240 1972 locis
2257 1897 2366 1986 illius,
2387 1897 2448 1970 ubi

630 2065 822 2158 periurium
850 2063 979 2134 lactum
1006 2069 1058 2134 est
1084 2087 1104 2135 a
1128 2061 1233 2158 longo
1258 2073 1425 2160 tempore,
1455 2063 1521 2136 luit
1547 2063 1589 2136 de
1609 2035 1736 2136 ¹eorum
1762 2060 1924 2158 pretium,
1954 2064 2143 2135 emundare
2170 2061 2342 2135 studeant.

581 2241 626 2295 nn
652 2241 766 2298 runro
792 2241 857 2294 vm
883 2241 927 2292 nr:
953 2239 1142 2295 nrnonrrus
1167 2241 1288 2298 onusrs
1314 2240 1550 2296 rnsrrrurrtus.

582 2381 619 2452 Si
646 2380 705 2452 ille
730 2379 834 2452 homo
861 2381 961 2451 cuins
987 2401 1091 2451 cansa
1116 2379 1361 2468 innatassent,
1383 2381 1498 2453 dicere
1524 2378 1685 2466 voluerit,
1715 2381 1807 2473 quod
1834 2379 1893 2452 ille
1911 2382 1970 2474 qui
1988 2380 2115 2455 iuravit
2141 2404 2178 2452 se
2198 2380 2312 2453 sciens
2330 2377 2449 2475 periu-

627 2545 750 2626 rasset,
779 2545 870 2610 stent
895 2538 937 2608 cd
963 2560 1103 2609 crucem
1128 2539 1165 2634 ⁸),
1195 2544 1229 2610 et
1254 2537 1282 2610 si
1301 2537 1360 2609 ille
1375 2527 1437 2631 ¹qni
1465 2538 1591 2610 iuravit
1608 2539 1745 2612 vinctus
1763 2541 1881 2626 inerit,
1902 2541 1993 2632 qnod
2012 2564 2048 2612 se
2075 2541 2298 2634 periurasset,
2327 2561 2450 2634 snpra-

630 2695 758 2791 scripte
785 2695 956 2768 sententia
982 2694 1194 2767 subiaceant.
1222 2695 1270 2766 lle
1297 2695 1484 2768 maioribus
1511 2697 1638 2786 causis,
1659 2698 1772 2794 legem
1798 2699 1936 2791 qualem
1963 2697 2110 2793 a'longo
2136 2707 2290 2794 tempore
2316 2697 2448 2771 habuc-

629 2855 986 2942 mm‚mmmmmn

575 3017 624 3087 'nn
649 3033 815 3088 virorem
841 3033 883 3085 nr
911 3033 1066 3086 rnnrornn
1093 3033 1128 3086 ns
1156 3031 1374 3086 nnrnonmus
1400 3030 1536 3084 moron
1561 3031 1624 3086 nsr
1650 3013 1688 3108 ⁸).

623 3380 646 3470 ⁴)
667 3390 787 3452 Invece
818 3391 848 3450 di
881 3394 998 3466 questo
1028 3389 1323 3469 incomprensibile
1353 3406 1412 3455 ros
1434 3391 1463 3455 si
1492 3389 1632 3454 domnici
1661 3391 1715 3453 del
1739 3391 1858 3454 Codice
1891 3394 2057 3465 Curense,
2089 3394 2197 3474 (forse
2228 3391 2318 3457 vassi
2339 3391 2450 3456 domi·

578 3531 646 3596 nici
661 3531 695 3616 i)
719 3536 742 3596 il
765 3535 899 3597 Baluzio
922 3535 1022 3593 ha-
1039 3533 1128 3598 vassi
1150 3533 1317 3609 nostri-
1335 3535 1376 3597 ed
1399 3535 1423 3596 il
1446 3533 1604 3597 Muratori
1620 3571 1661 3581 —
1681 3535 1774 3600 Bassi
1795 3537 1903 3602 nostri
1919 3563 1984 3598 -«
2002 3539 2121 3604 vassos
2139 3539 2297 3617 primitus
2318 3539 2441 3616 fuisse,

580 3701 595 3737 r
620 3699 697 3759 quos
718 3683 903 3762 socordiores
927 3685 1015 3743 netas
1033 3680 1195 3757 posterior
1218 3682 1406 3760 appellauit,
1432 3699 1487 3742 seu
1509 3681 1693 3742 domesticos
1709 3687 1739 3741 et
1754 3685 1809 3760 qui
1825 3703 1865 3744 eor
1887 3683 2000 3763 Repio,
2020 3691 2076 3746 aut
2091 3685 2232 3746 alicuius
2254 3685 2442 3764 Prin-cipis,

583 3847 599 3884 n
622 3827 757 3906 familia
779 3833 887 3896 erdut;
906 3873 912 3886 .
933 3873 939 3886 .
961 3872 967 3886 .
988 3871 994 3886 .
1019 3825 1112 3890 Vassi
1134 3846 1150 3887 e
1171 3829 1307 3906 familia
1326 3827 1538 3906 Imperatoris
1568 3835 1625 3888 aut
1646 3827 1752 3906 Repis,
1778 3827 1871 3892 rasni
1891 3829 2038 3909 Regales,
2061 3831 2155 3909 culpo
2176 3849 2250 3890 vero
2272 3829 2365 3894 Vessi
2386 3831 2446 3896 do·

575 3991 592 4030 r
614 3969 728 4035 minici
751 3973 971 4050 appellantur,
997 3973 1034 4032 id
1055 3979 1101 4033 est
1117 3974 1251 4051 proprii
1273 3973 1486 4053 Imperatoris
1503 3979 1567 4052 put
1587 3973 1769 4052 Principis,
1794 3981 1826 4034 et
1847 3975 1903 4052 qui
1925 3995 1965 4037 en
1987 3978 2057 4038 eius
2079 3976 2213 4055 familia
2234 3983 2328 4039 erant
2346 4023 2352 4038 .
2372 4013 2382 4042 ι
2401 4015 2443 4043 η

575 4139 589 4170 r
616 4115 711 4180 vassi
733 4119 787 4178 isti
810 4115 963 4180 dominici
985 4121 1082 4179 eaetra
1103 4119 1252 4180 ordinem
1273 4121 1441 4182 interdum
1461 4119 1673 4180 mittebantur
1695 4137 1716 4180 o
1738 4117 1897 4198 Principe
1919 4122 1956 4181 in
1979 4121 2184 4189 Prouincias,
2201 4127 2239 4180 ut
2262 4119 2445 4185 Conciti-bus

576 4283 591 4319 r<
617 4261 765 4324 adessent
786 4265 824 4325 in
845 4264 977 4323 iustitia
998 4263 1277 4337 administrando,
1302 4272 1332 4328 et
1354 4285 1428 4327 cum
1449 4285 1485 4327 co
1501 4264 1556 4343 jus
1579 4265 1734 4332 dicerent,
1760 4264 1890 4341 aliaque
1913 4265 2113 4343 reipublicae
2134 4267 2265 4344 nepotio
2285 4284 2442 4346 enseque-

578 4431 592 4464 «
618 4414 734 4470 rentur
736 4454 854 4480 .....
879 4408 993 4469 Sedet
1014 4409 1182 4470 interdum
1205 4411 1249 4472 ad
1268 4409 1439 4474 Mareham
1460 4411 1705 4474 custodiendam
1725 4410 1949 4482 mittebantur,
1970 4457 1976 4471 .
1997 4458 2003 4471 .
2025 4458 2031 4472 .
2051 4435 2065 4470 »
2089 4411 2122 4494 (†
2137 4415 2186 4474 Du
2203 4397 2311 4488 Gange
2326 4411 2444 4473 Gloss.

576 4558 667 4617 Tom.
691 4554 745 4616 Vl.
771 4573 801 4616 v.
826 4553 970 4634 Versus).

618 4701 642 4782 ²)
663 4699 747 4762 Mur.
772 4700 842 4772 IX,
867 4718 920 4760 ma
943 4699 1059 4762 invene
1084 4699 1117 4760 di
1140 4715 1281 4766 vannum
1304 4701 1487 4766 domninum
1508 4702 1619 4768 solvat
1640 4704 1683 4765 ha
1699 4739 1740 4750 -
1757 4703 1898 4768 bennum
1919 4712 2069 4768 nostrum
2098 4704 2209 4768 solvet
2239 4726 2253 4762 r
2278 4703 2441 4765 Boanum

574 4873 588 4908 ι(
614 4850 702 4910 trino
725 4845 913 4928 sipnifieotu
933 4847 1172 4925 utplurimum
1195 4849 1369 4926 accipitur:
1393 4868 1431 4912 ac
1448 4851 1560 4928 primo
1582 4851 1712 4928 quidem
1728 4869 1792 4930 pro
1814 4853 1917 4912 edicto
1934 4850 2076 4929 publico,
2095 4868 2227 4912 rursum
2237 4869 2300 4930 pro
2312 4851 2442 4915 mulcta

574 5021 589 5055 n
611 4995 809 5076 judiciaria,
835 4995 930 5055 tertio
953 4994 1093 5074 denique
1110 5013 1173 5074 pro
1197 4994 1348 5057 districtu
1370 5015 1407 5058 ae
1423 4995 1657 5075 jurisdictione
1675 5039 1791 5058 .....
1816 4996 1960 5061 amnon
1980 4996 2191 5070 dominicum,
2207 4999 2329 5060 mulcta
2350 5015 2440 5077 quae

572 5162 587 5198 «
613 5138 750 5202 Domino
772 5159 827 5202 seu
848 5139 1004 5219 Principi
1026 5141 1249 5206 ensoioebntur
1266 5161 1329 5222 pro
1351 5143 1494 5223 infracto
1516 5143 1624 5203 banno
1647 5138 1817 5212 dominico,
1843 5129 2038 5222 eratque'dd
2058 5144 2235 5205 solidorum
2252 5166 2280 5203 a.
2298 5143 2358 5224 (cf.
2384 5143 2438 5205 Du

573 5285 682 5364 Gange
706 5286 813 5348 Gloss.
838 5305 868 5346 v.
893 5285 1059 5367 bannum).
1256 5254 1258 5262 l

612 5431 635 5511 ³)
659 5433 720 5493 Fin
743 5433 799 5511 qui
824 5431 986 5494 concorda
1009 5431 1059 5494 col
1082 5430 1165 5494 Mur.
1190 5433 1230 5495 N.
1254 5433 1321 5495 X«
1346 5433 1616 5512 Experimcntum
1644 5432 1749 5493 crucis
1771 5431 1809 5492 in
1836 5449 1871 5492 eo
1898 5433 1998 5494 situm
2025 5438 2111 5504 erat,
2142 5439 2180 5494 ut
2209 5431 2446 5496 contendentes

572 5598 586 5630 «
614 5579 690 5637 ante
712 5593 840 5638 omrem
861 5582 985 5638 starent
1006 5577 1158 5641 manibus
1181 5579 1323 5640 curatis.
1348 5576 1449 5640 Prior
1470 5576 1525 5640 itte
1547 5573 1635 5654 cujus
1658 5575 1795 5638 brachia
1816 5577 1903 5641 lassa
1924 5577 2208 5649 concinnavimus
2230 5575 2444 5645 credebatur.

571 5717 666 5793 (Mur.
691 5739 721 5782 o.
746 5740 778 5802 p.
803 5739 876 5803 pag.
900 5723 941 5784 95
963 5723 1046 5786 Nota
1068 5723 1130 5804 ld).

611 5863 635 5944 ⁸)
658 5864 781 5940 Questa
803 5868 939 5931 rubrica
962 5869 1016 5932 nel
1038 5867 1196 5932 Muratori
1220 5872 1237 5930 e
1261 5867 1285 5930 il
1308 5869 1475 5950 principio
1499 5868 1587 5932 dello
1610 5867 1705 5948 legge
1724 5865 1962 5930 LXXXIV.-ll
1987 5865 2167 5947 capitolare
2189 5870 2243 5948 poi
2268 5878 2443 5948 seguente
