5376 7094
974 549 1380 620 lllPLOllllTlCUS
2011 551 2050 620 11

159 826 162 832 .
249 774 363 858 ciant,
381 777 416 840 et
429 775 488 840 ubi
515 776 726 862 meruerint,
744 776 889 844 arbores
912 781 949 844 et
972 777 1062 844 vites
1078 775 1208 843 ibidem
1220 772 1386 861 plantare
1401 775 1437 840 et
1448 791 1612 860 surgere,
1637 778 1673 841 et
1697 775 1759 840 ubi
1783 735 2005 860 meruerint,
2022 776 2104 844 illut

249 925 405 1011 cludere,
430 931 466 992 et
489 944 627 1012 semper
652 926 732 994 illut
754 927 855 996 clusu
885 931 1030 1015 abeant,
1056 932 1094 995 ut
1118 928 1163 996 ad
1187 928 1353 1014 completi
1377 931 1454 994 octo
1478 929 1581 1013 anni,
1606 931 1645 994 ut
1669 927 1793 996 amodo
1818 946 1855 994 se
1881 928 2114 1034 compleant,

252 1027 384 1150 abeant
407 1079 447 1146 in
470 1083 545 1148 lota
568 1081 647 1168 ipsa
670 1083 776 1148 rebus
800 1084 986 1149 arbustum
1011 1069 1158 1168 factum,
1185 1085 1221 1149 et
1244 1084 1396 1168 surtum,
1422 1087 1458 1150 et
1483 1087 1682 1170 operatum,
1708 1075 1949 1167 cucullatum,
1973 1088 2009 1150 et
2032 1083 2111 1151 clu-

251 1253 342 1319 sum,
360 1235 454 1301 sicut
469 1235 508 1301 in
526 1235 602 1321 ipso
624 1235 741 1302 locum
763 1238 950 1324 meruerit,
975 1242 1015 1305 ut
1038 1239 1168 1304 bonum
1192 1239 1351 1322 perfectu
1374 1244 1500 1324 pareat
1524 1239 1671 1324 factum,
1695 1243 1731 1306 et
1753 1241 1800 1308 ab
1823 1239 1906 1306 inde
1931 1239 1971 1306 in
1995 1245 2104 1309 antea

197 1373 200 1378 ’
251 1390 348 1456 omni
363 1393 521 1474 tempore
537 1407 600 1474 per
616 1405 715 1456 annu
732 1406 795 1454 suo
810 1393 965 1475 tempore
981 1391 1058 1476 ipso
1074 1393 1223 1458 arbustu
1246 1390 1410 1477 desuper
1426 1391 1516 1458 etde
1531 1393 1652 1458 subter
1668 1390 1831 1458 laborare
1847 1395 1883 1458 et
1898 1391 2053 1475 cultore,
2070 1395 2107 1458 et

251 1543 505 1628 propaginare,
530 1547 566 1610 et
589 1541 745 1631 cludere,
769 1549 805 1613 31
827 1545 928 1612 clusu
952 1549 987 1613 et
1010 1545 1149 1644 salbum
1173 1543 1256 1612 illut
1278 1547 1398 1631 abere,
1423 1549 1459 1611 et
1483 1543 1607 1612 amodo
1622 1547 1658 1610 et
1675 1561 1813 1630 semper
1837 1563 1899 1629 per
1925 1545 2105 1612 bindemie

251 1698 388 1765 iaciant
404 1694 478 1763 illis
494 1715 550 1764 me
567 1695 621 1764 vel
639 1716 724 1784 pars
741 1699 855 1785 ipsius
870 1699 1080 1767 monasterii
1093 1699 1202 1784 scire,
1220 1701 1260 1766 ut
1275 1697 1424 1764 missum
1440 1700 1600 1764 nostrum
1624 1695 1712 1763 illuc
1735 1695 1950 1783 dirigamur,
1973 1703 2010 1765 et
2033 1697 2107 1764 illis

251 1853 327 1936 ipso
344 1854 531 1920 arbustum
547 1869 610 1920 suo
625 1855 783 1938 tempore
798 1852 1020 1921 bindemiare
1036 1857 1071 1919 et
1086 1870 1189 1939 poma
1204 1850 1287 1918 inde
1302 1849 1484 1936 colligere3
1501 1855 1537 1917 et
1553 1851 1668 1917 omnis
1686 1851 1812 1917 vinum
1828 1851 1961 1919 exinde
1978 1856 2013 1919 et
2031 1853 2109 1938 ipsa

249 2023 354 2090 poma
371 2007 492 2090 ibique
509 2006 554 2074 ad
571 2005 792 2092 pulmentum
808 2006 933 2075 amodo
949 2010 985 2073 31
998 2024 1136 2092 semper
1152 2023 1214 2091 per
1231 2021 1368 2072 annum
1383 2005 1477 2071 inter
1490 2021 1554 2069 nos
1566 2003 1767 2072 dividamus
1784 2023 1846 2090 per
1863 2005 2105 2074 medietatem:

249 2159 362 2225 missu
379 2158 530 2244 predicti
547 2159 756 2227 monasterii
773 2157 902 2225 tollant
917 2157 1047 2226 exinde
1063 2157 1302 2242 medietatem,
1319 2157 1444 2224 3111113
1460 2157 1699 2243 medietatem3
1724 2158 1837 2225 missu
1859 2159 2010 2244 predicti
2032 2177 2106 2227 mo-

251 2313 418 2396 nasterii,
435 2312 520 2379 dum
536 2331 600 2398 pro
616 2313 691 2398 ipse
704 2310 883 2378 bindemie
895 2310 1026 2379 ibidem
1038 2311 1189 2396 steterit,
1204 2309 1275 2378 illis
1286 2329 1367 2378 eum
1379 2312 1515 2378 notrire
1528 2310 1723 2378 secundum
1736 2329 1839 2380 suam
1851 2312 2102 2398 possivilitate,

248 2471 284 2532 01
299 2466 592 2552 palmentaticum
610 2467 683 2534 illis
698 2465 786 2535 dare
803 2466 848 2534 ad
864 2481 948 2551 pars
966 2467 1078 2552 ipsius
1093 2467 1315 2551 monasterii,
1332 2469 1424 2535 sicut
1447 2467 1664 2535 consuetudo
1687 2471 1763 2534 est:
1788 2467 1832 2534 de
1853 2487 1922 2554 que
1945 2485 2009 2554 per
2032 2486 2099 2535 an-

249 2639 336 2686 num
353 2622 392 2687 in
409 2623 487 2707 ipsa
503 2623 610 2689 rebus
626 2621 698 2688 illis
714 2622 960 2707 seminaberit,
982 2621 1091 2689 deant
1107 2621 1180 2688 illis
1195 2620 1241 2690 ad
1257 2637 1342 2708 pars
1357 2621 1470 2708 ipsius
1487 2620 1696 2688 monasterii
1714 2621 1835 2706 ibique
1851 2619 1896 2688 ad
1913 2639 2013 2706 area,
2040 2622 2104 2688 ubi

249 2737 397 2843 missum
414 2782 574 2844 nostrum
590 2777 722 2844 ibidem
737 2775 890 2859 benerit,
909 2775 1034 2843 inclita
1049 2777 1195 2844 tertiam
1210 2781 1326 2864 parte,
1343 2781 1378 2844 ct
1393 2777 1466 2844 illis
1481 2777 1611 2844 tollant
1625 2776 1756 2844 exinde
1772 2776 1841 2845 due
1858 2777 1985 2860 sortis3
2008 2783 2044 2844 et
2068 2778 2099 2844 si

247 2935 364 2997 ortum
381 2930 454 2998 illis
470 2931 521 2998 ibi
537 2931 662 2998 fecerit
677 2930 732 2997 vel
749 2929 792 2996 de
809 2929 938 3015 linum,
954 2928 1064 2997 deant
1078 2929 1151 2997 illis
1167 2931 1298 2998 exinde
1315 2930 1360 2998 ad
1377 2947 1461 3018 pars
1478 2930 1592 3016 ipsius
1609 2931 1819 2998 monasterii
1844 2928 1971 2997 inclita
1994 2949 2104 3014 quar-

249 3095 321 3152 tam
336 3089 453 3170 parte,
469 3088 505 3152 et
521 3084 595 3152 illis
612 3084 694 3152 inde
710 3085 778 3151 sivi
795 3085 927 3152 abeant
941 3087 1015 3150 tres
1031 3083 1150 3168 sortis,
1166 3089 1202 3152 et
1217 3084 1324 3154 liceat
1339 3084 1412 3153 illis
1429 3087 1467 3153 in
1483 3087 1562 3172 ipsa
1579 3086 1686 3152 rebus
1707 3085 1869 3152 homines
1892 3086 2034 3153 mittere
2059 3088 2105 3154 ad

249 3236 482 3306 laborandum
500 3237 595 3306 iusta
611 3238 762 3306 ratione.
780 3237 823 3305 de
838 3256 909 3321 qua
924 3239 1264 3323 percombcnientia
1278 3240 1413 3326 guadia
1428 3240 1517 3307 mibi
1534 3239 1609 3327 ipse
1625 3239 1764 3306 cicerus
1786 3239 1884 3307 dedit
1906 3243 1943 3307 et
1966 3239 2103 3307 media·

246 3397 359 3457 torem
376 3390 466 3456 mihi
483 3390 601 3476 posuit
616 3389 758 3457 alfanus
774 3389 870 3456 filius
886 3389 1065 3477 quondam
1081 3390 1249 3460 iohannis
1265 3393 1308 3462 de
1324 3396 1425 3480 bosu3
1438 3397 1474 3461 et
1491 3412 1554 3478 per
1571 3393 1650 3479 ipsa
1666 3392 1801 3479 guadia
1818 3390 1992 3477 obligavit
2008 3411 2045 3458 se
2069 3395 2105 3462 31

245 3562 327 3611 suos
343 3543 504 3629 heredes,
521 3548 561 3612 ut
577 3545 607 3611 31
623 3544 746 3613 taliter
764 3545 886 3614 omnia
901 3546 1146 3632 suprascripta
1162 3545 1252 3615 mihi
1268 3547 1321 3614 vel
1338 3548 1385 3614 ad
1400 3563 1619 3614 successores
1634 3563 1745 3631 meos,
1762 3544 1817 3613 vel
1834 3545 1874 3612 in
1890 3561 1975 3630 pars
1990 3543 2103 3630 ipsius

246 3699 457 3766 monasterii
473 3716 545 3764 non
561 3697 813 3783 adimpleberit
827 3702 863 3766 31
878 3697 1007 3784 aliquit
1022 3699 1104 3766 inde
1120 3699 1393 3806 contradixerit,
1418 3717 1481 3787 per
1505 3698 1768 3768 combenientia
1790 3716 1854 3784 per
1871 3698 1950 3783 ipsa
1966 3697 2102 3784 guadia

245 3871 454 3940 componere
471 3855 647 3942 obligavit
662 3871 699 3922 se
716 3853 807 3921 mihi
824 3853 879 3921 vel
896 3854 934 3920 in
951 3871 1036 3940 pars
1051 3853 1164 3940 ipsius
1188 3856 1399 3922 monasterii
1423 3854 1555 3940 biginti
1581 3855 1666 3922 auri
1690 3853 1819 3920 solidos
1842 3852 2100 3920 constantinos.

244 4015 489 4080 verumtamen
505 4011 622 4077 omnis
637 4009 707 4078 ficu
722 4029 791 4095 que
807 4009 846 4078 in
862 4007 941 4097 ipsa
956 4013 1063 4078 rebus
1078 4015 1176 4100 sunt,
1193 4028 1256 4096 per
1272 4027 1410 4081 annum
1426 4009 1498 4080 11113
1515 4013 1584 4080 1013
1601 4012 1676 4098 ipse
1694 4011 1764 4078 ficu
1781 4009 1950 4094 colligere
1966 4011 2002 4076 et
2027 4026 2101 4076 sec-

245 4187 328 4236 care
344 4170 447 4254 bone,
465 4168 558 4236 sicut
580 4169 766 4255 meruerit,
790 4171 827 4234 et
850 4165 977 4236 inclita
1000 4167 1188 4236 medietate
1211 4167 1254 4236 de
1278 4169 1354 4256 ipse
1378 4168 1447 4236 flcu
1471 4169 1595 4238 senche
1619 4167 1710 4234 mihi
1734 4163 1789 4234 vel
1814 4166 1853 4232 in
1876 4181 1962 4250 pars
1986 4163 2102 4248 ipsius

245 4327 454 4395 monasterii
470 4326 570 4412 dare,
593 4331 629 4394 31
652 4325 879 4393 medietatem
903 4323 987 4392 inde
1012 4325 1080 4392 sivi
1096 4326 1202 4393 abere
1217 4341 1280 4410 per
1299 4323 1506 4411 supradicta
1529 4320 1665 4410 guadia
1689 4323 1725 4386 ct
1748 4317 1909 4404 obligata
1933 4334 2038 4404 pena.
2065 4319 2101 4383 et
2150 4395 2152 4398 ¹

245 4483 341 4550 hunc
357 4485 502 4551 brebem
517 4483 645 4568 scripsi
661 4502 727 4570 ego
742 4482 904 4552 ademari
920 4481 1096 4548 notarius.

292 4609 322 4724 †
341 4639 416 4725 Ego
432 4641 606 4706 iohannes
621 4639 784 4706 notarius
799 4656 855 4705 me
874 4637 1069 4722 subscripsi

291 4767 320 4881 †
339 4795 413 4880 Ego
428 4795 661 4881 truppoaldus
676 4796 840 4864 notarius
856 4813 912 4861 me
928 4790 1136 4876 subscripsi.
