5376 7104
1312 580 1474 660 COUEX
1506 553 1751 636 CAVENSIS

1306 983 1697 1076 DGLXXXVI.

1364 1249 1420 1327 A.
1449 1247 1499 1324 D.
1528 1245 1650 1326 1015.

631 1499 666 1636 †
689 1547 730 1615 in
755 1547 898 1616 nomine
922 1543 1058 1612 domini
1082 1539 1250 1610 bicesimo
1272 1538 1422 1627 septimo
1446 1556 1541 1609 anno
1564 1537 1788 1626 principatus
1811 1537 1932 1606 domni
1949 1535 2062 1606 nostri
2078 1533 2261 1625 guaimari
2283 1535 2416 1624 gloriosi

580 1696 770 1789 principis,
787 1713 905 1770 mense
922 1697 1089 1784 martius,
1104 1694 1353 1766 tertiadecima
1369 1691 1576 1762 indictione.
1594 1691 1734 1762 declaro
1749 1708 1816 1780 ego
1832 1691 2006 1762 iohannes
2021 1687 2119 1762 filius
2134 1688 2314 1780 quondam
2341 1693 2419 1780 ursi,

578 1849 748 1938 quoniam
770 1869 834 1937 per
855 1850 960 1918 firma
982 1849 1123 1920 cartula
1152 1850 1263 1918 michi
1293 1867 1370 1920 esse
1401 1851 1620 1938 pertinentes
1648 1869 1672 1918 a
1699 1865 1784 1936 pars
1807 1845 1977 1918 iohannis
2000 1863 2122 1916 socero
2145 1864 2242 1934 mco,
2280 1845 2344 1934 qui
2370 1849 2421 1916 bc·

578 1999 675 2072 rabit
698 2020 812 2093 russo,
836 2005 943 2072 rebus
966 2021 1032 2074 sua
1055 2002 1097 2072 de
1121 2003 1237 2072 locum
1253 2021 1468 2092 capaczana,
1487 2003 1549 2071 ubi
1565 2001 1611 2072 ad
1626 1999 1795 2072 sabuculo
1810 1998 1959 2088 dicitur,
1982 2003 2018 2069 et
2031 2017 2232 2089 congruum
2247 2002 2301 2068 est
2319 1999 2422 2070 michi

578 2151 712 2224 exinde
736 2153 968 2225 benumdare.
991 2153 1091 2224 Unde
1114 2158 1200 2224 ante
1222 2153 1422 2241 subscripto
1445 2153 1585 2224 notario
1607 2159 1644 2224 et
1665 2157 1774 2224 testes
1794 2153 1906 2224 ostedi
1931 2151 2062 2224 exinde
2084 2169 2159 2222 una
2181 2151 2325 2222 cartula
2347 2169 2425 2224 con·

580 2308 775 2378 tinentem:
793 2307 949 2378 bisantio
964 2307 1061 2378 filius
1075 2308 1224 2378 iohanni
1241 2307 1456 2378 clarificabit
1471 2308 1578 2378 abere
1594 2325 1669 2378 nna
1683 2307 1787 2396 pecia
1801 2307 1846 2379 de
1860 2311 1959 2378 terra
1981 2325 2063 2375 cum
2077 2305 2264 2395 aliquante
2287 2307 2422 2394 quertie

581 2465 620 2531 in
644 2463 721 2550 ipso
745 2463 859 2532 locum
883 2481 1099 2552 capaozana,
1123 2463 1185 2531 ubi
1209 2459 1353 2552 proprio
1375 2460 1421 2530 ad
1444 2458 1616 2530 sabuculc
1639 2459 1786 2548 dicitur,
1802 2465 1853 2550 et,
1867 2460 2012 2530 sicutei
2027 2476 2225 2546 congruum
2240 2461 2275 2529 ei
2290 2460 2428 2551 ttrernd,

582 2615 661 2686 iilos
684 2613 970 2684 benumdederad
994 2613 1106 2685 alfani
1131 2613 1340 2682 consobrino
1364 2613 1514 2681 fratrem
1537 2631 1641 2682 suum
1667 2613 1781 2682 fllium
1803 2613 1911 2703 petri,
1937 2572 2157 2702 postmodum
2182 2630 2266 2682 vero
2281 2613 2358 2700 ipse
2380 2612 2427 2682 al-

483 2851 488 2858 ,
588 2769 693 2838 ianus
717 2767 798 2838 illut
819 2767 1107 2838 benumdederad
1130 2767 1244 2856 ipsius
1266 2766 1416 2836 iohanni
1440 2785 1539 2836 russo
1562 2785 1682 2836 socero
1705 2784 1819 2852 meus3
1850 2765 1951 2834 modo
1980 2765 2124 2854 quidem
2157 2783 2356 2855 congruum
2378 2773 2428 2836 est

578 2921 689 2990 michi
712 2921 794 2992 illut
816 2922 1036 2993 benumdare
1059 2921 1207 2992 iohanni
1231 2921 1267 2988 et
1290 2919 1422 2989 andree
1445 2923 1610 3008 germani
1636 2921 1703 2990 filii
1726 2921 1924 3010 supradicti
1941 2920 2104 3009 bisantii3
2128 2925 2166 2992 et
2188 2921 2266 2991 ideo
2292 2938 2360 3010 ego
2375 2939 2430 2990 su·

580 3076 703 3161 perius
724 3073 841 3145 dictus
863 3075 1052 3161 iohannes,
1076 3073 1168 3142 sicut
1190 3071 1279 3140 mihi
1304 3089 1503 3161 congruum
1526 3081 1601 3164 est,
1624 3078 1718 3146 bona
1740 3094 1821 3146 mea
1844 3076 2040 3145 bolumtate
2064 3093 2127 3162 per
2151 3093 2219 3146 anc
2251 3075 2426 3146 cartulam

582 3227 794 3299 uenumdedi
818 3228 933 3316 adque
955 3228 1000 3299 ad
1023 3247 1163 3316 semper
1186 3228 1364 3298 abendum
1387 3229 1557 3298 confirmo
1579 3229 1678 3296 vobis
1701 3229 1879 3298 nominati
1910 3227 2060 3298 iohanni
2084 3234 2120 3300 et
2142 3228 2277 3299 andree
2302 3233 2378 3300 tcta
2392 3236 2428 3300 ct

583 3383 712 3454 inclita
735 3384 813 3471 ipsa
836 3383 939 3471 peoia
960 3382 1003 3453 de
1027 3387 1139 3470 terra,
1162 3381 1225 3470 qui
1248 3387 1302 3452 est
1324 3383 1426 3452 modo
1449 3383 1576 3473 binea,
1599 3384 1752 3456 sortione
1776 3387 1839 3473 qui
1863 3387 1931 3456 suit
1953 3387 2068 3474 ipsius
2091 3387 2258 3476 bisantii,
2286 3387 2351 3476 qui
2374 3395 2426 3459 est

583 3543 663 3629 ipsa
684 3541 788 3628 pecia
810 3539 854 3609 de
876 3543 977 3608 terra
1000 3557 1082 3607 cum
1105 3537 1213 3609 binea
1236 3538 1332 3609 inira
1355 3558 1402 3632 ec
1418 3537 1513 3608 finis:
1538 3537 1581 3608 de
1605 3540 1727 3608 subter
1756 3543 1859 3626 parte
1887 3540 1959 3610 dne
1982 3540 2082 3610 ribus
2105 3540 2149 3610 de
2174 3543 2358 3612 sabuculo:
2382 3541 2423 3610 de

581 3692 658 3764 alia
681 3697 782 3780 parte
806 3693 877 3761 fine
899 3691 963 3778 qui
987 3691 1055 3760 suit
1076 3691 1190 3778 ipsius
1213 3691 1363 3761 iohanni
1388 3691 1497 3760 soceri
1523 3707 1612 3778 meo,
1637 3691 1729 3779 quod
1751 3695 1918 3780 paratum
1942 3695 2046 3763 abuit
2076 3694 2124 3764 da
2153 3691 2319 3781 iaquinto
2351 3693 2426 3762 filio

585 3844 738 3915 iohanni
763 3844 881 3914 mollo:
907 3845 949 3914 de
974 3843 1046 3912 alia
1069 3847 1171 3930 parte
1195 3844 1279 3930 fine,
1302 3843 1395 3912 sicut
1416 3842 1533 3912 medio
1556 3844 1713 3914 cristone
1736 3843 1908 3914 discernit
1939 3847 1978 3915 et
2006 3844 2234 3933 aliquantum
2258 3850 2427 3935 pertange

584 3999 633 4068 ad
657 4000 728 4067 fine
752 3999 795 4068 de
819 3998 997 4068 ominibus
1023 3997 1066 4066 de
1089 3998 1258 4084 coperole:
1284 3997 1327 4066 de
1350 3998 1424 4068 alia
1446 4001 1549 4086 parte
1574 3999 1658 4087 fine,
1682 3998 1775 4068 sicut
1797 3997 2006 4068 balloncello
2028 3997 2202 4068 discernit
2225 4003 2263 4070 et
2277 4001 2423 4070 coniun-

583 4157 692 4240 gente
715 4152 754 4220 in
779 4151 939 4238 predicto
962 4153 1063 4222 ribus
1087 4151 1129 4220 de
1152 4151 1335 4237 sabuculo;
1359 4151 1402 4221 de
1425 4169 1465 4220 ec
1482 4169 1565 4220 vero
1580 4151 1787 4238 supradicta
1810 4156 1916 4222 rebus
1942 4152 2038 4224 infra
2060 4153 2262 4242 supradicte
2277 4152 2360 4223 finis
2375 4155 2426 4223 in·

581 4303 671 4375 clita
694 4312 860 4393 quartam
883 4311 986 4392 parte
1010 4306 1109 4374 vobis
1131 4303 1267 4374 exdicti
1292 4305 1455 4392 germani
1481 4305 1788 4392 benumdedimua
1805 4304 1867 4393 qui
1884 4305 1950 4374 tuit
1966 4307 2122 4376 sortione
2138 4306 2292 4395 predicti
2310 4305 2425 4376 bisam

585 4459 630 4526 tii
656 4460 810 4546 genitori
838 4465 968 4547 vestro,
993 4479 1071 4529 cum
1097 4460 1216 4528 omnia
1240 4458 1334 4528 intro
1357 4477 1394 4528 se
1420 4459 1611 4528 abentibus
1634 4459 1758 4528 etsuis
1773 4455 2016 4546 pertinentiis,
2032 4462 2165 4529 etcum
2181 4463 2285 4529 ambo
2301 4478 2422 4550 supra·

582 4612 677 4681 dicte
701 4613 838 4718 cartule
862 4619 1002 4684 etcum
1026 4635 1068 4686 ea
1094 4633 1161 4701 que
1186 4613 1359 4682 continet.
1383 4613 1481 4682 Unde
1505 4612 1549 4682 de
1573 4612 1779 4699 supradicta
1802 4629 1883 4682 mea
1906 4610 2124 4683 bindictione
2147 4613 2285 4684 nnllam
2317 4613 2421 4686 michi

582 4765 638 4837 rel
663 4769 770 4837 uxori
795 4789 887 4857 mee,
912 4775 975 4840 aut
999 4773 1131 4860 cuiqna
1154 4771 1332 4857 omnibuS‚
1355 4772 1419 4838 aut
1443 4769 1481 4836 in
1505 4768 1630 4854 quavis
1653 4767 1817 4856 partibus
1840 4766 1971 4836 exinde
2000 4766 2146 4856 restitit,
2178 4773 2244 4837 aut
2274 4769 2422 4839 dicimus

584 4938 771 4992 remanere
797 4925 964 5012 sortione,
988 4929 1056 5012 set,
1080 4926 1174 4994 sicut
1195 4924 1367 5010 dirimo,
1390 4920 1552 4990 funditus
1576 4919 1658 4988 iiiut
1681 4919 1780 4986 vobis
1804 4917 2108 5008 bononnesium,
2130 4919 2177 4989 ad
2200 4922 2374 4992 securiter
2389 4929 2424 4992 ct

592 5073 744 5144 firmiter
768 5077 893 5147 amodo
916 5083 952 5147 et
975 5097 1112 5167 semper
1136 5097 1197 5146 vos
1221 5077 1419 5165 vestrisque
1441 5075 1606 5144 eredibus
1629 5072 1712 5142 illut
1734 5071 1929 5160 coendum,
1951 5071 2225 5164 dominandum,
2247 5077 2422 5164 possiden·

586 5227 686 5316 dnm,
711 5229 831 5299 omnia
855 5228 985 5300 exinde
1010 5229 1213 5298 faciendum
1237 5229 1329 5316 quod
1352 5227 1551 5315 uolueritis,
1575 5230 1708 5314 absque
1731 5228 1828 5296 omni
1852 5245 1932 5297 mea
1947 5230 1983 5296 et
1999 5229 2042 5298 de
2058 5231 2147 5300 meis
2162 5229 2329 5300 eredibus
2343 5249 2422 5300 con·

586 5386 778 5454 trarietate
801 5385 856 5453 vel
882 5383 1128 5472 requisitione.
1153 5384 1252 5452 Unde
1275 5402 1339 5471 pro
1365 5381 1645 5452 confirmandam
1669 5385 1705 5451 et
1728 5381 2023 5452 stabiliscendam
2043 5401 2112 5455 anc
2135 5402 2215 5455 mea
2237 5385 2423 5458 bindictio

583 5553 646 5628 ne,
670 5557 768 5608 nunc
792 5559 815 5610 a
838 5540 1014 5628 presentis
1037 5537 1151 5626 recepi
1177 5557 1200 5606 a
1222 5557 1282 5606 vos
1304 5537 1435 5606 exinde
1457 5539 1540 5608 auri
1563 5540 1635 5608 tari
1659 5540 1818 5626 quinque
1840 5544 1876 5608 et
1899 5539 2054 5609 medium
2084 5541 2169 5629 tari,
2200 5541 2295 5612 sicut
2328 5545 2420 5614 inter

585 5708 651 5762 nos
675 5693 853 5764 combenit
876 5695 914 5762 in
937 5695 1052 5763 omnis
1075 5690 1344 5778 deliberatione3
1369 5691 1537 5779 finitoque
1560 5709 1642 5761 vero
1666 5692 1819 5779 pretium
1843 5692 1959 5781 ipsum
1990 5699 2077 5782 aput
2107 5713 2184 5784 nos,
2208 5698 2261 5768 Ea
2283 5699 2419 5767 rationo

583 5864 646 5932 per
671 5846 764 5916 bona
787 5845 1048 5918 combenientia
1071 5845 1205 5934 guadio
1228 5844 1327 5913 vobis
1350 5844 1524 5912 nominati
1549 5843 1696 5914 iohanni
1713 5848 1749 5914 et
1764 5845 1897 5916 andree
1913 5845 2008 5936 dedi,
2024 5851 2061 5916 et
2077 5847 2310 5919 mediatorem
2328 5851 2422 5920 vobis
