5310 7080
627 563 672 632 51)
942 647 948 656 Ι
1264 561 1433 632 eoban
1472 562 1745 638 olvnnsls

579 787 752 854 romoaldi
777 786 918 874 clerici,
942 805 983 853 eo
1006 787 1097 872 quod
1122 792 1205 854 ante
1229 788 1410 873 presentia
1440 785 1575 856 maioni
1599 788 1791 873 presbiteri
1814 792 1849 855 et
1873 787 2014 857 abbatis
2037 788 2186 855 ecclesie
2210 788 2327 855 sancti
2353 806 2425 855 ma·

580 939 685 1026 nimi,
709 945 744 1006 et
767 940 888 1025 ibique
917 943 1057 1008 astante
1080 940 1272 1026 subscripti
1295 943 1414 1025 testeS,
1431 959 1494 1024 per
1519 937 1793 1007 demandatione
1810 939 1920 1024 ipsius
1943 938 2085 1007 abbatis
2101 939 2254 1006 tradidit
2279 940 2425 1006 iohanni

579 1094 654 1160 filio
677 1093 784 1160 amici
811 1112 885 1161 una
907 1094 1067 1163 clusuria
1089 1095 1132 1162 de
1155 1099 1254 1163 terra
1276 1113 1356 1161 cum
1381 1095 1488 1160 binea
1504 1093 1546 1160 de
1562 1093 1677 1160 locum
1700 1090 1820 1159 selline
1843 1091 1974 1158 finibus
1998 1091 2232 1175 salernitane,
2256 1091 2350 1177 quod
2364 1111 2427 1178 ego

580 1246 618 1311 in
643 1247 853 1314 beneficium
886 1251 990 1314 teneo
1015 1268 1037 1314 a
1061 1266 1144 1333 pars
1169 1248 1282 1331 ipsius
1304 1221 1452 1313 ecclesie
1475 1265 1538 1332 per
1562 1265 1601 1312 ec
1625 1247 1708 1312 finis
1732 1251 1768 1313 et
1791 1245 1994 1314 mensuria:
2022 1248 2068 1313 ab
2090 1246 2226 1312 oriente
2248 1247 2319 1311 fine
2344 1245 2430 1330 bia,

580 1398 662 1464 inde
685 1403 769 1465 sunt
793 1401 890 1484 passi
914 1399 1179 1485 quinquaginta
1203 1403 1299 1464 octo:
1325 1419 1347 1464 a
1370 1399 1633 1484 septemtrionis
1665 1401 1735 1465 fine
1763 1399 1876 1484 ipsius
1900 1398 2066 1485 ecclesie,
2090 1398 2183 1464 siout
2206 1397 2325 1464 media
2349 1417 2426 1482 sepe

580 1551 767 1656 discernit,
792 1551 873 1618 inde
897 1553 993 1638 passi
1016 1551 1207 1637 sexaginta
1229 1553 1423 1636 quadtuor:
1453 1555 1498 1619 ab
1521 1553 1701 1620 occidente
1726 1554 1795 1619 fine
1821 1551 1901 1638 bia,
1927 1552 2009 1620 inde
2033 1553 2128 1639 passi
2154 1552 2285 1638 biginti
2309 1571 2382 1619 sex:
2408 1577 2426 1622 a

581 1703 730 1770 meridie
754 1705 824 1771 fine
850 1705 963 1790 ipsius
986 1706 1153 1791 ecclesie,
1179 1705 1261 1772 inde
1286 1705 1403 1774 media
1427 1724 1508 1792 sepe
1533 1706 1724 1790 discernit,
1749 1706 1831 1772 inde
1855 1713 1939 1772 sunt
1962 1705 2057 1792 passi
2084 1705 2279 1792 sexaginta
2303 1725 2426 1792 unum,

583 1861 694 1922 totum
718 1857 763 1923 ad
788 1857 881 1924 iusto
905 1877 1048 1942 passum
1073 1857 1197 1924 omini.
1224 1877 1286 1944 per
1311 1859 1385 1942 ipse
1409 1858 1492 1923 finis
1517 1863 1552 1926 ot
1576 1858 1759 1926 mensoria
1782 1858 1947 1927 inclitum
1978 1858 2059 1926 illut
2084 1858 2117 1926 ei
2142 1859 2370 1945 tradidimuS,
2394 1870 2428 1926 ut

582 2011 706 2078 amodo
730 2015 765 2078 et
789 2029 901 2096 usque
925 2012 1102 2096 quadtuor
1128 2011 1214 2077 anni
1249 2011 1412 2096 completi
1437 2011 1482 2079 ad
1506 2030 1572 2080 sua
1597 2012 1644 2080 sit
1666 2018 1876 2099 potestatem
1908 2014 1990 2081 illut
2020 2013 2234 2097 tenendum,
2258 2018 2295 2079 et
2317 2015 2427 2080 omnis

581 2181 644 2230 sue
669 2163 840 2232 utilitatis
864 2162 959 2232 iusta
983 2164 1124 2232 ratione
1149 2164 1198 2232 ibi
1222 2166 1373 2251 saciant,
1390 2173 1425 2234 et
1441 2187 1503 2252 per
1520 2187 1656 2236 annum
1680 2169 1755 2235 suis
1780 2169 1995 2255 temporibus
2018 2167 2125 2234 vinea
2143 2168 2221 2253 ipsa
2246 2166 2426 2254 scolciare,

579 2315 833 2402 propaginare,
858 2337 1023 2403 zappare,
1049 2323 1171 2403 potare
1195 2325 1230 2385 ot
1254 2318 1417 2404 inpalare
1442 2320 1486 2386 ad
1511 2321 1609 2405 palos
1641 2319 1772 2386 sfixicii
1799 2311 1883 2400 Ι111
1907 2320 2063 2406 ungiuni
2088 2320 2127 2404 ²),
2153 2323 2188 2386 et
2211 2336 2270 2384 eos
2303 2317 2428 2402 ligare,

579 2471 615 2533 et
638 2487 700 2553 per
725 2487 861 2535 annum
886 2471 1023 2536 salbum
1050 2469 1148 2536 illum
1174 2471 1304 2557 facere,
1321 2476 1356 2538 et
1372 2471 1432 2537 ubi
1449 2471 1634 2556 meruerit,
1652 2470 1754 2537 illum
1777 2490 1835 2537 eos
1859 2470 2014 2555 cludere3
2033 2475 2174 2538 tantum
2200 2475 2334 2554 quanto
2352 2487 2427 2554 pro-

581 2620 705 2705 pagini
732 2622 930 2688 excusserit
952 2623 998 2688 da
1022 2621 1099 2707 ipsa
1123 2623 1228 2690 vinea
1254 2622 1292 2687 in
1316 2624 1423 2709 sonas,
1449 2623 1507 2690 ubi
1535 2622 1595 2691 ille
1601 2675 1680 2690 ......
1706 2625 1862 2710 abuerit,
1887 2623 2009 2690 demus
2025 2625 2058 2691 11
2076 2624 2121 2691 ad
2139 2622 2213 2708 ipso
2238 2621 2426 2708 propagini

582 2772 676 2858 pali,
700 2778 735 2840 et
758 2794 819 2859 per
844 2767 1020 2842 vindemie
1045 2776 1180 2842 saciant
1203 2793 1266 2840 nos
1283 2776 1397 2861 scire,
1421 2779 1467 2844 ut
1483 2796 1546 2844 nos
1570 2784 1633 2845 aut
1657 2777 1804 2844 missum
1827 2781 1988 2845 nostrum
2013 2777 2114 2843 illum
2144 2777 2372 2862 dirigamuS,
2396 2790 2430 2842 11

580 2925 640 2992 1111
665 2928 770 2994 vinea
796 2928 871 3013 ipsa
896 2927 1136 3013 vindemiare,
1168 2933 1203 2995 et
1226 2927 1341 2995 omnis
1363 2929 1488 2996 vinum
1511 2931 1642 2998 exinde
1667 2931 1788 3016 ibique
1811 2933 1856 2998 ad
1879 2931 2101 3016 palmentum
2126 2931 2220 2995 inter
2247 2947 2310 2994 nos
2335 2928 2428 2994 dibi-

578 3080 704 3146 damus
728 3099 790 3166 per
814 3079 1053 3146 medietatem:
1081 3098 1144 3145 nos
1168 3081 1333 3146 tollamus
1358 3081 1439 3148 illut
1464 3082 1701 3168 medietatem,
1727 3097 1762 3151 11
1787 3085 1846 3152 1111
1870 3085 2116 3169 medietatem,
2141 3087 2258 3166 scepto
2282 3081 2312 3146 si
2339 3082 2424 3146 mibi

580 3232 756 3317 placuerit
780 3232 850 3298 dua
873 3232 994 3298 frudia
1020 3233 1097 3318 ipsa
1122 3233 1227 3299 vinea
1250 3252 1330 3299 cum
1354 3232 1455 3300 illum
1480 3235 1670 3324 lavorare‚
1701 3241 1912 3322 potestatem
1945 3239 2114 3304 abeamus
2138 3254 2219 3302 cum
2244 3233 2346 3300 illum
2371 3251 2429 3300 eos

582 3387 758 3473 lavorare‚
784 3393 819 3454 et
842 3389 957 3454 omnis
981 3390 1100 3456 lavore
1124 3394 1160 3456 11
1183 3391 1371 3475 spondium
1396 3410 1457 3476 per
1482 3395 1601 3476 partes
1626 3389 1831 3476 mittamus;
1856 3408 1920 3456 nos
1944 3381 2191 3475 medietatem,
2216 3393 2251 3455 et
2277 3387 2427 3454 11111111-

579 3539 760 3626 dietatem3
787 3547 821 3608 et
846 3541 921 3626 ipso
945 3543 1068 3607 vinum
1092 3543 1134 3609 de
1159 3544 1237 3629 ipsa
1259 3545 1331 3610 dua
1355 3543 1473 3612 frudia
1497 3543 1722 3627 dibidamus,
1747 3542 1841 3610 inter
1864 3560 1928 3608 nos
1951 3543 1990 3608 in
2014 3547 2181 3628 quartam
2205 3548 2329 3627 parte:
2367 3557 2428 3604 nos

579 3695 745 3764 tollamus
769 3698 850 3764 inde
875 3703 949 3765 tres
974 3699 1093 3786 sortia,
1110 3703 1146 3767 et
1162 3699 1223 3765 ille
1248 3718 1320 3767 una
1344 3705 1450 3766 sorte.
1476 3701 1521 3769 ad
1546 3699 1621 3786 ipso
1644 3698 1876 3766 constitutum
1901 3696 2027 3763 inclita
2051 3694 2298 3781 suprascripta
2323 3693 2427 3758 rebus

580 3851 628 3916 ad
653 3855 861 3936 potestatem
886 3852 1044 3938 predicte
1068 3851 1215 3919 ecclesie
1239 3854 1436 3940 perveniat,
1462 3855 1554 3921 unde
1570 3873 1633 3940 pro
1650 3854 1770 3923 taliter
1786 3856 1921 3942 guadio
1944 3853 2034 3921 milri
2050 3853 2130 3920 dedi
2148 3857 2183 3920 et
2199 3853 2428 3922 mediatorem

580 4003 668 4072 mihi
685 4006 802 4091 posuit
818 4025 854 4072 se
873 4005 1002 4092 ipsum,
1021 4012 1056 4074 et
1072 4026 1134 4092 per
1160 4006 1238 4093 ipsa
1262 4007 1397 4092 guadia
1421 4007 1594 4093 obligavit
1617 4029 1654 4076 se
1677 4015 1713 4076 et
1736 4027 1817 4076 suos
1832 4009 1966 4094 1111111,
1983 4012 2023 4076 ut
2038 4009 2069 4074 si
2086 4007 2216 4094 aliquit
2243 4008 2325 4075 inde
2350 4026 2428 4074 con-

579 4158 777 4225 tradixerit
799 4161 835 4225 et
858 4157 950 4226 talia
973 4177 1044 4224 non
1068 4159 1329 4246 adimpleberit,
1347 4178 1555 4246 componere
1572 4159 1747 4247 obligabit
1761 4181 1797 4230 se
1814 4167 1850 4231 et
1865 4180 1945 4230 suos
1968 4163 2089 4230 eredes
2106 4161 2195 4228 mibi
2215 4161 2270 4228 vel
2287 4162 2325 4227 in
2345 4180 2427 4246 pars

577 4312 690 4396 ipsius
714 4313 861 4380 ecclesie
888 4312 1015 4400 blginti
1042 4313 1121 4380 auri
1148 4312 1251 4379 solidi
1274 4313 1480 4398 costantini,
1497 4314 1592 4380 etad
1617 4314 1691 4400 ipso
1715 4315 1947 4382 constitutum
1971 4315 2182 4400 completum
2208 4315 2335 4383 inclita
2354 4315 2428 4402 ipsa

582 4472 682 4534 curte
706 4468 806 4535 clusa
829 4489 892 4555 per
917 4467 1164 4554 suprascripta
1197 4466 1381 4536 mensuria
1405 4467 1590 4552 perveniat
1613 4468 1658 4535 ad
1682 4471 1893 4553 potestatem
1925 4467 2038 4553 ipsius
2069 4467 2239 4555 ecclesie,
2263 4474 2299 4536 et
2323 4469 2428 4536 liceat

580 4618 652 4687 illis
676 4622 758 4688 inde
781 4623 882 4690 111111
907 4642 987 4690 cum
1011 4624 1126 4689 omnis
1149 4641 1216 4689 sua
1239 4620 1399 4688 mobilia.
1422 4625 1543 4687 etune
1567 4622 1711 4688 brebem
1735 4620 1861 4706 scripsi
1888 4640 1953 4706 ego
1978 4621 2152 4691 iohannes
2179 4623 2345 4692 notarius
2369 4622 2428 4709 qui

579 4772 740 4842 interlui.

626 4900 656 5015 †
681 4949 746 5017 ego
769 4933 907 4998 cicerus
931 4931 1096 5000 notarius
1120 4950 1175 4998 me
1198 4928 1391 5014 subscripsi

625 5054 656 5170 †
682 5101 748 5169 ego
773 5090 896 5168 petrus
920 5083 1081 5150 notarius
1105 5100 1161 5148 me
1185 5081 1391 5167 subscripsi.

578 5337 673 5347 u·—
687 5335 861 5343 .....„....-..,..⁴..
871 5336 904 5341 --
923 5335 1031 5343 ..ῃ--..κ

620 5517 641 5594 ¹)
663 5515 796 5592 slirictr',
823 5533 883 5575 seu
907 5513 1059 5591 confines.

619 5660 815 5740 11111911111,
840 5658 1088 5722 1111111111111
1112 5677 1295 5720 concurses.
