5376 7104
1016 523 1423 599 birbousrlcbs
2027 521 2099 596 257

293 745 397 834 posui
423 743 612 834 meipsum
636 749 673 815 et
695 764 760 832 per
782 747 862 834 ipsa
884 747 1019 836 guadia
1041 753 1104 819 etc.
1129 750 1278 836 Reliqua
1297 769 1391 838 pars
1414 752 1519 820 buius
1542 753 1692 822 obortae
1714 754 1770 820 itu
1792 755 1843 820 cst
1866 752 2006 838 obrosu,
2023 755 2064 817 ut
2080 753 2150 819 mi·

295 900 391 967 aimo
413 900 567 985 iutelliqi
584 901 698 984 possit
716 901 904 984 praetium
928 905 1085 970 statutae
1108 906 1275 992 mulctae,
1295 925 1367 990 pro
1387 909 1507 992 pactis
1533 926 1603 976 uou
1626 909 1793 995 seruatis,
1816 912 1849 976 ct
1868 924 1995 975 uouwu
2011 906 2149 973 uteru

293 1055 356 1136 qut
379 1053 443 1120 boc
465 1053 751 1120 instrumentum
773 1057 957 1122 emarcuit.

344 1177 375 1294 †
400 1207 476 1292 Ego
500 1206 685 1274 dauferius
708 1209 871 1277 notarius
893 1227 949 1277 me
965 1211 1159 1298 subscripsi

340 1329 371 1444 †
400 1359 477 1444 Ego
499 1357 687 1446 iaquintus
707 1359 869 1429 notarius
893 1379 949 1429 me
972 1365 1178 1451 subscripsi.

997 1617 1444 1627 -.-——--—-———-—-—u—

1009 1906 1430 1988 DCLXXXVII.

1076 2166 1131 2241 A.
1157 2163 1208 2240 D.
1237 2161 1359 2243 1015.

338 2399 375 2538 †
398 2452 439 2516 In
462 2450 606 2520 nomine
629 2451 764 2520 domini
788 2449 954 2520 vicesimo
977 2455 1127 2539 septimo
1150 2456 1272 2521 hanno
1286 2454 1512 2544 principatus
1527 2453 1648 2522 domni
1665 2453 1778 2521 nostri
1793 2452 1975 2540 guaimari
1993 2453 2146 2538 gloriosi

293 2602 482 2694 principis,
507 2621 628 2671 mense
651 2606 805 2692 magiuS,
829 2605 1077 2674 tertiadecima
1099 2606 1311 2674 indictione.
1338 2608 1628 2677 memoratorium
1652 2607 1784 2676 tactum
1808 2605 1950 2675 anobis
1966 2609 2089 2692 petrus
2107 2605 2151 2672 fi-

295 2753 344 2820 lio
366 2755 544 2840 quondam
566 2757 660 2842 petri
683 2759 718 2825 et
742 2757 921 2843 alphanus
945 2758 1018 2825 tilio
1022 2808 1176 2826 ......
1201 2760 1336 2846 comiti,
1361 2778 1402 2828 eo
1425 2761 1517 2846 quod
1534 2763 1618 2829 ante
1633 2758 1825 2845 subscripti
1841 2761 1949 2826 testes
1965 2775 2029 2844 per
2046 2759 2142 2826 bona

182 2973 185 2977 .
298 2909 561 2976 combenientia
584 2908 688 2976 trado
711 2909 779 2977 tibi
802 2910 950 2980 iohanni
974 2911 1047 2977 filio
1071 2911 1250 2998 quondam
1273 2909 1422 2980 iohanni
1447 2929 1520 2979 una
1544 2911 1645 2996 pecia
1672 2909 1715 2977 de
1741 2914 1841 2978 terra
1868 2911 1985 2977 bacua
2007 2914 2146 2992 nostra,

294 3061 388 3146 quod
413 3064 561 3131 abemus
584 3063 623 3130 in
648 3063 762 3132 locum
787 3084 988 3152 capaczana
1011 3065 1144 3133 finibus
1160 3064 1392 3150 salernitane,
1409 3083 1472 3151 per
1488 3064 1572 3132 finis
1588 3069 1624 3132 ct
1637 3063 1829 3130 mensurio:
1855 3065 1902 3132 ab
1917 3063 2055 3132 oriente
2071 3065 2143 3132 fine

298 3217 451 3300 rotense,
474 3215 558 3283 inde
583 3221 668 3284 sunt
690 3218 786 3306 passi
814 3217 947 3305 bigiuti
970 3219 1086 3287 hocto:
1112 3239 1135 3288 a
1158 3239 1242 3306 pars
1265 3219 1530 3307 septemtrionis
1553 3219 1625 3286 fine
1647 3222 1783 3305 nostra,
1806 3217 1900 3285 sicut
1924 3217 2039 3286 medio
2063 3237 2144 3287 car-

298 3367 447 3436 bonario
470 3369 656 3457 discernit,
681 3372 763 3439 inde
787 3375 871 3438 sunt
893 3373 989 3458 passi
1013 3373 1218 3460 sexaginta:
1245 3391 1267 3440 a
1291 3391 1375 3459 pars
1391 3372 1587 3441 occidentis
1603 3373 1675 3440 fine
1690 3375 1827 3456 nostra,
1844 3371 1929 3439 inde
1946 3375 2030 3439 sunt
2045 3372 2143 3458 passi

298 3517 431 3606 biginti
454 3523 644 3607 quadtuor:
669 3542 692 3590 a
716 3521 866 3592 meridie
889 3524 961 3592 fine
983 3528 1116 3610 tuaque
1138 3523 1302 3612 iohanni,
1327 3525 1410 3594 inde
1433 3529 1518 3594 suut
1542 3527 1638 3613 passi
1661 3523 1941 3612 quinquaginta,
1966 3527 2081 3592 totum
2098 3525 2143 3592 ad

294 3674 389 3742 iusto
411 3694 553 3762 passum
576 3676 727 3745 homini:
752 3695 815 3764 per
839 3678 914 3763 ipse
929 3677 1012 3744 finis
1028 3681 1064 3746 et
1080 3677 1272 3764 mensurio,
1288 3679 1382 3746 sicut
1397 3678 1570 3764 diximus,
1587 3677 1753 3745 inclitum
1770 3675 1853 3745 illut
1868 3677 1981 3764 ipsius
1994 3677 2143 3746 iohanni

294 3826 510 3896 tradidimus
534 3829 571 3896 in
596 3830 661 3898 tali
687 3829 824 3917 ordine,
849 3833 889 3897 ut
914 3829 1038 3898 amodo
1061 3833 1097 3898 et
1118 3831 1216 3898 omni
1238 3835 1396 3915 tempore
1420 3829 1466 3899 ad
1489 3847 1555 3898 sua
1576 3831 1613 3896 et
1636 3828 1680 3896 de
1704 3827 1967 3896 suiseredibus
1990 3828 2065 3898 sint
2080 3847 2142 3916 po-

292 3979 436 4048 testatis
459 3979 543 4049 illut
564 3983 756 4051 tenendum
768 4035 778 4070 ,
803 3987 840 4052 et
863 3983 960 4051 lobea
985 3986 1021 4051 et
1042 3981 1157 4049 omnis
1180 3999 1242 4048 sue
1266 3978 1436 4048 utilitatis
1460 3978 1592 4048 ibidem
1624 3979 1827 4048 iaciendum
1860 3977 1956 4049 iusta
1986 3982 2141 4068 ratione,

292 4137 329 4200 ct
350 4138 462 4202 totum
487 4135 570 4204 illut
592 4141 782 4224 pastenare
805 4137 959 4205 debeant
982 4137 1170 4205 arbustum
1193 4134 1235 4204 de
1259 4137 1350 4204 bono
1374 4135 1510 4204 bitineo
1533 4139 1569 4205 et
1592 4132 1731 4222 pomis,
1762 4132 1856 4203 sicut
1879 4137 2077 4224 meruerit,
2102 4140 2143 4206 et

292 4287 405 4354 totum
430 4287 514 4355 illut
536 4287 679 4356 cludere
701 4293 738 4357 et
760 4287 897 4356 clusum
926 4288 1009 4358 illut
1033 4291 1188 4373 abeant,
1212 4286 1306 4355 sicut
1334 4285 1531 4372 meruerit,
1561 4287 1598 4354 et
1621 4287 1737 4354 omnis
1761 4287 1886 4356 vinum
1909 4291 1946 4355 et
1967 4288 2117 4375 srugens
2130 4337 2141 4376 ,

292 4437 384 4524 quod
408 4439 451 4508 de
473 4441 548 4510 tota
571 4443 817 4528 suprascripta
839 4442 947 4509 rebus
963 4439 1101 4528 tollere,
1118 4440 1175 4508 vel
1192 4442 1486 4529 abere-potuerit,
1501 4439 1624 4510 amodo
1648 4443 1685 4508 et
1709 4459 1819 4527 usque
1842 4445 1919 4509 octo
1942 4441 2031 4509 anui
2047 4460 2143 4510 com-

289 4591 403 4678 pleti,
436 4598 549 4664 totum
581 4593 665 4664 illut
692 4595 760 4664 sibi
792 4597 949 4682 abeant,
973 4593 1174 4663 laciendum
1199 4592 1283 4662 inde
1311 4593 1404 4682 quod
1425 4591 1605 4679 boluerit3
1635 4597 1672 4662 et
1694 4597 1872 4680 quantum
1902 4592 2029 4662 viuum
2052 4594 2137 4663 inde

289 4745 422 4814 exierit
443 4746 491 4816 da
513 4748 580 4835 ipsi
605 4753 683 4816 octo
706 4749 793 4818 anni
818 4747 858 4815 in
882 4750 991 4817 antea
1015 4765 1126 4834 usque
1149 4747 1327 4834 quadtuor
1351 4745 1451 4833 anni,
1468 4749 1509 4814 ut
1524 4743 1649 4813 amodo
1672 4762 1710 4812 se
1732 4746 1933 4834 compleant
1948 4747 2134 4818 duodecim

288 4899 389 4985 anni,
415 4895 523 4969 deant
546 4897 629 4967 inde
652 4898 755 4968 nobis
776 4900 859 4969 inde
883 4900 1004 4986 ibique
1028 4897 1156 4967 inclita
1178 4915 1260 4966 una¹
1274 4896 1421 4967 tertiam
1442 4901 1604 4984 partem,
1626 4895 1696 4965 due
1719 4913 1804 4966 vero
1827 4897 1935 4967 sortis
1958 4899 2043 4968 inde
2066 4901 2137 4970 sibi

288 5053 433 5138 abeant3
456 5053 500 5121 de
523 5072 592 5141 que
615 5052 740 5122 amodo
763 5053 814 5121 ibi
837 5051 1089 5139 seminaberit,
1112 5049 1220 5120 deant
1243 5047 1334 5154 inde
1350 5046 1452 5116 nobis
1475 5046 1684 5118 terraticum
1701 5048 1896 5118 secundum
1923 5053 2139 5121 consuetudo

261 5259 263 5264 .
287 5202 331 5273 de
355 5203 432 5292 ipso
455 5203 583 5273 locum.
609 5203 664 5273 Ad
685 5201 851 5292 completi
874 5201 1051 5298 veroipsi
1074 5202 1256 5270 duodecim
1280 5199 1383 5288 anni,
1412 5205 1453 5270 ut
1475 5201 1601 5271 amodo
1632 5220 1670 5272 se
1699 5188 1915 5290 compleant,
1941 5205 2073 5274 abeant
2098 5203 2140 5273 in

288 5359 365 5428 tota
387 5357 634 5444 suprascripta
657 5358 763 5425 rebus
786 5374 850 5444 per
873 5354 1118 5443 suprascripta
1141 5355 1326 5424 mansuria
1348 5357 1534 5424 arbustum
1557 5372 1706 5442 vonum,
1731 5360 1885 5443 surtum,
1900 5360 1938 5424 et
1952 5360 2141 5442 operatum

287 5511 482 5580 attactum
505 5528 568 5580 seu
598 5510 725 5598 pomis,
749 5508 842 5578 sicut
864 5507 907 5577 de
930 5509 1049 5576 tantos
1072 5524 1185 5578 annos
1206 5509 1243 5576 et
1266 5507 1363 5576 locus
1387 5509 1462 5596 ipse
1485 5507 1673 5596 meruerit,
1694 5512 1731 5578 et
1754 5509 1814 5577 ubi
1839 5510 2025 5597 meruerit,
2051 5510 2133 5580 illut

286 5664 444 5732 clusum:
470 5667 604 5752 preter,
629 5663 691 5733 ubi
714 5663 811 5734 intra
834 5665 1079 5752 suprascripta
1101 5665 1209 5731 rebus
1232 5666 1332 5732 terra
1347 5661 1452 5733 arida
1468 5663 1592 5750 tuerit,
1608 5667 1645 5731 et
1660 5664 1807 5732 arbores
1821 5660 1876 5731 vel
1894 5663 1988 5731 vites
2003 5661 2139 5732 ibidem

286 5835 435 5907 surgere
457 5836 530 5888 non
554 5821 735 5908 potuerit,
759 5837 871 5908 usque
895 5817 1072 5906 quattuor
1096 5817 1192 5886 vices
1214 5815 1298 5886 illut
1320 5815 1564 5904 pasteuaberit
1576 5865 1587 5905 ,
1610 5832 1684 5884 nou
1708 5815 1804 5888 sient
1826 5815 1911 5886 inde
1934 5817 2037 5885 nobis
2061 5817 2139 5885 cul·

476 5978 546 6036 Tou.
567 5991 603 6034 m.
1909 5969 1949 6030 33
