5318 7102
956 564 1140 639 REGUM
1178 564 1507 640 FlidNCORUM
2069 566 2110 638 dl

303 786 353 856 Dc
381 785 485 858 rebus
512 785 760 860 aecclesiarum
787 791 877 864 iuste
904 789 1052 863 inbassis
1069 790 1092 886 ¹)
1119 789 1184 863 sub
1210 790 1390 863 occasione
1416 791 1514 885 quasi
1540 788 1684 864 licentia
1710 797 1849 885 accepta
1875 785 2038 886 pontifice
2064 787 2159 861 etde

300 980 305 986 ·
350 945 404 1018 his
430 947 488 1040 qui
514 946 663 1018 necdum
690 947 823 1022 reddita
849 957 943 1037 sunt,
972 957 1146 1024 ettamen
1173 951 1315 1025 luerunt
1340 951 1469 1024 iniuste
1487 974 1506 1022 a
1523 957 1691 1046 potestate
1718 946 1921 1045 pontificum
1948 948 2080 1034 invase,
2100 969 2163 1020 ro-

353 1105 485 1194 lumus,
514 1115 552 1180 nt
569 1075 638 1204 'per
664 1107 789 1182 missos
815 1117 953 1183 nostros
979 1110 1064 1184 fiant
1090 1109 1311 1183 emendatum
1327 1103 1374 1205 ³).

302 1265 536 1354 Prohibimus,
564 1275 603 1339 ut
628 1289 730 1338 nemo
756 1266 798 1339 de
823 1268 1022 1363 predatione
1048 1269 1140 1341 inter
1165 1267 1314 1340 confinia
1340 1277 1456 1342 nostra
1481 1271 1594 1367 legem
1613 1271 1655 1342 de
1674 1269 1831 1364 utrisque
1849 1267 2002 1364 partibus
2022 1265 2161 1340 ordine-

352 1451 445 1513 mus,
466 1435 505 1498 ut
524 1426 740 1499 emendetur.
762 1425 932 1499 Similiter
950 1427 1124 1517 volumus,
1144 1437 1184 1501 ut
1204 1485 1430 1503 ........
1454 1431 1645 1506 iniustitiae
1664 1431 1706 1502 de
1726 1432 1881 1526 utrisque
1899 1428 2053 1526 partibus
2079 1426 2161 1503 fiant

353 1589 549 1658 emendate.

303 1741 438 1815 Placuit
465 1740 576 1828 nobis,
606 1753 645 1815 ut
670 1742 806 1816 eunctis
832 1743 979 1834 iudices,
1009 1746 1082 1820 sibe
1099 1748 1154 1820 his
1173 1749 1232 1842 qui
1258 1747 1393 1821 cunctis
1413 1771 1550 1846 preesse
1570 1749 1709 1838 debent,
1730 1775 1790 1846 per
1808 1773 1895 1844 quos
1913 1749 2081 1822 iudicaria
2098 1773 2160 1845 po-

355 1908 463 1973 testas
490 1902 525 1971 in
552 1901 617 1974 hac
643 1901 739 1975 urbis
757 1925 853 1978 roma
871 1903 925 2000 agi
944 1903 1081 1991 debent,
1110 1905 1145 1977 in
1171 1907 1346 2002 presentia
1362 1917 1481 1983 nostra
1498 1911 1652 1992 veniant,
1674 1910 1830 1983 volentes
1847 1931 2031 1983 numerum
2050 1915 2083 1982 et
2100 1931 2161 1979 no-

352 2059 591 2132 minaeorum
620 2061 709 2133 scire
737 2071 770 2133 et
796 2063 953 2157 singulos
979 2061 1020 2134 de
1048 2065 1241 2139 ministerio
1268 2064 1333 2140 sibi
1362 2067 1495 2140 credito
1521 2065 1756 2140 admonitione
1785 2067 1850 2139 sihi
1875 2069 1992 2141 lacere
2010 2069 2048 2164 8).

343 2693 363 2774 ¹)
386 2691 521 2755 Innanzi
545 2693 610 2755 alla
632 2696 745 2775 parola
766 2698 853 2763 iuste
876 2697 932 2760 ncl
956 2706 1068 2762 nostro
1093 2699 1213 2764 Codice
1237 2717 1354 2762 manca
1376 2697 1408 2760 la
1429 2697 1550 2761 sillaba
1570 2697 1626 2773 in,
1658 2716 1676 2759 e
1699 2699 1781 2778 perd
1805 2695 1921 2758 invece
1945 2696 1978 2758 di
2001 2695 2088 2761 iuste
2112 2696 2159 2758 in·

303 2839 425 2916 nassis,
451 2841 478 2901 si
502 2839 599 2919 lagga
620 2841 743 2908 iniuste
765 2843 918 2920 inbaesis,
943 2863 1061 2907 avvero
1083 2843 1205 2910 iniuste
1226 2842 1362 2918 invasis,
1387 2862 1479 2906 come
1502 2843 1545 2904 ha
1570 2842 1593 2902 il
1616 2841 1789 2914 Muratori,
1807 2841 1831 2903 il
1849 2840 1947 2921 quale
1971 2847 2056 2903 sotto
2079 2859 2160 2920 que-

203 2989 205 2994 ’
301 2993 357 3047 sta
380 2985 477 3064 legge
502 2987 610 3050 scrire
634 3006 699 3049 una
722 2987 822 3068 lunga
844 2991 929 3052 Nota
950 2993 973 3072 *j
995 3009 1069 3073 pag.
1093 2993 1166 3065 tac,
1192 2991 1253 3054 che
1276 2989 1332 3070 qui
1350 2991 1380 3054 ci
1396 2991 1491 3071 piace
1508 2989 1541 3050 di
1557 2987 1751 3069 riprodurre
1774 2986 2024 3049 testualmente.
2044 3008 2058 3044 u
2076 2985 2158 3047 Heio

306 3157 320 3190 a
346 3131 535 3214 sipuipicare
555 3133 697 3205 uidetur,
722 3134 807 3213 quod
827 3152 885 3196 uos
908 3135 1047 3198 dicimus
1070 3141 1154 3197 sotto
1176 3141 1335 3215 pretesto,
1360 3136 1454 3215 quusi
1477 3133 1635 3213 Pontifex
1657 3133 1825 3195 licentiam
1846 3131 2030 3194 inuadendi
2052 3130 2159 3192 dedis-

301 3305 315 3340 «
339 3287 396 3344 set.
421 3281 540 3344 Lucem
562 3283 641 3343 haec
664 3282 704 3344 ab
726 3283 910 3345 Annalibus
931 3281 1139 3346 Francorum
1162 3286 1342 3364 accipiunt.
1365 3286 1420 3349 Ito
1441 3303 1515 3366 erpo
1537 3287 1745 3347 Astrouomus
1768 3286 1898 3345 iuvita
1918 3283 2075 3345 Lodoaici
2098 3281 2158 3342 Pii

300 3452 314 3486 a
340 3429 383 3490 od
404 3427 492 3488 Auu.
517 3427 585 3488 894
608 3427 646 3488 de
669 3425 824 3488 Lothario
845 3427 983 3490 Romam
1003 3429 1122 3489 misso:
1148 3427 1290 3508 Cumque
1313 3437 1545 3508 quaereretur,
1570 3449 1672 3510 quare
1694 3448 1767 3510 erqo
1789 3434 1903 3491 tautae
1925 3429 2075 3508 querelae
2098 3425 2156 3488 ad·

299 3596 314 3630 a
338 3591 448 3635 uersus
471 3573 694 3635 Romanorum
716 3571 901 3650 Pontifices,
927 3570 1120 3652 Juatcesque
1142 3580 1309 3647 souarcut,
1334 3581 1500 3655 repertum
1521 3582 1578 3649 est,
1603 3575 1688 3655 quod
1711 3573 1927 3653 quorumdam
1955 3571 2162 3652 Pontificum

298 3744 312 3778 u
337 3721 386 3782 uei
415 3721 617 3800 ipuorautia,
641 3719 691 3780 uei
720 3718 859 3792 desidio,
882 3720 939 3781 aed
967 3725 997 3782 et
1017 3705 1174 3780 Judicuua
1202 3735 1300 3781 coeco
1327 3724 1358 3780 et
1378 3718 1571 3798 ineapiebiti
1593 3717 1787 3797 cupiditate,
1818 3717 1996 3779 multorum
2012 3716 2156 3794 praedict

298 3889 312 3922 a
337 3867 457 3945 injuste
488 3867 615 3946 fuerint
648 3863 832 3944 eoufiseata.
866 3863 1005 3944 Ideoque
1037 3865 1208 3928 reddenda
1240 3883 1323 3945 puae
1355 3863 1475 3945 injuste
1503 3871 1600 3927 eraut
1623 3865 1773 3938 sublata,
1798 3863 1974 3926 Lotharius
1997 3879 2152 3943 manuam

299 4038 313 4072 a
338 4011 465 4091 Populo
496 4012 642 4074 Romano
674 4011 798 4074 creavit
829 4010 1001 4073 laetitiam.
1039 4003 1130 4082 Quod
1161 4011 1256 4092 iufra
1276 4011 1401 4074 dicitur
1423 4015 1618 4090 apotastate
1641 4008 1840 4091 Pontificum
1861 4008 1982 4088 injuste
2004 4009 2151 4080 invasae,

297 4184 312 4218 «
331 4161 426 4240 ¹idem
448 4167 494 4222 est
516 4178 554 4222 oo
576 4160 685 4222 dicere
709 4179 730 4222 u
750 4157 922 4222 Judicibus
944 4158 1128 4236 Poutifieiis
1152 4160 1287 4222 iocosae
1312 4181 1340 4220 u.

335 4307 358 4386 2)
379 4304 463 4369 nur.
487 4304 659 4368 xxxvm.
933 4257 944 4266 ⁵

334 4451 359 4532 ³)
379 4450 464 4514 Mur.
487 4449 631 4514 XXXIX.
658 4451 724 4512 Con
748 4455 864 4530 questo
889 4449 1072 4532 Capitolare
1097 4448 1214 4513 finisce
1239 4449 1263 4511 il
1288 4447 1407 4513 Codice
1431 4448 1578 4512 Curense
1602 4447 1703 4527 lcglic
1725 4447 1902 4522 illicereo,
1928 4447 1939 4509 i
1962 4447 2017 4511 cui
2039 4443 2149 4508 ultimi

292 4604 343 4660 tre
367 4597 457 4676 righi
481 4616 546 4659 non
570 4617 649 4660 sono
673 4598 793 4660 scritti.
818 4597 968 4662 Secondo
991 4597 1015 4659 il
1039 4597 1135 4661 Pertz
1157 4614 1236 4677 pare
1254 4595 1316 4659 che
1334 4595 1427 4658 siano
1450 4593 1528 4657 stati
1551 4592 1680 4674 tagliati
1705 4601 1754 4657 tre
1772 4593 1870 4674 logii,
1894 4592 2042 4656 sebbene
2066 4589 2152 4652 liniti

292 4744 303 4804 i
327 4741 407 4822 fogli
431 4743 553 4817 scritti,
578 4761 614 4805 se
637 4761 679 4804 ne
701 4758 805 4821 vegga
826 4760 872 4803 un
895 4740 978 4804 altro
1001 4740 1111 4804 affatio
1134 4741 1265 4806 hianeo.
