5334 7098
613 495 685 570 220
1250 493 1424 569 CODEX
1462 496 1728 572 ohvnhsls

568 739 742 792 maurone
775 721 924 807 comite,
949 719 1040 788 idest
1062 720 1264 807 plenariam
1291 725 1327 790 et
1350 722 1531 810 integram
1564 725 1677 812 ipsam
1708 727 1905 812 portionem
1938 744 2070 811 meam,
2102 724 2195 812 quod
2227 697 2359 794 habere
2382 734 2418 794 et

567 875 751 962 possidere
775 877 854 945 visa
876 875 927 945 lui
952 873 991 942 in
1017 874 1112 962 ipsas
1136 873 1351 943 hereditates
1374 875 1417 944 de
1443 876 1532 944 sonti
1557 878 1653 948 intus
1678 883 1759 948 eta
1783 880 1869 948 soris
1900 881 1974 967 ipse
2004 883 2174 968 quattuor
2197 878 2303 967 finis,
2327 881 2421 966 quod

573 1029 732 1099 reclarat
755 1031 832 1118 ipsa
856 1031 1034 1118 chartula,
1059 1029 1152 1116 qued
1176 1029 1309 1099 lecerat
1332 1049 1436 1099 ursus
1457 1033 1682 1102 anianenses
1698 1035 1945 1104 theodenanda
1961 1037 2065 1104 ambo
2089 1034 2272 1121 iugalibus
2296 1034 2421 1102 illicet

572 1201 730 1255 nuruam
756 1185 906 1256 iohanni
929 1185 1129 1254 atrianensi
1158 1189 1196 1255 at
1218 1187 1502 1276 suprascriptum
1526 1187 1718 1257 iohannem
1743 1193 1902 1258 vestrum
1925 1189 2146 1276 genitorem,
2171 1206 2254 1254 curn
2278 1187 2355 1254 viee
2377 1187 2419 1253 de

570 1337 640 1405 viis
660 1339 749 1427 suis,
766 1341 1001 1425 omnibusque
1025 1337 1094 1404 sivi
1119 1339 1332 1408 habentibus
1348 1343 1383 1406 et
1399 1339 1671 1426 pertinenlilous.
1689 1342 1788 1410 Unde
1803 1342 1905 1409 nobis
1929 1341 2060 1408 ibidem
2076 1339 2114 1406 iu
2132 1338 2418 1426 suprascriptum

577 1490 692 1561 locum
719 1493 808 1562 fonti
833 1493 946 1562 nichil
970 1491 1156 1600 remansit,
1182 1497 1247 1562 aut
1272 1491 1409 1578 aliquid
1432 1493 1529 1560 vobis
1553 1493 1682 1562 exinde
1707 1497 2006 1582 exceptuavimus:
2033 1495 2072 1560 in
2093 1493 2269 1580 simulque
2286 1495 2322 1560 et
2338 1512 2419 1559 eum

572 1647 674 1720 istud
700 1651 990 1721 venumdedimus
1014 1652 1113 1719 vobis
1136 1651 1337 1736 plenariam
1360 1653 1396 1720 et
1420 1649 1602 1737 integram
1625 1651 1737 1735 ipsam
1763 1651 1963 1735 portionem
1988 1651 2147 1717 nostram
2171 1646 2214 1714 de
2238 1646 2317 1732 ipsa
2341 1663 2419 1713 aec-

576 1803 714 1873 claesia
740 1807 836 1874 beati
869 1805 983 1874 felicis
1014 1805 1140 1874 christi
1172 1805 1383 1873 confessoris
1413 1789 1533 1892 ibique
1558 1806 1596 1875 in
1620 1805 1707 1872 sonti
1730 1803 1916 1873 edificatus
1941 1804 2038 1871 intus
2061 1804 2231 1890 prephato
2255 1807 2425 1888 quattuor

576 1957 671 2045 linia,
695 1977 776 2026 curn
801 1957 985 2046 plenarias
1009 1959 1188 2046 portiones
1203 1962 1345 2026 nostras
1360 1958 1403 2024 de
1419 1957 1639 2044 paramentis
1656 1957 1767 2044 ipsius
1784 1957 1991 2042 aecclaesie,
2006 1960 2042 2026 et
2058 1955 2100 2024 de
2117 1955 2312 2041 codicibus,
2330 1957 2423 2024 etde

575 2131 714 2180 omnem
738 2132 843 2182 suum
865 2113 1052 2200 circulum,
1077 2131 1139 2180 seu
1162 2114 1282 2198 rebus,
1298 2116 1334 2180 et
1350 2131 1430 2178 curn
1456 2111 1523 2178 viis
1546 2111 1634 2178 suis.
1652 2111 1752 2206 Unde
1775 2130 1840 2179 nec
1865 2111 1948 2178 inde
1973 2109 2085 2178 nichil
2109 2109 2206 2176 vobis
2230 2113 2423 2195 exeeptua-

570 2266 711 2350 vimus,
744 2265 960 2333 solummodo
990 2265 1076 2332 dare
1105 2263 1236 2330 exinde
1260 2263 1420 2332 debeatis
1441 2263 1485 2331 de
1509 2266 1793 2352 suprascriptam
1824 2265 2021 2354 portionem
2045 2269 2205 2332 nostram
2227 2265 2270 2331 de
2294 2283 2419 2351 supra-

570 2417 738 2506 scriptam
755 2420 989 2488 aecclaesiam
1007 2439 1066 2487 vos
1081 2425 1117 2488 et
1133 2417 1321 2487 heredibus
1337 2418 1464 2486 vestris
1480 2419 1685 2488 annualiter
1701 2420 1808 2488 talem
1824 2439 1970 2487 censum
1977 2469 1985 2505 ,
2006 2419 2161 2506 qualiter
2180 2437 2243 2485 nos
2260 2423 2297 2487 et
2311 2418 2425 2520 nostri

571 2572 718 2644 heredes
741 2573 870 2640 exinde
894 2573 981 2640 dare
1005 2577 1040 2640 et
1065 2572 1262 2658 persolvere
1278 2571 1477 2658 debuimus,
1503 2573 1564 2659 qui
1581 2572 1725 2642 obbenit
1742 2575 1842 2640 nohis
1858 2594 1880 2641 a
1896 2573 2139 2658 suprascripto
2155 2573 2324 2658 genitore
2344 2591 2420 2640 meo

571 2726 615 2795 de
638 2744 694 2793 me
711 2726 955 2812 suprascripta
971 2727 1167 2812 anthiocia,
1184 2731 1219 2792 et
1235 2729 1273 2792 at
1290 2726 1572 2812 suprascriptum
1589 2725 1790 2812 genitorem
1807 2745 1922 2792 cneum
1947 2725 2093 2792 obbenit
2118 2743 2181 2811 per
2206 2726 2353 2792 verbum
2377 2725 2424 2792 si-

572 2880 738 2970 gillatum
758 2899 780 2947 a
795 2879 923 2946 domno
945 2877 1077 2964 gisulfo
1093 2877 1245 2964 glorioso
1262 2877 1423 2963 principe
1443 2879 1664 2947 salernitane
1681 2881 1855 2966 civitatis,
1873 2883 1908 2947 et
1925 2899 1947 2947 a
1963 2879 2093 2947 demna
2109 2897 2251 2964 gemma
2267 2878 2425 2964 gloriosa

573 3034 792 3123 principissa
807 3035 884 3102 eius
900 3034 1066 3120 coniuge,
1093 3037 1128 3100 et
1144 3055 1165 3102 a
1181 3034 1307 3100 denruo
1323 3033 1479 3120 paldullo
1495 3034 1656 3120 principe
1672 3037 1831 3120 atoptato
1846 3051 1969 3101 eorum
1994 3032 2080 3118 illie,
2104 3037 2140 3100 et
2164 3033 2278 3118 ipsum
2303 3049 2432 3118 supra·

573 3192 748 3276 scriptum
771 3192 915 3256 verbum
932 3187 1130 3275 sigillatum
1146 3185 1241 3252 vobis
1256 3186 1427 3272 dedirnus;
1453 3185 1534 3254 etsi
1551 3189 1682 3256 exinde
1699 3187 1892 3274 aliquando
1908 3187 1988 3274 plus
2003 3187 2171 3254 chartula
2186 3187 2288 3253 nobis
2308 3185 2367 3254 vel
2385 3192 2424 3256 at

576 3345 708 3412 nostris
724 3344 914 3412 heredibus
931 3345 1080 3410 inventa
1097 3343 1245 3428 dederit,
1260 3343 1401 3409 mittere
1420 3341 1479 3408 ille
1495 3341 1686 3408 debeamus
1703 3339 1798 3426 apud
1814 3356 1874 3404 vos
1897 3343 1933 3405 et
1957 3343 2091 3406 vestros
2108 3339 2253 3405 heredes
2271 3340 2352 3407 sine
2368 3360 2426 3408 ve-

575 3505 651 3568 stra
668 3497 901 3584 damnietate,
918 3497 972 3564 vel
990 3496 1260 3565 amaricatione.
1279 3495 1375 3563 L'nde
1391 3496 1593 3581 accepimus
1608 3515 1631 3563 a
1647 3495 1743 3561 vobis
1760 3493 1890 3561 exinde
1905 3493 2069 3579 plenaria
2086 3499 2207 3560 nostra
2221 3495 2429 3579 sanatione,

574 3653 663 3721 idest
687 3653 767 3721 auri
792 3650 919 3718 solidos
942 3650 1063 3718 decern
1086 3649 1128 3717 de
1152 3651 1224 3718 tari
1249 3668 1320 3718 aua
1342 3649 1414 3716 tari
1438 3655 1609 3736 quattuor
1627 3667 1688 3736 per
1705 3647 1869 3734 solidum,
1893 3647 1986 3713 sicut
2010 3647 2103 3714 inter
2129 3647 2230 3713 uobis
2255 3647 2427 3714 convenit

575 3808 613 3873 in
630 3824 770 3875 omnem
785 3803 1077 3872 deliverationem
1093 3806 1128 3868 et
1145 3802 1182 3868 in
1199 3819 1339 3867 omnem
1355 3801 1616 3889 decesitionem,
1643 3806 1685 3869 Ut
1708 3822 1730 3870 a
1755 3820 1850 3869 nunc
1869 3802 1926 3868 die
1945 3812 2146 3888 presentem
2170 3807 2204 3868 et
2231 3801 2280 3866 im
2305 3819 2428 3886 perpe-

576 3961 648 4029 tuis
664 3959 879 4046 temporibus
904 3959 941 4024 in
965 3963 1119 4025 vestram
1136 3956 1229 4024 etde
1248 3956 1374 4022 vestris
1392 3955 1579 4022 heredidus
1603 3955 1676 4021 sint
1700 3959 1910 4039 potestatem
1934 3953 2105 4040 hairardi,
2130 3954 2284 4038 fruendi,
2312 3953 2425 4039 possi·

575 4112 693 4198 dendi,
719 4108 901 4194 vindendi,
925 4106 1104 4191 donandi,
1128 4106 1389 4192 commutandi,
1416 4107 1613 4194 uestrisque
1638 4107 1827 4174 heredibus
1850 4104 2057 4173 dimittendi
2082 4107 2119 4173 in
2144 4105 2309 4172 omnibus
2336 4124 2427 4172 senr-

576 4288 637 4355 per
663 4267 811 4334 liveram
835 4260 997 4330 habeatis
1020 4265 1240 4347 potestatem;
1264 4266 1302 4327 et
1325 4259 1396 4328 iam
1422 4260 1614 4346 aliquando
1638 4260 1768 4328 exinde
1794 4278 1907 4344 neque
1932 4281 1954 4328 a
1979 4259 2093 4346 nobis,
2121 4277 2235 4345 neque
2259 4260 2304 4327 ab
2330 4261 2431 4328 here-

574 4425 678 4493 dibus
701 4421 846 4505 nostriS,
870 4437 983 4505 neque
1007 4437 1029 4486 a
1053 4416 1154 4483 nobis
1177 4416 1403 4484 summissam
1427 4435 1612 4502 persenam
1637 4417 1771 4486 nullam
1797 4418 2072 4504 requesitionern
2096 4416 2226 4483 exinde
2245 4415 2427 4501 habeatis,

578 4594 649 4644 non
674 4593 745 4660 voa,
772 4592 842 4640 non
870 4571 996 4640 vestris
1013 4571 1215 4656 heredibuS,
1233 4589 1295 4654 per
1313 4571 1450 4636 nullum
1467 4571 1608 4638 modurn
1632 4571 1681 4638 irn
1707 4576 1928 4658 perpetuum.
1958 4573 2104 4658 Insuper
2131 4587 2193 4636 nes
2217 4575 2253 4636 et
2279 4567 2429 4636 heredes

579 4729 715 4796 nostris
739 4729 837 4795 vebis
860 4731 896 4795 et
921 4731 959 4796 at
983 4726 1172 4794 heredibus
1197 4725 1327 4792 vestris
1351 4725 1444 4791 omni
1471 4729 1627 4812 ternpore
1650 4729 1695 4795 ab
1719 4745 1857 4794 emnem
1882 4728 2059 4795 hominem
2084 4728 2251 4812 omnique
2277 4744 2430 4811 persona

582 4879 681 4947 vobis
703 4897 763 4948 eos
779 4883 962 4947 antestare
978 4883 1013 4947 et
1029 4877 1212 4947 defensare
1230 4879 1481 4964 promittimus
1500 4877 1595 4952 Quod
1611 4879 1641 4946 si
1660 4878 1806 4945 minime
1823 4879 1921 4946 vobis
1937 4879 2067 4946 exinde
2084 4877 2270 4946 fecerimus
2294 4877 2339 4944 de
2365 4879 2428 4944 hee

579 5038 704 5105 omnia
727 5056 795 5121 que
818 5034 981 5120 superius
1005 5033 1149 5121 legitur,
1166 5052 1375 5121 componere
1391 5033 1633 5120 promittimus
1650 5049 1712 5098 nos
1727 5035 1763 5098 et
1780 5031 1912 5099 nestris
1937 5031 2082 5098 heredes
2107 5033 2204 5098 vobis
2230 5032 2429 5116 vestrisque

583 5190 777 5260 heredibus
801 5190 880 5256 auri
907 5188 1034 5256 solidos
1057 5188 1211 5275 triginta
1235 5188 1439 5272 rimantem,
1463 5192 1499 5254 et
1523 5189 1588 5253 hec
1612 5185 1776 5253 chartula
1800 5185 1847 5252 sit
1872 5184 1975 5251 llrma
2000 5184 2047 5249 iru
2072 5193 2296 5270 perpetuum.

626 5316 657 5432 †
683 5347 758 5432 Ego
782 5345 924 5431 sergius
947 5342 1044 5409 illius
1070 5343 1152 5429 lupo
1176 5342 1219 5409 dc
1243 5339 1334 5410 leuci
1360 5341 1462 5408 testis
1487 5360 1563 5408 suru

630 5473 661 5589 †
687 5503 760 5587 Ego
784 5498 921 5586 pulcari
946 5499 1041 5566 lilius
1068 5498 1158 5565 leoni
1183 5497 1226 5564 de
1249 5495 1388 5582 pulcari
1413 5495 1455 5562 de
1481 5511 1605 5562 nraure
1630 5494 1756 5560 comite
1783 5497 1884 5560 testis
1909 5511 1985 5558 sum

630 5627 661 5742 †
687 5655 761 5742 Ego
784 5653 930 5740 lupinus
955 5653 1050 5722 lilius
1075 5655 1260 5738 acceptore
1285 5651 1388 5718 testis
1412 5667 1489 5716 sum

630 5779 659 5894 †
688 5808 762 5893 Ege
788 5807 926 5893 sergius
949 5807 1067 5874 scriva
1092 5807 1184 5873 bane
1208 5802 1412 5871 chartulam
1437 5819 1544 5870 mauu
1569 5798 1712 5886 propria
1736 5799 1879 5884 scripsi.

1287 5990 1419 6000 ,-
