<?xml version="1.0" encoding="UTF-8"?>
<!DOCTYPE html PUBLIC "-//W3C//DTD XHTML 1.0 Transitional//EN"
    "http://www.w3.org/TR/xhtml1/DTD/xhtml1-transitional.dtd">
<html xmlns="http://www.w3.org/1999/xhtml" xml:lang="en" lang="en">
 <head>
  <title>
</title>
<meta http-equiv="Content-Type" content="text/html;charset=utf-8" />
  <meta name='ocr-system' content='tesseract 3.04.00' />
  <meta name='ocr-capabilities' content='ocr_page ocr_carea ocr_par ocr_line ocrx_word'/>
</head>
<body>
  <div class='ocr_page' id='page_1' title='image "./codexdiplomatic05aragoog_0214.png"; bbox 0 0 5334 7098; ppageno 0'>
   <div class='ocr_carea' id='block_1_1' title="bbox 1001 561 2084 674">
    <p class='ocr_par' dir='ltr' id='par_1_1' title="bbox 1001 561 2084 674">
     <span class='ocr_line' id='line_1_1' title="bbox 1001 561 2084 674; baseline 0.013 -14"><span class='ocrx_word' id='word_1_1' title='bbox 1001 561 1404 668; x_wconf 80' lang='lat' dir='ltr'>orruoun&#39;rmos</span> <span class='ocrx_word' id='word_1_2' title='bbox 2016 603 2084 674; x_wconf 81' lang='lat' dir='ltr'>ms</span> 
     </span>
    </p>
   </div>
   <div class='ocr_carea' id='block_1_2' title="bbox 277 811 2139 2582">
    <p class='ocr_par' dir='ltr' id='par_1_2' title="bbox 277 811 2139 2282">
     <span class='ocr_line' id='line_1_2' title="bbox 277 811 2122 907; baseline 0.008 -26"><span class='ocrx_word' id='word_1_3' title='bbox 277 813 404 900; x_wconf 88' lang='lat' dir='ltr'>rimus,</span> <span class='ocrx_word' id='word_1_4' title='bbox 429 812 544 882; x_wconf 88' lang='lat' dir='ltr'>licead</span> <span class='ocrx_word' id='word_1_5' title='bbox 567 830 633 880; x_wconf 86' lang='lat' dir='ltr'>nos</span> <span class='ocrx_word' id='word_1_6' title='bbox 656 813 738 880; x_wconf 92' lang='lat' dir='ltr'>illut</span> <span class='ocrx_word' id='word_1_7' title='bbox 761 811 971 900; x_wconf 83' lang='lat' dir='ltr'>recolligere</span> <span class='ocrx_word' id='word_1_8' title='bbox 993 819 1028 883; x_wconf 91' lang='lat' dir='ltr'>et</span> <span class='ocrx_word' id='word_1_9' title='bbox 1051 818 1173 884; x_wconf 89' lang='lat' dir='ltr'>tenere</span> <span class='ocrx_word' id='word_1_10' title='bbox 1197 823 1232 886; x_wconf 86' lang='lat' dir='ltr'>et</span> <span class='ocrx_word' id='word_1_11' title='bbox 1256 819 1418 889; x_wconf 78' lang='lat' dir='ltr'>lacerare</span> <span class='ocrx_word' id='word_1_12' title='bbox 1449 839 1511 907; x_wconf 85' lang='lat' dir='ltr'>per</span> <span class='ocrx_word' id='word_1_13' title='bbox 1536 820 1707 892; x_wconf 89' lang='lat' dir='ltr'>iamdicta</span> <span class='ocrx_word' id='word_1_14' title='bbox 1738 823 1899 893; x_wconf 85' lang='lat' dir='ltr'>ratione:</span> <span class='ocrx_word' id='word_1_15' title='bbox 1925 828 2066 894; x_wconf 86' lang='lat' dir='ltr'>tantum</span> <span class='ocrx_word' id='word_1_16' title='bbox 2089 829 2122 897; x_wconf 89' lang='lat' dir='ltr'>si</span> 
     </span>
     <span class='ocr_line' id='line_1_3' title="bbox 278 967 2129 1066; baseline 0.008 -30"><span class='ocrx_word' id='word_1_17' title='bbox 278 969 360 1038; x_wconf 90' lang='lat' dir='ltr'>illut</span> <span class='ocrx_word' id='word_1_18' title='bbox 382 971 581 1040; x_wconf 85' lang='lat' dir='ltr'>lavoratum</span> <span class='ocrx_word' id='word_1_19' title='bbox 606 967 862 1056; x_wconf 62' lang='lat' dir='ltr'>invenerimus</span> <span class='ocrx_word' id='word_1_20' title='bbox 889 969 1006 1039; x_wconf 88' lang='lat' dir='ltr'>licead</span> <span class='ocrx_word' id='word_1_21' title='bbox 1030 971 1102 1038; x_wconf 90' lang='lat' dir='ltr'>illis</span> <span class='ocrx_word' id='word_1_22' title='bbox 1118 972 1172 1040; x_wconf 88' lang='lat' dir='ltr'>vel</span> <span class='ocrx_word' id='word_1_23' title='bbox 1189 974 1249 1059; x_wconf 94' lang='lat' dir='ltr'>qui</span> <span class='ocrx_word' id='word_1_24' title='bbox 1266 991 1324 1043; x_wconf 89' lang='lat' dir='ltr'>eos</span> <span class='ocrx_word' id='word_1_25' title='bbox 1340 976 1554 1045; x_wconf 86' lang='lat' dir='ltr'>lavoravcrit</span> <span class='ocrx_word' id='word_1_26' title='bbox 1578 977 1652 1064; x_wconf 89' lang='lat' dir='ltr'>ipso</span> <span class='ocrx_word' id='word_1_27' title='bbox 1667 995 1817 1066; x_wconf 90' lang='lat' dir='ltr'>annum,</span> <span class='ocrx_word' id='word_1_28' title='bbox 1834 978 1951 1066; x_wconf 84' lang='lat' dir='ltr'>ipsum</span> <span class='ocrx_word' id='word_1_29' title='bbox 1968 981 2129 1052; x_wconf 83' lang='lat' dir='ltr'>frudium</span> 
     </span>
     <span class='ocr_line' id='line_1_4' title="bbox 283 1120 2127 1216; baseline 0.008 -26"><span class='ocrx_word' id='word_1_30' title='bbox 283 1121 365 1190; x_wconf 90' lang='lat' dir='ltr'>inde</span> <span class='ocrx_word' id='word_1_31' title='bbox 389 1120 611 1209; x_wconf 82' lang='lat' dir='ltr'>recolligere3</span> <span class='ocrx_word' id='word_1_32' title='bbox 635 1125 671 1190; x_wconf 89' lang='lat' dir='ltr'>et</span> <span class='ocrx_word' id='word_1_33' title='bbox 695 1122 725 1189; x_wconf 91' lang='lat' dir='ltr'>si</span> <span class='ocrx_word' id='word_1_34' title='bbox 749 1121 795 1191; x_wconf 89' lang='lat' dir='ltr'>da</span> <span class='ocrx_word' id='word_1_35' title='bbox 819 1123 887 1208; x_wconf 89' lang='lat' dir='ltr'>ipsi</span> <span class='ocrx_word' id='word_1_36' title='bbox 911 1122 1094 1192; x_wconf 89' lang='lat' dir='ltr'>duodecim</span> <span class='ocrx_word' id='word_1_37' title='bbox 1119 1125 1205 1192; x_wconf 89' lang='lat' dir='ltr'>anni</span> <span class='ocrx_word' id='word_1_38' title='bbox 1231 1127 1487 1214; x_wconf 79' lang='lat' dir='ltr'>qualecumque</span> <span class='ocrx_word' id='word_1_39' title='bbox 1512 1133 1668 1216; x_wconf 88' lang='lat' dir='ltr'>tempore</span> <span class='ocrx_word' id='word_1_40' title='bbox 1692 1148 1757 1198; x_wconf 89' lang='lat' dir='ltr'>nos</span> <span class='ocrx_word' id='word_1_41' title='bbox 1780 1131 1882 1200; x_wconf 91' lang='lat' dir='ltr'>illum</span> <span class='ocrx_word' id='word_1_42' title='bbox 1907 1138 2030 1205; x_wconf 89' lang='lat' dir='ltr'>tenere</span> <span class='ocrx_word' id='word_1_43' title='bbox 2055 1155 2127 1204; x_wconf 87' lang='lat' dir='ltr'>non</span> 
     </span>
     <span class='ocr_line' id='line_1_5' title="bbox 279 1271 2136 1360; baseline 0.012 -24"><span class='ocrx_word' id='word_1_44' title='bbox 279 1273 510 1360; x_wconf 85' lang='lat' dir='ltr'>voluerimus,</span> <span class='ocrx_word' id='word_1_45' title='bbox 535 1271 669 1344; x_wconf 88' lang='lat' dir='ltr'>liceant</span> <span class='ocrx_word' id='word_1_46' title='bbox 693 1291 757 1340; x_wconf 91' lang='lat' dir='ltr'>nos</span> <span class='ocrx_word' id='word_1_47' title='bbox 780 1272 835 1342; x_wconf 87' lang='lat' dir='ltr'>vel</span> <span class='ocrx_word' id='word_1_48' title='bbox 859 1275 990 1342; x_wconf 91' lang='lat' dir='ltr'>nostris</span> <span class='ocrx_word' id='word_1_49' title='bbox 1014 1277 1176 1344; x_wconf 91' lang='lat' dir='ltr'>eredibus</span> <span class='ocrx_word' id='word_1_50' title='bbox 1207 1280 1289 1346; x_wconf 89' lang='lat' dir='ltr'>inde</span> <span class='ocrx_word' id='word_1_51' title='bbox 1313 1281 1413 1348; x_wconf 86' lang='lat' dir='ltr'>exire</span> <span class='ocrx_word' id='word_1_52' title='bbox 1436 1301 1517 1348; x_wconf 89' lang='lat' dir='ltr'>cum</span> <span class='ocrx_word' id='word_1_53' title='bbox 1547 1283 1662 1350; x_wconf 91' lang='lat' dir='ltr'>omnis</span> <span class='ocrx_word' id='word_1_54' title='bbox 1692 1289 1813 1352; x_wconf 83' lang='lat' dir='ltr'>nostra</span> <span class='ocrx_word' id='word_1_55' title='bbox 1844 1286 1989 1356; x_wconf 91' lang='lat' dir='ltr'>movilia</span> <span class='ocrx_word' id='word_1_56' title='bbox 2024 1309 2136 1360; x_wconf 86' lang='lat' dir='ltr'>causa</span> 
     </span>
     <span class='ocr_line' id='line_1_6' title="bbox 278 1423 2135 1520; baseline 0.008 -30"><span class='ocrx_word' id='word_1_57' title='bbox 278 1423 370 1508; x_wconf 88' lang='lat' dir='ltr'>quod</span> <span class='ocrx_word' id='word_1_58' title='bbox 395 1425 446 1492; x_wconf 92' lang='lat' dir='ltr'>ibi</span> <span class='ocrx_word' id='word_1_59' title='bbox 471 1423 690 1510; x_wconf 88' lang='lat' dir='ltr'>abuerimus,</span> <span class='ocrx_word' id='word_1_60' title='bbox 713 1429 749 1493; x_wconf 90' lang='lat' dir='ltr'>et</span> <span class='ocrx_word' id='word_1_61' title='bbox 772 1426 825 1493; x_wconf 89' lang='lat' dir='ltr'>ire</span> <span class='ocrx_word' id='word_1_62' title='bbox 849 1444 930 1493; x_wconf 92' lang='lat' dir='ltr'>cum</span> <span class='ocrx_word' id='word_1_63' title='bbox 954 1444 995 1494; x_wconf 90' lang='lat' dir='ltr'>eo</span> <span class='ocrx_word' id='word_1_64' title='bbox 1019 1428 1080 1494; x_wconf 92' lang='lat' dir='ltr'>ubi</span> <span class='ocrx_word' id='word_1_65' title='bbox 1103 1429 1204 1496; x_wconf 92' lang='lat' dir='ltr'>nobis</span> <span class='ocrx_word' id='word_1_66' title='bbox 1228 1429 1444 1516; x_wconf 75' lang='lat' dir='ltr'>placuerint,</span> <span class='ocrx_word' id='word_1_67' title='bbox 1460 1435 1496 1498; x_wconf 86' lang='lat' dir='ltr'>et</span> <span class='ocrx_word' id='word_1_68' title='bbox 1511 1433 1587 1498; x_wconf 91' lang='lat' dir='ltr'>tota</span> <span class='ocrx_word' id='word_1_69' title='bbox 1611 1433 1689 1518; x_wconf 85' lang='lat' dir='ltr'>ipsa</span> <span class='ocrx_word' id='word_1_70' title='bbox 1711 1435 1816 1500; x_wconf 90' lang='lat' dir='ltr'>rebus</span> <span class='ocrx_word' id='word_1_71' title='bbox 1839 1439 1986 1520; x_wconf 85' lang='lat' dir='ltr'>operata</span> <span class='ocrx_word' id='word_1_72' title='bbox 2003 1440 2040 1503; x_wconf 88' lang='lat' dir='ltr'>et</span> <span class='ocrx_word' id='word_1_73' title='bbox 2057 1439 2135 1504; x_wconf 93' lang='lat' dir='ltr'>cul-</span> 
     </span>
     <span class='ocr_line' id='line_1_7' title="bbox 279 1577 2133 1672; baseline 0.006 -28"><span class='ocrx_word' id='word_1_74' title='bbox 279 1580 354 1645; x_wconf 84' lang='lat' dir='ltr'>tata</span> <span class='ocrx_word' id='word_1_75' title='bbox 376 1582 413 1645; x_wconf 87' lang='lat' dir='ltr'>et</span> <span class='ocrx_word' id='word_1_76' title='bbox 436 1577 537 1646; x_wconf 90' lang='lat' dir='ltr'>clusa</span> <span class='ocrx_word' id='word_1_77' title='bbox 560 1579 748 1647; x_wconf 88' lang='lat' dir='ltr'>remittant</span> <span class='ocrx_word' id='word_1_78' title='bbox 770 1579 816 1647; x_wconf 91' lang='lat' dir='ltr'>ad</span> <span class='ocrx_word' id='word_1_79' title='bbox 840 1585 1046 1666; x_wconf 89' lang='lat' dir='ltr'>potestatem</span> <span class='ocrx_word' id='word_1_80' title='bbox 1074 1581 1213 1647; x_wconf 93' lang='lat' dir='ltr'>illorum</span> <span class='ocrx_word' id='word_1_81' title='bbox 1238 1581 1293 1648; x_wconf 82' lang='lat' dir='ltr'>rel</span> <span class='ocrx_word' id='word_1_82' title='bbox 1316 1582 1359 1650; x_wconf 87' lang='lat' dir='ltr'>de</span> <span class='ocrx_word' id='word_1_83' title='bbox 1383 1600 1505 1650; x_wconf 90' lang='lat' dir='ltr'>eorum</span> <span class='ocrx_word' id='word_1_84' title='bbox 1528 1583 1687 1650; x_wconf 86' lang='lat' dir='ltr'>heredes.</span> <span class='ocrx_word' id='word_1_85' title='bbox 1711 1585 1810 1652; x_wconf 90' lang='lat' dir='ltr'>Unde</span> <span class='ocrx_word' id='word_1_86' title='bbox 1834 1605 1896 1672; x_wconf 91' lang='lat' dir='ltr'>per</span> <span class='ocrx_word' id='word_1_87' title='bbox 1921 1587 2013 1657; x_wconf 90' lang='lat' dir='ltr'>bona</span> <span class='ocrx_word' id='word_1_88' title='bbox 2037 1607 2133 1656; x_wconf 90' lang='lat' dir='ltr'>com-</span> 
     </span>
     <span class='ocr_line' id='line_1_8' title="bbox 281 1704 2137 1825; baseline 0.008 -31"><span class='ocrx_word' id='word_1_89' title='bbox 281 1704 464 1799; x_wconf 85' lang='lat' dir='ltr'>benientia</span> <span class='ocrx_word' id='word_1_90' title='bbox 487 1731 555 1816; x_wconf 90' lang='lat' dir='ltr'>ipsi</span> <span class='ocrx_word' id='word_1_91' title='bbox 579 1731 757 1800; x_wconf 87' lang='lat' dir='ltr'>nominati</span> <span class='ocrx_word' id='word_1_92' title='bbox 780 1735 903 1818; x_wconf 88' lang='lat' dir='ltr'>petrus</span> <span class='ocrx_word' id='word_1_93' title='bbox 926 1729 1078 1800; x_wconf 87' lang='lat' dir='ltr'>clericus</span> <span class='ocrx_word' id='word_1_94' title='bbox 1092 1737 1128 1800; x_wconf 93' lang='lat' dir='ltr'>et</span> <span class='ocrx_word' id='word_1_95' title='bbox 1144 1733 1253 1802; x_wconf 86' lang='lat' dir='ltr'>abbas</span> <span class='ocrx_word' id='word_1_96' title='bbox 1270 1737 1306 1800; x_wconf 92' lang='lat' dir='ltr'>et</span> <span class='ocrx_word' id='word_1_97' title='bbox 1322 1733 1499 1802; x_wconf 78' lang='lat' dir='ltr'>landolfus</span> <span class='ocrx_word' id='word_1_98' title='bbox 1521 1735 1655 1822; x_wconf 78' lang='lat' dir='ltr'>guadio</span> <span class='ocrx_word' id='word_1_99' title='bbox 1679 1736 1780 1804; x_wconf 90' lang='lat' dir='ltr'>uobis</span> <span class='ocrx_word' id='word_1_100' title='bbox 1802 1737 1991 1825; x_wconf 87' lang='lat' dir='ltr'>dederunt,</span> <span class='ocrx_word' id='word_1_101' title='bbox 2009 1745 2045 1808; x_wconf 90' lang='lat' dir='ltr'>et</span> <span class='ocrx_word' id='word_1_102' title='bbox 2062 1760 2137 1808; x_wconf 92' lang='lat' dir='ltr'>me-</span> 
     </span>
     <span class='ocr_line' id='line_1_9' title="bbox 283 1882 2138 1979; baseline 0.008 -31"><span class='ocrx_word' id='word_1_103' title='bbox 283 1882 457 1952; x_wconf 85' lang='lat' dir='ltr'>diatorem</span> <span class='ocrx_word' id='word_1_104' title='bbox 483 1883 586 1950; x_wconf 88' lang='lat' dir='ltr'>nobis</span> <span class='ocrx_word' id='word_1_105' title='bbox 609 1887 806 1970; x_wconf 89' lang='lat' dir='ltr'>posuerunt</span> <span class='ocrx_word' id='word_1_106' title='bbox 829 1885 1003 1953; x_wconf 87' lang='lat' dir='ltr'>iohannes</span> <span class='ocrx_word' id='word_1_107' title='bbox 1026 1884 1122 1952; x_wconf 85' lang='lat' dir='ltr'>filius</span> <span class='ocrx_word' id='word_1_108' title='bbox 1152 1888 1330 1972; x_wconf 87' lang='lat' dir='ltr'>quondam</span> <span class='ocrx_word' id='word_1_109' title='bbox 1359 1889 1476 1957; x_wconf 91' lang='lat' dir='ltr'>mauri</span> <span class='ocrx_word' id='word_1_110' title='bbox 1499 1890 1653 1958; x_wconf 86' lang='lat' dir='ltr'>abitator</span> <span class='ocrx_word' id='word_1_111' title='bbox 1677 1892 1716 1957; x_wconf 91' lang='lat' dir='ltr'>in</span> <span class='ocrx_word' id='word_1_112' title='bbox 1742 1888 1856 1957; x_wconf 92' lang='lat' dir='ltr'>locum</span> <span class='ocrx_word' id='word_1_113' title='bbox 1879 1893 2046 1979; x_wconf 84' lang='lat' dir='ltr'>nuceria,</span> <span class='ocrx_word' id='word_1_114' title='bbox 2071 1899 2138 1973; x_wconf 67' lang='lat' dir='ltr'>ubi</span> 
     </span>
     <span class='ocr_line' id='line_1_10' title="bbox 278 2035 2139 2136; baseline 0.004 -32"><span class='ocrx_word' id='word_1_115' title='bbox 278 2037 324 2104; x_wconf 87' lang='lat' dir='ltr'>ad</span> <span class='ocrx_word' id='word_1_116' title='bbox 354 2056 439 2106; x_wconf 84' lang='lat' dir='ltr'>casa</span> <span class='ocrx_word' id='word_1_117' title='bbox 471 2037 616 2106; x_wconf 87' lang='lat' dir='ltr'>riczana</span> <span class='ocrx_word' id='word_1_118' title='bbox 646 2037 801 2124; x_wconf 90' lang='lat' dir='ltr'>dicitur;</span> <span class='ocrx_word' id='word_1_119' title='bbox 825 2042 860 2105; x_wconf 88' lang='lat' dir='ltr'>et</span> <span class='ocrx_word' id='word_1_120' title='bbox 891 2057 953 2124; x_wconf 90' lang='lat' dir='ltr'>per</span> <span class='ocrx_word' id='word_1_121' title='bbox 978 2039 1055 2125; x_wconf 88' lang='lat' dir='ltr'>ipsa</span> <span class='ocrx_word' id='word_1_122' title='bbox 1077 2035 1212 2126; x_wconf 49' lang='lat' dir='ltr'>*guadio</span> <span class='ocrx_word' id='word_1_123' title='bbox 1242 2045 1306 2108; x_wconf 85' lang='lat' dir='ltr'>otc.</span> <span class='ocrx_word' id='word_1_124' title='bbox 1338 2043 1485 2108; x_wconf 72' lang='lat' dir='ltr'>statuto</span> <span class='ocrx_word' id='word_1_125' title='bbox 1515 2044 1630 2136; x_wconf 74' lang='lat' dir='ltr'>malta</span> <span class='ocrx_word' id='word_1_126' title='bbox 1659 2046 1789 2130; x_wconf 66' lang='lat' dir='ltr'>arctoa·</span> <span class='ocrx_word' id='word_1_127' title='bbox 1819 2049 1904 2112; x_wconf 82' lang='lat' dir='ltr'>auri</span> <span class='ocrx_word' id='word_1_128' title='bbox 1935 2047 2139 2114; x_wconf 82' lang='lat' dir='ltr'>solidorum</span> 
     </span>
     <span class='ocr_line' id='line_1_11' title="bbox 279 2191 2132 2282; baseline 0.004 -23"><span class='ocrx_word' id='word_1_129' title='bbox 279 2191 665 2259; x_wconf 80' lang='lat' dir='ltr'>constantinianorum.</span> <span class='ocrx_word' id='word_1_130' title='bbox 691 2193 727 2258; x_wconf 90' lang='lat' dir='ltr'>et</span> <span class='ocrx_word' id='word_1_131' title='bbox 752 2191 847 2256; x_wconf 92' lang='lat' dir='ltr'>hunc</span> <span class='ocrx_word' id='word_1_132' title='bbox 872 2191 1014 2258; x_wconf 86' lang='lat' dir='ltr'>brebem</span> <span class='ocrx_word' id='word_1_133' title='bbox 1039 2192 1164 2275; x_wconf 85' lang='lat' dir='ltr'>scripsi</span> <span class='ocrx_word' id='word_1_134' title='bbox 1190 2211 1254 2278; x_wconf 82' lang='lat' dir='ltr'>ego</span> <span class='ocrx_word' id='word_1_135' title='bbox 1280 2195 1453 2261; x_wconf 87' lang='lat' dir='ltr'>iohannes</span> <span class='ocrx_word' id='word_1_136' title='bbox 1477 2195 1629 2262; x_wconf 86' lang='lat' dir='ltr'>clericus</span> <span class='ocrx_word' id='word_1_137' title='bbox 1653 2201 1689 2262; x_wconf 89' lang='lat' dir='ltr'>ot</span> <span class='ocrx_word' id='word_1_138' title='bbox 1704 2197 1868 2266; x_wconf 84' lang='lat' dir='ltr'>noi-arius</span> <span class='ocrx_word' id='word_1_139' title='bbox 1885 2198 1947 2282; x_wconf 91' lang='lat' dir='ltr'>qui</span> <span class='ocrx_word' id='word_1_140' title='bbox 1966 2199 2132 2268; x_wconf 87' lang='lat' dir='ltr'>interlui.</span> 
     </span>
    </p>

    <p class='ocr_par' dir='ltr' id='par_1_3' title="bbox 325 2312 613 2430">
     <span class='ocr_line' id='line_1_12' title="bbox 325 2312 613 2430; baseline 0.01 -24"><span class='ocrx_word' id='word_1_141' title='bbox 325 2312 356 2428; x_wconf 84' lang='lat'><strong>†</strong></span> <span class='ocrx_word' id='word_1_142' title='bbox 380 2342 455 2428; x_wconf 80' lang='lat' dir='ltr'>Ego</span> <span class='ocrx_word' id='word_1_143' title='bbox 477 2342 613 2430; x_wconf 79' lang='lat' dir='ltr'>nanigo</span> 
     </span>
    </p>

    <p class='ocr_par' dir='ltr' id='par_1_4' title="bbox 326 2467 666 2582">
     <span class='ocr_line' id='line_1_13' title="bbox 326 2467 666 2582; baseline 0 -20"><span class='ocrx_word' id='word_1_144' title='bbox 326 2467 356 2581; x_wconf 94' lang='lat'>†</span> <span class='ocrx_word' id='word_1_145' title='bbox 381 2475 447 2582; x_wconf 73' lang='lat' dir='ltr'>e&#39;go</span> <span class='ocrx_word' id='word_1_146' title='bbox 470 2497 666 2566; x_wconf 76' lang='lat' dir='ltr'>mirandus.</span> 
     </span>
    </p>
   </div>
   <div class='ocr_carea' id='block_1_3' title="bbox 1032 3047 1403 3130">
    <p class='ocr_par' dir='ltr' id='par_1_5' title="bbox 1032 3047 1403 3130">
     <span class='ocr_line' id='line_1_14' title="bbox 1032 3047 1403 3130; baseline -0.022 -3"><span class='ocrx_word' id='word_1_147' title='bbox 1032 3047 1403 3130; x_wconf 87' lang='lat' dir='ltr'>DCXXXVII.</span> 
     </span>
    </p>
   </div>
   <div class='ocr_carea' id='block_1_4' title="bbox 1066 3306 1351 3387">
    <p class='ocr_par' dir='ltr' id='par_1_6' title="bbox 1066 3306 1351 3387">
     <span class='ocr_line' id='line_1_15' title="bbox 1066 3306 1351 3387; baseline -0.014 -3"><span class='ocrx_word' id='word_1_148' title='bbox 1066 3309 1120 3384; x_wconf 83' lang='lat' dir='ltr'>A.</span> <span class='ocrx_word' id='word_1_149' title='bbox 1149 3307 1200 3384; x_wconf 91' lang='lat' dir='ltr'>D.</span> <span class='ocrx_word' id='word_1_150' title='bbox 1230 3306 1351 3387; x_wconf 89' lang='lat'><strong>1010.</strong></span> 
     </span>
    </p>
   </div>
   <div class='ocr_carea' id='block_1_5' title="bbox 330 3548 2134 3690">
    <p class='ocr_par' dir='ltr' id='par_1_7' title="bbox 330 3548 2134 3690">
     <span class='ocr_line' id='line_1_16' title="bbox 330 3548 2134 3690; baseline 0.003 -26"><span class='ocrx_word' id='word_1_151' title='bbox 330 3548 365 3687; x_wconf 71' lang='lat'><em>†</em></span> <span class='ocrx_word' id='word_1_152' title='bbox 390 3602 430 3665; x_wconf 94' lang='lat' dir='ltr'>ln</span> <span class='ocrx_word' id='word_1_153' title='bbox 455 3599 599 3666; x_wconf 92' lang='lat' dir='ltr'>nomine</span> <span class='ocrx_word' id='word_1_154' title='bbox 622 3598 756 3666; x_wconf 89' lang='lat' dir='ltr'>domiui</span> <span class='ocrx_word' id='word_1_155' title='bbox 779 3598 946 3666; x_wconf 84' lang='lat' dir='ltr'>vicesimo</span> <span class='ocrx_word' id='word_1_156' title='bbox 970 3599 1121 3666; x_wconf 90' lang='lat' dir='ltr'>secundo</span> <span class='ocrx_word' id='word_1_157' title='bbox 1145 3618 1239 3666; x_wconf 86' lang='lat' dir='ltr'>enno</span> <span class='ocrx_word' id='word_1_158' title='bbox 1262 3600 1485 3687; x_wconf 82' lang='lat' dir='ltr'>principatus</span> <span class='ocrx_word' id='word_1_159' title='bbox 1509 3603 1628 3670; x_wconf 87' lang='lat' dir='ltr'>domui</span> <span class='ocrx_word' id='word_1_160' title='bbox 1646 3602 1758 3670; x_wconf 88' lang='lat' dir='ltr'>nostri</span> <span class='ocrx_word' id='word_1_161' title='bbox 1775 3603 1959 3688; x_wconf 82' lang='lat' dir='ltr'>guaimari</span> <span class='ocrx_word' id='word_1_162' title='bbox 1977 3604 2134 3690; x_wconf 80' lang='lat' dir='ltr'>glorioso</span> 
     </span>
    </p>
   </div>
   <div class='ocr_carea' id='block_1_6' title="bbox 287 3752 2144 5837">
    <p class='ocr_par' dir='ltr' id='par_1_8' title="bbox 287 3752 2144 5837">
     <span class='ocr_line' id='line_1_17' title="bbox 287 3752 2138 3842; baseline 0.002 -24"><span class='ocrx_word' id='word_1_163' title='bbox 287 3752 462 3840; x_wconf 88' lang='lat' dir='ltr'>principe,</span> <span class='ocrx_word' id='word_1_164' title='bbox 488 3753 607 3821; x_wconf 84' lang='lat' dir='ltr'>Mense</span> <span class='ocrx_word' id='word_1_165' title='bbox 629 3754 827 3840; x_wconf 87' lang='lat' dir='ltr'>december,</span> <span class='ocrx_word' id='word_1_166' title='bbox 845 3771 940 3822; x_wconf 87' lang='lat' dir='ltr'>nona</span> <span class='ocrx_word' id='word_1_167' title='bbox 955 3752 1162 3820; x_wconf 82' lang='lat' dir='ltr'>indictione.</span> <span class='ocrx_word' id='word_1_168' title='bbox 1189 3754 1476 3821; x_wconf 81' lang='lat' dir='ltr'>blcmoratorium</span> <span class='ocrx_word' id='word_1_169' title='bbox 1491 3753 1588 3822; x_wconf 83' lang='lat' dir='ltr'>sactu</span> <span class='ocrx_word' id='word_1_170' title='bbox 1603 3775 1625 3821; x_wconf 92' lang='lat' dir='ltr'>a</span> <span class='ocrx_word' id='word_1_171' title='bbox 1643 3771 1696 3820; x_wconf 88' lang='lat' dir='ltr'>me</span> <span class='ocrx_word' id='word_1_172' title='bbox 1713 3755 1828 3821; x_wconf 90' lang='lat' dir='ltr'>cicero</span> <span class='ocrx_word' id='word_1_173' title='bbox 1845 3754 1918 3821; x_wconf 86' lang='lat' dir='ltr'>filio</span> <span class='ocrx_word' id='word_1_174' title='bbox 1935 3759 2138 3842; x_wconf 80' lang='lat' dir='ltr'>mauronti,</span> 
     </span>
     <span class='ocr_line' id='line_1_18' title="bbox 288 3907 2134 3996; baseline 0 -20"><span class='ocrx_word' id='word_1_175' title='bbox 288 3926 327 3976; x_wconf 94' lang='lat' dir='ltr'>eo</span> <span class='ocrx_word' id='word_1_176' title='bbox 349 3909 443 3995; x_wconf 91' lang='lat' dir='ltr'>quod</span> <span class='ocrx_word' id='word_1_177' title='bbox 472 3913 557 3978; x_wconf 86' lang='lat' dir='ltr'>ante</span> <span class='ocrx_word' id='word_1_178' title='bbox 579 3910 771 3996; x_wconf 85' lang='lat' dir='ltr'>subscripti</span> <span class='ocrx_word' id='word_1_179' title='bbox 803 3913 910 3978; x_wconf 88' lang='lat' dir='ltr'>testes</span> <span class='ocrx_word' id='word_1_180' title='bbox 934 3907 1163 3976; x_wconf 89' lang='lat' dir='ltr'>tradiderunt</span> <span class='ocrx_word' id='word_1_181' title='bbox 1187 3907 1295 3973; x_wconf 87' lang='lat' dir='ltr'>michi</span> <span class='ocrx_word' id='word_1_182' title='bbox 1320 3915 1358 3974; x_wconf 83' lang='lat' dir='ltr'>at</span> <span class='ocrx_word' id='word_1_183' title='bbox 1381 3907 1572 3975; x_wconf 88' lang='lat' dir='ltr'>tenendum</span> <span class='ocrx_word' id='word_1_184' title='bbox 1604 3913 1640 3974; x_wconf 89' lang='lat' dir='ltr'>et</span> <span class='ocrx_word' id='word_1_185' title='bbox 1667 3907 1903 3976; x_wconf 85' lang='lat' dir='ltr'>laborandum</span> <span class='ocrx_word' id='word_1_186' title='bbox 1927 3915 1962 3976; x_wconf 87' lang='lat' dir='ltr'>et</span> <span class='ocrx_word' id='word_1_187' title='bbox 1987 3913 2134 3980; x_wconf 86' lang='lat' dir='ltr'>arbusto</span> 
     </span>
     <span class='ocr_line' id='line_1_19' title="bbox 289 4060 2134 4152; baseline 0 -21"><span class='ocrx_word' id='word_1_188' title='bbox 289 4061 547 4149; x_wconf 89' lang='lat' dir='ltr'>pastenandum</span> <span class='ocrx_word' id='word_1_189' title='bbox 570 4063 745 4131; x_wconf 88' lang='lat' dir='ltr'>iohannes</span> <span class='ocrx_word' id='word_1_190' title='bbox 767 4061 939 4148; x_wconf 88' lang='lat' dir='ltr'>presbiter</span> <span class='ocrx_word' id='word_1_191' title='bbox 963 4064 999 4127; x_wconf 89' lang='lat' dir='ltr'>et</span> <span class='ocrx_word' id='word_1_192' title='bbox 1022 4067 1143 4147; x_wconf 91' lang='lat' dir='ltr'>petrus</span> <span class='ocrx_word' id='word_1_193' title='bbox 1167 4061 1340 4146; x_wconf 87' lang='lat' dir='ltr'>presbiter</span> <span class='ocrx_word' id='word_1_194' title='bbox 1372 4061 1501 4129; x_wconf 89' lang='lat' dir='ltr'>rectori</span> <span class='ocrx_word' id='word_1_195' title='bbox 1524 4060 1672 4130; x_wconf 88' lang='lat' dir='ltr'>ecclesie</span> <span class='ocrx_word' id='word_1_196' title='bbox 1701 4063 1817 4130; x_wconf 85' lang='lat' dir='ltr'>sancti</span> <span class='ocrx_word' id='word_1_197' title='bbox 1842 4063 1988 4131; x_wconf 89' lang='lat' dir='ltr'>martini</span> <span class='ocrx_word' id='word_1_198' title='bbox 2004 4103 2023 4150; x_wconf 50' lang='grc' dir='ltr'>,ι</span> <span class='ocrx_word' id='word_1_199' title='bbox 2038 4067 2134 4152; x_wconf 87' lang='lat' dir='ltr'>quod</span> 
     </span>
     <span class='ocr_line' id='line_1_20' title="bbox 288 4213 2135 4304; baseline 0.001 -21"><span class='ocrx_word' id='word_1_200' title='bbox 288 4215 432 4303; x_wconf 88' lang='lat' dir='ltr'>quidam</span> <span class='ocrx_word' id='word_1_201' title='bbox 455 4214 679 4302; x_wconf 84' lang='lat' dir='ltr'>guaimarius</span> <span class='ocrx_word' id='word_1_202' title='bbox 701 4232 817 4282; x_wconf 88' lang='lat' dir='ltr'>comcs</span> <span class='ocrx_word' id='word_1_203' title='bbox 839 4213 937 4281; x_wconf 89' lang='lat' dir='ltr'>filius</span> <span class='ocrx_word' id='word_1_204' title='bbox 960 4213 1107 4300; x_wconf 84' lang='lat' dir='ltr'>guidoni</span> <span class='ocrx_word' id='word_1_205' title='bbox 1133 4214 1251 4282; x_wconf 91' lang='lat' dir='ltr'>comiti</span> <span class='ocrx_word' id='word_1_206' title='bbox 1278 4235 1299 4282; x_wconf 92' lang='lat' dir='ltr'>a</span> <span class='ocrx_word' id='word_1_207' title='bbox 1325 4217 1415 4280; x_wconf 90' lang='lat' dir='ltr'>nobo</span> <span class='ocrx_word' id='word_1_208' title='bbox 1430 4214 1638 4282; x_wconf 82' lang='lat' dir='ltr'>fundamine</span> <span class='ocrx_word' id='word_1_209' title='bbox 1660 4213 1864 4304; x_wconf 79' lang='lat' dir='ltr'>construxit</span> <span class='ocrx_word' id='word_1_210' title='bbox 1887 4217 1926 4283; x_wconf 90' lang='lat' dir='ltr'>in</span> <span class='ocrx_word' id='word_1_211' title='bbox 1944 4217 2051 4284; x_wconf 91' lang='lat' dir='ltr'>rebus</span> <span class='ocrx_word' id='word_1_212' title='bbox 2067 4235 2135 4285; x_wconf 88' lang='lat' dir='ltr'>sua</span> 
     </span>
     <span class='ocr_line' id='line_1_21' title="bbox 289 4366 2139 4455; baseline 0 -20"><span class='ocrx_word' id='word_1_213' title='bbox 289 4369 383 4438; x_wconf 90' lang='lat' dir='ltr'>ulter</span> <span class='ocrx_word' id='word_1_214' title='bbox 405 4369 512 4438; x_wconf 84' lang='lat' dir='ltr'>dubio</span> <span class='ocrx_word' id='word_1_215' title='bbox 535 4368 663 4454; x_wconf 92' lang='lat' dir='ltr'>lirinu,</span> <span class='ocrx_word' id='word_1_216' title='bbox 686 4366 885 4455; x_wconf 89' lang='lat' dir='ltr'>propinquo</span> <span class='ocrx_word' id='word_1_217' title='bbox 909 4366 1077 4437; x_wconf 88' lang='lat' dir='ltr'>carnaria</span> <span class='ocrx_word' id='word_1_218' title='bbox 1100 4367 1319 4452; x_wconf 86' lang='lat' dir='ltr'>pertinentes</span> <span class='ocrx_word' id='word_1_219' title='bbox 1336 4367 1378 4434; x_wconf 87' lang='lat' dir='ltr'>de</span> <span class='ocrx_word' id='word_1_220' title='bbox 1394 4369 1540 4435; x_wconf 87' lang='lat' dir='ltr'>hactum</span> <span class='ocrx_word' id='word_1_221' title='bbox 1560 4367 1820 4435; x_wconf 87' lang='lat' dir='ltr'>salernitanam</span> <span class='ocrx_word' id='word_1_222' title='bbox 1843 4366 2041 4453; x_wconf 89' lang='lat' dir='ltr'>civitatem,</span> <span class='ocrx_word' id='word_1_223' title='bbox 2062 4387 2139 4438; x_wconf 86' lang='lat' dir='ltr'>una</span> 
     </span>
     <span class='ocr_line' id='line_1_22' title="bbox 290 4517 2135 4609; baseline -0.002 -17"><span class='ocrx_word' id='word_1_224' title='bbox 290 4525 392 4609; x_wconf 80' lang='lat' dir='ltr'>pecie</span> <span class='ocrx_word' id='word_1_225' title='bbox 416 4524 459 4593; x_wconf 87' lang='lat' dir='ltr'>de</span> <span class='ocrx_word' id='word_1_226' title='bbox 484 4529 584 4594; x_wconf 88' lang='lat' dir='ltr'>terra</span> <span class='ocrx_word' id='word_1_227' title='bbox 607 4526 723 4593; x_wconf 87' lang='lat' dir='ltr'>bacua</span> <span class='ocrx_word' id='word_1_228' title='bbox 747 4528 782 4594; x_wconf 91' lang='lat' dir='ltr'>et</span> <span class='ocrx_word' id='word_1_229' title='bbox 804 4541 886 4591; x_wconf 90' lang='lat' dir='ltr'>cum</span> <span class='ocrx_word' id='word_1_230' title='bbox 908 4519 1086 4608; x_wconf 87' lang='lat' dir='ltr'>aliquanti</span> <span class='ocrx_word' id='word_1_231' title='bbox 1113 4519 1293 4606; x_wconf 83' lang='lat' dir='ltr'>castanei,</span> <span class='ocrx_word' id='word_1_232' title='bbox 1322 4520 1413 4604; x_wconf 91' lang='lat' dir='ltr'>quod</span> <span class='ocrx_word' id='word_1_233' title='bbox 1436 4537 1520 4605; x_wconf 91' lang='lat' dir='ltr'>pars</span> <span class='ocrx_word' id='word_1_234' title='bbox 1543 4517 1655 4605; x_wconf 89' lang='lat' dir='ltr'>ipsius</span> <span class='ocrx_word' id='word_1_235' title='bbox 1680 4519 1826 4586; x_wconf 88' lang='lat' dir='ltr'>ecclesie</span> <span class='ocrx_word' id='word_1_236' title='bbox 1848 4523 1931 4588; x_wconf 86' lang='lat' dir='ltr'>abet</span> <span class='ocrx_word' id='word_1_237' title='bbox 1956 4522 1994 4588; x_wconf 90' lang='lat' dir='ltr'>iu</span> <span class='ocrx_word' id='word_1_238' title='bbox 2018 4523 2135 4589; x_wconf 91' lang='lat' dir='ltr'>locum</span> 
     </span>
     <span class='ocr_line' id='line_1_23' title="bbox 289 4647 2139 4765; baseline -0.001 -21"><span class='ocrx_word' id='word_1_239' title='bbox 289 4678 508 4765; x_wconf 88' lang='lat' dir='ltr'>campilianu</span> <span class='ocrx_word' id='word_1_240' title='bbox 531 4678 766 4748; x_wconf 89' lang='lat' dir='ltr'>salernitanis</span> <span class='ocrx_word' id='word_1_241' title='bbox 790 4675 935 4760; x_wconf 85' lang='lat' dir='ltr'>linibus,</span> <span class='ocrx_word' id='word_1_242' title='bbox 959 4693 1021 4760; x_wconf 92' lang='lat' dir='ltr'>per</span> <span class='ocrx_word' id='word_1_243' title='bbox 1046 4677 1110 4742; x_wconf 89' lang='lat' dir='ltr'>hec</span> <span class='ocrx_word' id='word_1_244' title='bbox 1135 4673 1217 4740; x_wconf 86' lang='lat' dir='ltr'>fluis</span> <span class='ocrx_word' id='word_1_245' title='bbox 1241 4647 1276 4739; x_wconf 90' lang='lat' dir='ltr'>et</span> <span class='ocrx_word' id='word_1_246' title='bbox 1299 4674 1491 4740; x_wconf 85' lang='lat' dir='ltr'>mensurio:</span> <span class='ocrx_word' id='word_1_247' title='bbox 1516 4673 1559 4739; x_wconf 86' lang='lat' dir='ltr'>de</span> <span class='ocrx_word' id='word_1_248' title='bbox 1583 4690 1781 4760; x_wconf 89' lang='lat' dir='ltr'>unapars,</span> <span class='ocrx_word' id='word_1_249' title='bbox 1809 4674 1902 4759; x_wconf 91' lang='lat' dir='ltr'>quod</span> <span class='ocrx_word' id='word_1_250' title='bbox 1931 4679 1985 4742; x_wconf 90' lang='lat' dir='ltr'>est</span> <span class='ocrx_word' id='word_1_251' title='bbox 2009 4696 2031 4744; x_wconf 91' lang='lat' dir='ltr'>a</span> <span class='ocrx_word' id='word_1_252' title='bbox 2055 4697 2139 4762; x_wconf 84' lang='lat' dir='ltr'>pars</span> 
     </span>
     <span class='ocr_line' id='line_1_24' title="bbox 289 4826 2143 4920; baseline -0.002 -18"><span class='ocrx_word' id='word_1_253' title='bbox 289 4830 603 4920; x_wconf 62' lang='lat' dir='ltr'>septemtrionalis</span> <span class='ocrx_word' id='word_1_254' title='bbox 627 4831 699 4900; x_wconf 90' lang='lat' dir='ltr'>fine</span> <span class='ocrx_word' id='word_1_255' title='bbox 722 4831 835 4917; x_wconf 88' lang='lat' dir='ltr'>ipsius</span> <span class='ocrx_word' id='word_1_256' title='bbox 857 4827 1017 4914; x_wconf 90' lang='lat' dir='ltr'>ecclesie,</span> <span class='ocrx_word' id='word_1_257' title='bbox 1042 4829 1125 4894; x_wconf 87' lang='lat' dir='ltr'>inde</span> <span class='ocrx_word' id='word_1_258' title='bbox 1149 4829 1244 4913; x_wconf 88' lang='lat' dir='ltr'>passi</span> <span class='ocrx_word' id='word_1_259' title='bbox 1268 4829 1419 4896; x_wconf 89' lang='lat' dir='ltr'>sedecim</span> <span class='ocrx_word' id='word_1_260' title='bbox 1442 4826 1546 4914; x_wconf 87' lang='lat' dir='ltr'>pedes</span> <span class='ocrx_word' id='word_1_261' title='bbox 1569 4827 1649 4894; x_wconf 90' lang='lat' dir='ltr'>duo:</span> <span class='ocrx_word' id='word_1_262' title='bbox 1669 4845 1789 4914; x_wconf 88' lang='lat' dir='ltr'>apars</span> <span class='ocrx_word' id='word_1_263' title='bbox 1812 4828 1963 4896; x_wconf 89' lang='lat' dir='ltr'>orientis</span> <span class='ocrx_word' id='word_1_264' title='bbox 1987 4831 2059 4896; x_wconf 85' lang='lat' dir='ltr'>line</span> <span class='ocrx_word' id='word_1_265' title='bbox 2080 4829 2143 4900; x_wconf 90' lang='lat' dir='ltr'>bia</span> 
     </span>
     <span class='ocr_line' id='line_1_25' title="bbox 290 4946 2138 5072; baseline -0.001 -22"><span class='ocrx_word' id='word_1_266' title='bbox 290 4985 485 5072; x_wconf 83' lang='lat' dir='ltr'>iolonensc‚</span> <span class='ocrx_word' id='word_1_267' title='bbox 508 4987 593 5052; x_wconf 87' lang='lat' dir='ltr'>sunt</span> <span class='ocrx_word' id='word_1_268' title='bbox 617 4983 699 5052; x_wconf 87' lang='lat' dir='ltr'>inde</span> <span class='ocrx_word' id='word_1_269' title='bbox 722 4981 820 5072; x_wconf 90' lang='lat' dir='ltr'>passi</span> <span class='ocrx_word' id='word_1_270' title='bbox 844 4981 1037 5068; x_wconf 85' lang='lat' dir='ltr'>sexaginta</span> <span class='ocrx_word' id='word_1_271' title='bbox 1062 4983 1174 5047; x_wconf 89' lang='lat' dir='ltr'>hocto:</span> <span class='ocrx_word' id='word_1_272' title='bbox 1194 5000 1315 5066; x_wconf 87' lang='lat' dir='ltr'>apars</span> <span class='ocrx_word' id='word_1_273' title='bbox 1340 4980 1487 5049; x_wconf 89' lang='lat' dir='ltr'>meridie</span> <span class='ocrx_word' id='word_1_274' title='bbox 1505 4946 1575 5050; x_wconf 86' lang='lat' dir='ltr'>fine</span> <span class='ocrx_word' id='word_1_275' title='bbox 1591 4982 1748 5069; x_wconf 87' lang='lat' dir='ltr'>predicte</span> <span class='ocrx_word' id='word_1_276' title='bbox 1762 4981 1924 5068; x_wconf 84' lang='lat' dir='ltr'>ecclesie,</span> <span class='ocrx_word' id='word_1_277' title='bbox 1942 4983 2024 5050; x_wconf 90' lang='lat' dir='ltr'>inde</span> <span class='ocrx_word' id='word_1_278' title='bbox 2040 4984 2138 5069; x_wconf 88' lang='lat' dir='ltr'>passi</span> 
     </span>
     <span class='ocr_line' id='line_1_26' title="bbox 288 5133 2137 5227; baseline -0.003 -20"><span class='ocrx_word' id='word_1_279' title='bbox 288 5137 558 5227; x_wconf 84' lang='lat' dir='ltr'>quinquaginta</span> <span class='ocrx_word' id='word_1_280' title='bbox 581 5141 667 5205; x_wconf 88' lang='lat' dir='ltr'>tres:</span> <span class='ocrx_word' id='word_1_281' title='bbox 692 5156 715 5206; x_wconf 92' lang='lat' dir='ltr'>a</span> <span class='ocrx_word' id='word_1_282' title='bbox 738 5155 823 5225; x_wconf 88' lang='lat' dir='ltr'>pars</span> <span class='ocrx_word' id='word_1_283' title='bbox 845 5133 1065 5204; x_wconf 89' lang='lat' dir='ltr'>hoccidentis</span> <span class='ocrx_word' id='word_1_284' title='bbox 1088 5135 1158 5201; x_wconf 88' lang='lat' dir='ltr'>ilne</span> <span class='ocrx_word' id='word_1_285' title='bbox 1181 5135 1316 5221; x_wconf 83' lang='lat' dir='ltr'>prefate</span> <span class='ocrx_word' id='word_1_286' title='bbox 1340 5135 1501 5220; x_wconf 83' lang='lat' dir='ltr'>ecclesie,</span> <span class='ocrx_word' id='word_1_287' title='bbox 1516 5139 1551 5203; x_wconf 87' lang='lat' dir='ltr'>et</span> <span class='ocrx_word' id='word_1_288' title='bbox 1568 5135 1649 5202; x_wconf 88' lang='lat' dir='ltr'>inde</span> <span class='ocrx_word' id='word_1_289' title='bbox 1665 5139 1748 5203; x_wconf 88' lang='lat' dir='ltr'>sunt</span> <span class='ocrx_word' id='word_1_290' title='bbox 1771 5137 1865 5222; x_wconf 88' lang='lat' dir='ltr'>passi</span> <span class='ocrx_word' id='word_1_291' title='bbox 1889 5135 2137 5222; x_wconf 83' lang='lat' dir='ltr'>quadraginta</span> 
     </span>
     <span class='ocr_line' id='line_1_27' title="bbox 289 5273 2137 5378; baseline -0.005 -17"><span class='ocrx_word' id='word_1_292' title='bbox 289 5311 366 5378; x_wconf 79' lang='lat' dir='ltr'>sex3</span> <span class='ocrx_word' id='word_1_293' title='bbox 390 5295 427 5360; x_wconf 92' lang='lat' dir='ltr'>et</span> <span class='ocrx_word' id='word_1_294' title='bbox 450 5291 652 5360; x_wconf 89' lang='lat' dir='ltr'>rebolbente</span> <span class='ocrx_word' id='word_1_295' title='bbox 676 5289 715 5356; x_wconf 91' lang='lat' dir='ltr'>in</span> <span class='ocrx_word' id='word_1_296' title='bbox 738 5308 822 5376; x_wconf 89' lang='lat' dir='ltr'>pars</span> <span class='ocrx_word' id='word_1_297' title='bbox 845 5273 993 5356; x_wconf 85' lang='lat' dir='ltr'>meridie</span> <span class='ocrx_word' id='word_1_298' title='bbox 1024 5307 1086 5374; x_wconf 90' lang='lat' dir='ltr'>per</span> <span class='ocrx_word' id='word_1_299' title='bbox 1117 5287 1323 5374; x_wconf 85' lang='lat' dir='ltr'>supradicta</span> <span class='ocrx_word' id='word_1_300' title='bbox 1347 5287 1417 5352; x_wconf 84' lang='lat' dir='ltr'>fine</span> <span class='ocrx_word' id='word_1_301' title='bbox 1447 5284 1593 5352; x_wconf 87' lang='lat' dir='ltr'>ecclesie</span> <span class='ocrx_word' id='word_1_302' title='bbox 1617 5287 1700 5352; x_wconf 89' lang='lat' dir='ltr'>sunt</span> <span class='ocrx_word' id='word_1_303' title='bbox 1732 5287 1814 5354; x_wconf 88' lang='lat' dir='ltr'>inde</span> <span class='ocrx_word' id='word_1_304' title='bbox 1836 5285 1931 5372; x_wconf 89' lang='lat' dir='ltr'>passi</span> <span class='ocrx_word' id='word_1_305' title='bbox 1956 5285 2075 5354; x_wconf 91' lang='lat' dir='ltr'>decem</span> <span class='ocrx_word' id='word_1_306' title='bbox 2100 5291 2137 5351; x_wconf 90' lang='lat' dir='ltr'>et</span> 
     </span>
     <span class='ocr_line' id='line_1_28' title="bbox 288 5436 2144 5528; baseline -0.005 -15"><span class='ocrx_word' id='word_1_307' title='bbox 288 5449 414 5516; x_wconf 90' lang='lat' dir='ltr'>nobem</span> <span class='ocrx_word' id='word_1_308' title='bbox 438 5449 475 5513; x_wconf 87' lang='lat' dir='ltr'>et</span> <span class='ocrx_word' id='word_1_309' title='bbox 497 5443 653 5512; x_wconf 90' lang='lat' dir='ltr'>medium</span> <span class='ocrx_word' id='word_1_310' title='bbox 678 5459 832 5528; x_wconf 88' lang='lat' dir='ltr'>passum.</span> <span class='ocrx_word' id='word_1_311' title='bbox 849 5441 973 5511; x_wconf 87' lang='lat' dir='ltr'>Totum</span> <span class='ocrx_word' id='word_1_312' title='bbox 997 5447 1240 5509; x_wconf 89' lang='lat' dir='ltr'>mensuratum</span> <span class='ocrx_word' id='word_1_313' title='bbox 1264 5445 1301 5508; x_wconf 89' lang='lat' dir='ltr'>at</span> <span class='ocrx_word' id='word_1_314' title='bbox 1325 5440 1417 5506; x_wconf 90' lang='lat' dir='ltr'>iusto</span> <span class='ocrx_word' id='word_1_315' title='bbox 1441 5455 1583 5525; x_wconf 90' lang='lat' dir='ltr'>passum</span> <span class='ocrx_word' id='word_1_316' title='bbox 1600 5440 1752 5524; x_wconf 91' lang='lat' dir='ltr'>homini,</span> <span class='ocrx_word' id='word_1_317' title='bbox 1776 5439 1853 5507; x_wconf 90' lang='lat' dir='ltr'>ideo</span> <span class='ocrx_word' id='word_1_318' title='bbox 1870 5443 1945 5507; x_wconf 87' lang='lat' dir='ltr'>tota</span> <span class='ocrx_word' id='word_1_319' title='bbox 1960 5443 1997 5504; x_wconf 89' lang='lat' dir='ltr'>ct</span> <span class='ocrx_word' id='word_1_320' title='bbox 2015 5436 2144 5505; x_wconf 89' lang='lat' dir='ltr'>inclita</span> 
     </span>
     <span class='ocr_line' id='line_1_29' title="bbox 290 5589 2144 5684; baseline -0.004 -19"><span class='ocrx_word' id='word_1_321' title='bbox 290 5600 370 5684; x_wconf 85' lang='lat' dir='ltr'>ipsa</span> <span class='ocrx_word' id='word_1_322' title='bbox 394 5599 498 5684; x_wconf 88' lang='lat' dir='ltr'>pecia</span> <span class='ocrx_word' id='word_1_323' title='bbox 520 5597 564 5666; x_wconf 86' lang='lat' dir='ltr'>de</span> <span class='ocrx_word' id='word_1_324' title='bbox 587 5599 687 5664; x_wconf 90' lang='lat' dir='ltr'>terra</span> <span class='ocrx_word' id='word_1_325' title='bbox 710 5614 773 5682; x_wconf 92' lang='lat' dir='ltr'>per</span> <span class='ocrx_word' id='word_1_326' title='bbox 797 5593 964 5663; x_wconf 81' lang='lat' dir='ltr'>iamdicta</span> <span class='ocrx_word' id='word_1_327' title='bbox 997 5593 1079 5659; x_wconf 88' lang='lat' dir='ltr'>finis</span> <span class='ocrx_word' id='word_1_328' title='bbox 1101 5599 1136 5658; x_wconf 91' lang='lat' dir='ltr'>et</span> <span class='ocrx_word' id='word_1_329' title='bbox 1160 5589 1361 5675; x_wconf 82' lang='lat' dir='ltr'>mensurio,</span> <span class='ocrx_word' id='word_1_330' title='bbox 1386 5609 1467 5656; x_wconf 93' lang='lat' dir='ltr'>oum</span> <span class='ocrx_word' id='word_1_331' title='bbox 1490 5592 1611 5660; x_wconf 88' lang='lat' dir='ltr'>omnia</span> <span class='ocrx_word' id='word_1_332' title='bbox 1633 5590 1729 5658; x_wconf 87' lang='lat' dir='ltr'>intro</span> <span class='ocrx_word' id='word_1_333' title='bbox 1752 5609 1790 5658; x_wconf 90' lang='lat' dir='ltr'>se</span> <span class='ocrx_word' id='word_1_334' title='bbox 1812 5591 2003 5657; x_wconf 86' lang='lat' dir='ltr'>abentibus</span> <span class='ocrx_word' id='word_1_335' title='bbox 2027 5594 2144 5660; x_wconf 89' lang='lat' dir='ltr'>omni·</span> 
     </span>
     <span class='ocr_line' id='line_1_30' title="bbox 293 5743 2144 5837; baseline -0.003 -21"><span class='ocrx_word' id='word_1_336' title='bbox 293 5751 432 5837; x_wconf 88' lang='lat' dir='ltr'>busque</span> <span class='ocrx_word' id='word_1_337' title='bbox 456 5751 531 5818; x_wconf 89' lang='lat' dir='ltr'>suis</span> <span class='ocrx_word' id='word_1_338' title='bbox 554 5745 793 5837; x_wconf 85' lang='lat' dir='ltr'>pertinentiis,</span> <span class='ocrx_word' id='word_1_339' title='bbox 818 5750 957 5814; x_wconf 86' lang='lat' dir='ltr'>etcum</span> <span class='ocrx_word' id='word_1_340' title='bbox 982 5745 1058 5812; x_wconf 90' lang='lat' dir='ltr'>vice</span> <span class='ocrx_word' id='word_1_341' title='bbox 1081 5745 1124 5811; x_wconf 90' lang='lat' dir='ltr'>de</span> <span class='ocrx_word' id='word_1_342' title='bbox 1149 5746 1207 5812; x_wconf 87' lang='lat' dir='ltr'>via</span> <span class='ocrx_word' id='word_1_343' title='bbox 1222 5763 1299 5828; x_wconf 86' lang='lat' dir='ltr'>sua,</span> <span class='ocrx_word' id='word_1_344' title='bbox 1325 5744 1406 5811; x_wconf 94' lang='lat' dir='ltr'>illut</span> <span class='ocrx_word' id='word_1_345' title='bbox 1429 5743 1538 5811; x_wconf 90' lang='lat' dir='ltr'>michi</span> <span class='ocrx_word' id='word_1_346' title='bbox 1560 5743 1787 5812; x_wconf 86' lang='lat' dir='ltr'>tradiderunt</span> <span class='ocrx_word' id='word_1_347' title='bbox 1811 5743 1849 5809; x_wconf 94' lang='lat' dir='ltr'>in</span> <span class='ocrx_word' id='word_1_348' title='bbox 1873 5760 1914 5811; x_wconf 91' lang='lat' dir='ltr'>oc</span> <span class='ocrx_word' id='word_1_349' title='bbox 1938 5744 2076 5828; x_wconf 85' lang='lat' dir='ltr'>ordine,</span> <span class='ocrx_word' id='word_1_350' title='bbox 2103 5753 2144 5812; x_wconf 88' lang='lat' dir='ltr'>ut</span> 
     </span>
    </p>
   </div>
   <div class='ocr_carea' id='block_1_7' title="bbox 289 5895 2145 5992">
    <p class='ocr_par' dir='ltr' id='par_1_9' title="bbox 289 5895 2145 5992">
     <span class='ocr_line' id='line_1_31' title="bbox 289 5895 2145 5992; baseline -0.005 -18"><span class='ocrx_word' id='word_1_351' title='bbox 289 5907 417 5975; x_wconf 90' lang='lat' dir='ltr'>amodo</span> <span class='ocrx_word' id='word_1_352' title='bbox 441 5911 478 5973; x_wconf 91' lang='lat' dir='ltr'>et</span> <span class='ocrx_word' id='word_1_353' title='bbox 502 5923 610 5992; x_wconf 86' lang='lat' dir='ltr'>usque</span> <span class='ocrx_word' id='word_1_354' title='bbox 633 5901 817 5971; x_wconf 91' lang='lat' dir='ltr'>duodecim</span> <span class='ocrx_word' id='word_1_355' title='bbox 842 5902 929 5971; x_wconf 89' lang='lat' dir='ltr'>anni</span> <span class='ocrx_word' id='word_1_356' title='bbox 960 5899 1114 5984; x_wconf 87' lang='lat' dir='ltr'>conpleti</span> <span class='ocrx_word' id='word_1_357' title='bbox 1144 5918 1210 5982; x_wconf 74' lang='lat' dir='ltr'>ego</span> <span class='ocrx_word' id='word_1_358' title='bbox 1234 5903 1269 5965; x_wconf 88' lang='lat' dir='ltr'>et</span> <span class='ocrx_word' id='word_1_359' title='bbox 1293 5919 1387 5965; x_wconf 88' lang='lat' dir='ltr'>meos</span> <span class='ocrx_word' id='word_1_360' title='bbox 1413 5897 1559 5965; x_wconf 89' lang='lat' dir='ltr'>heredes</span> <span class='ocrx_word' id='word_1_361' title='bbox 1591 5897 1756 5965; x_wconf 90' lang='lat' dir='ltr'>inclitum</span> <span class='ocrx_word' id='word_1_362' title='bbox 1783 5895 1862 5966; x_wconf 91' lang='lat' dir='ltr'>illut</span> <span class='ocrx_word' id='word_1_363' title='bbox 1894 5903 2014 5966; x_wconf 88' lang='lat' dir='ltr'>nostre</span> <span class='ocrx_word' id='word_1_364' title='bbox 2046 5903 2145 5984; x_wconf 86' lang='lat' dir='ltr'>poto-</span> 
     </span>
    </p>
   </div>
   <div class='ocr_carea' id='block_1_8' title="bbox 0 0 2680 7092">
    <p class='ocr_par' dir='ltr' id='par_1_10' title="bbox 0 0 2680 7092">
     <span class='ocr_line' id='line_1_32' title="bbox 0 0 2680 7092; baseline 0 0"><span class='ocrx_word' id='word_1_365' title='bbox 0 0 2680 7092; x_wconf 95' lang='lat' dir='ltr'> </span> 
     </span>
    </p>
   </div>
  </div>
 </body>
</html>
