5376 7094
632 521 678 601 ll
1280 527 1451 598 (zunul
1479 527 1744 599 Clll'ENSlS

585 757 693 824 abere
717 758 755 822 et
780 755 918 824 salbum
941 756 1079 839 lacere3
1105 758 1141 823 et
1164 753 1289 822 amodo
1311 757 1347 822 61
1370 754 1466 820 omni
1499 759 1657 841 tempore
1687 753 1892 824 annualiter
1915 772 1978 840 per
2011 753 2188 822 vindemie
2211 751 2349 822 saciant
2373 769 2439 820 nos

586 909 642 976 vel
666 928 749 995 pars
773 908 940 978 iamdicta
963 907 1110 977 ecclesie
1132 907 1243 994 scire,
1269 909 1310 973 ut
1332 907 1534 993 dirigamus
1558 906 1689 974 ibidem
1719 907 1867 974 missum
1898 908 2084 993 nostrum,
2108 910 2144 974 61
2163 905 2240 982 11116
2263 909 2338 974 tota
2363 905 2440 992 ipsa

588 1063 696 1130 vinea
718 1066 755 1130 61
776 1064 965 1129 arbustum
988 1061 1212 1130 vindemiare
1227 1059 1324 1128 iusta
1340 1059 1534 1145 rationem,
1551 1061 1587 1126 61
1604 1056 1722 1124 omnis
1746 1056 1871 1124 vinum
1887 1060 1923 1124 et
1940 1075 2042 1142 poma
2058 1076 2167 1143 quam
2190 1055 2273 1124 inde
2295 1057 2439 1144 exierit,

585 1211 750 1282 dividant
773 1212 856 1280 illut
879 1213 1002 1300 ibique
1024 1212 1070 1281 ad
1094 1212 1315 1300 palmentum
1338 1213 1377 1280 in
1401 1213 1547 1281 tertiam
1571 1216 1724 1298 partem:
1750 1229 1814 1278 nos
1839 1209 2005 1278 tollamus
2028 1209 2160 1278 exinde
2185 1229 2258 1280 una
2281 1217 2389 1298 sorte,
2406 1215 2440 1280 et

587 1362 660 1429 illis
684 1363 754 1431 due
777 1364 898 1450 sortis3
922 1367 959 1431 et
982 1361 1149 1432 similiter
1173 1366 1213 1432 in
1235 1365 1381 1433 tertiam
1404 1369 1542 1450 partem
1566 1363 1732 1432 dividant
1757 1363 1882 1430 amodo
1906 1366 1942 1430 et
1965 1363 2062 1429 omni
2087 1365 2244 1449 tempore
2268 1365 2341 1430 tote
2366 1361 2439 1448 ipse

585 1534 701 1584 caune
726 1520 762 1584 et
786 1516 888 1585 salici
920 1516 1040 1602 ibique
1064 1535 1127 1602 per
1150 1516 1222 1583 illis
1245 1516 1406 1585 abscisa:
1432 1535 1496 1583 nos
1519 1515 1683 1584 tollamus
1707 1534 1780 1583 una
1803 1519 1922 1600 sorte,
1946 1519 1982 1582 et
2005 1514 2077 1582 illis
2101 1515 2194 1600 due3
2220 1519 2255 1583 et
2279 1514 2356 1601 ipsa
2379 1533 2439 1582 no-

587 1674 664 1737 stra
687 1671 878 1738 sortionem
901 1671 943 1737 de
959 1671 1034 1756 ipso
1058 1670 1182 1736 vinum
1207 1670 1280 1736 illis
1303 1689 1362 1736 eos
1385 1674 1561 1756 reponant
1576 1671 1615 1738 in
1631 1687 1826 1755 organeum
1842 1675 2018 1756 nostrum,
2036 1670 2129 1755 quod
2148 1669 2290 1735 illorum
2309 1669 2438 1739 ibidem

585 1821 915 1910 adsignaverimus,
940 1841 1002 1908 per
1027 1822 1099 1890 illis
1123 1824 1326 1890 conciatum
1349 1825 1385 1890 et
1408 1823 1605 1909 repositum
1629 1825 1668 1890 in
1692 1841 1777 1891 oasa
1802 1821 1945 1889 illorum
1972 1824 2094 1909 ibique
2120 1823 2158 1888 in
2190 1840 2259 1907 quo
2282 1821 2439 1890 abitare-

585 1976 675 2060 rint,
700 1979 735 2041 et
760 1975 896 2044 salbum
922 1975 1005 2042 illut
1029 1977 1179 2060 iaciant,
1204 1994 1315 2060 usque
1338 1975 1423 2040 dum
1446 1973 1525 2042 illut
1542 1972 1624 2040 inde
1640 1971 1828 2040 tulerimus
1844 1975 1979 2060 absque
1995 1972 2272 2060 degeneratione
2287 1975 2324 2040 61
2341 1975 2435 2061 igne,

586 2127 661 2216 ipso
683 2130 828 2196 missum
852 2128 944 2215 quod
969 2128 1099 2197 ibidem
1121 2127 1373 2213 direxerimus,
1398 2126 1470 2192 illis
1494 2146 1576 2195 eum
1599 2129 1737 2194 notrire
1760 2127 1956 2195 secundum
1980 2127 2124 2194 illorum
2147 2127 2258 2194 luerit
2289 2125 2436 2214 possivi-

586 2280 735 2365 litatem,
761 2299 870 2366 usque
893 2279 976 2346 dum
999 2298 1062 2364 per
1084 2280 1262 2348 vindemie
1288 2279 1417 2346 ibidem
1441 2279 1600 2364 steterit,
1624 2285 1660 2347 61
1683 2279 1940 2367 palmentatica
1963 2283 2066 2349 nobis
2089 2282 2213 2366 deant,
2238 2280 2332 2346 sicut
2356 2297 2430 2345 me·

584 2435 700 2500 ruerit
721 2436 758 2500 61
781 2435 995 2500 consuetudo
1010 2439 1076 2520 est,
1093 2438 1128 2502 et
1144 2434 1186 2501 de
1201 2433 1293 2518 quod
1315 2436 1353 2500 in
1370 2434 1444 2520 ipso
1460 2437 1647 2502 arbustum
1670 2433 1885 2503 seminatum
1909 2434 2032 2520 suerit,
2056 2435 2166 2502 deant
2182 2435 2285 2500 nobis
2301 2431 2431 2501 exinde

583 2586 796 2652 terraticum
819 2587 1011 2654 secundum
1035 2588 1327 2655 consuetudinem
1351 2588 1393 2655 de
1418 2589 1493 2674 ipso
1517 2552 1652 2671 locum3
1678 2605 1739 2652 seu
1762 2591 1799 2654 et
1824 2587 2036 2653 tradidimus
2066 2585 2098 2652 oi
2129 2585 2203 2686 alia
2235 2590 2331 2654 terra
2355 2606 2432 2652 cum

584 2737 676 2807 silba
699 2758 768 2824 que
791 2743 843 2805 est
866 2740 1094 2806 coniunctum
1120 2738 1158 2806 in
1181 2739 1296 2826 capite
1320 2739 1363 2807 de
1386 2741 1464 2825 ipsa
1486 2741 1588 2826 pecia
1611 2761 1633 2808 a
1657 2757 1763 2826 super
1794 2740 1872 2826 ipsa
1903 2739 1960 2808 via
1992 2745 2129 2809 rectum
2161 2739 2244 2806 illut
2266 2745 2431 2826 teneant,

585 2895 677 2961 siout
702 2893 778 2981 ipsa
802 2896 983 2964 mensuria
1006 2895 1088 2964 salit
1112 2896 1154 2962 de
1179 2895 1255 2982 ipsa
1280 2897 1525 2982 pastenatione
1550 2914 1659 2980 usque
1682 2913 1783 2962 serra
1806 2895 1849 2960 de
1874 2895 1990 2980 ipsum
2015 2899 2156 2980 monto,
2182 2902 2223 2962 ut
2249 2895 2432 2966 licentiam

585 3045 657 3113 illis
681 3050 813 3115 abeant
835 3067 894 3116 eos
917 3067 1066 3117 roncare
1091 3053 1126 3118 61
1148 3067 1346 3134 scampare,
1370 3049 1471 3116 etde
1494 3048 1586 3135 quod
1611 3045 1660 3114 ibi
1684 3045 1954 3133 seminaverint,
1979 3047 2086 3117 deant
2101 3049 2233 3116 exinde
2258 3049 2359 3117 nobis
2376 3049 2429 3119 vel

583 3199 628 3267 ad
652 3199 812 3286 partibus
836 3200 993 3286 predicte
1016 3203 1163 3269 ecclesie
1187 3204 1397 3271 terraticum
1422 3201 1614 3268 secundum
1640 3200 1932 3268 consuetudinem
1957 3201 2000 3270 de
2025 3202 2101 3290 ipso
2126 3203 2258 3288 loeum3
2283 3209 2318 3272 et
2336 3205 2366 3271 si
2391 3205 2432 3270 de

584 3369 652 3418 ano
675 3356 775 3418 terra
798 3349 1053 3420 salernitanam
1077 3352 1234 3419 exierint
1257 3371 1321 3438 pro
1345 3352 1457 3419 aliubi
1481 3352 1526 3420 ad
1541 3352 1752 3421 avitandum
1768 3357 1803 3420 et
1820 3353 1915 3422 infra
1941 3359 2013 3422 1166
2036 3356 2123 3425 anni
2149 3376 2220 3425 non
2245 3358 2431 3444 redierint,

584 3505 649 3570 aut
672 3502 704 3568 si
728 3499 834 3568 talem
859 3501 981 3568 fecerit
1004 3501 1159 3586 culpam,
1183 3502 1276 3568 unde
1301 3502 1458 3570 cecidere
1481 3461 1680 3592 debuerini,
1705 3511 1932 3592 expectemus
1950 3507 2051 3576 illum
2068 3510 2200 3580 exinde
2216 3518 2289 3582 tres
2305 3531 2431 3597 annos3

584 3651 672 3721 6161
696 3653 742 3721 da
765 3651 831 3738 ipsi
855 3657 928 3719 tres
951 3667 1064 3719 annos
1087 3652 1126 3718 in
1151 3658 1258 3720 antea
1281 3671 1352 3720 non
1375 3655 1563 3744 redierint,
1580 3633 1644 3725 aut
1667 3659 1696 3724 si
1722 3659 1764 3726 de
1788 3658 1866 3746 ipsa
1889 3663 1993 3750 culpa
2016 3663 2158 3734 liberati
2184 3685 2254 3732 non
2279 3665 2427 3754 luerint,

582 3807 661 3873 tota
685 3803 764 3890 ipsa
788 3808 893 3872 rebus
918 3810 1037 3872 nostre
1061 3806 1116 3874 vel
1140 3806 1182 3873 de
1207 3809 1284 3892 ipsa
1308 3809 1459 3877 ecclesia
1482 3814 1601 3877 essent
1624 3814 1831 3902 potestatis,
1856 3816 2061 3885 faciendum
2084 3822 2177 3907 quod
2202 3822 2432 3912 boluerimus;

584 3961 622 4026 et
646 3959 676 4025 si
704 3957 801 4025 infra
826 3959 893 4043 ipsi
919 3962 991 4026 tres
1013 3959 1101 4028 anni
1124 3957 1299 4026 redierint
1321 3965 1357 4029 et
1381 3962 1559 4032 boluerint
1583 3964 1665 4034 illut
1688 3973 1811 4040 tenere
1834 3971 1874 4037 in
1897 3975 2008 4042 antea
2025 3971 2063 4040 in
2087 3975 2256 4048 iamdicta
2279 3981 2433 4068 ratione,

584 4109 727 4178 illorum
751 4111 899 4180 redeant
922 4115 1146 4199 potestatem,
1168 4113 1213 4181 ad
1236 4115 1426 4182 tenendum
1451 4119 1487 4184 61
1510 4116 1755 4208 laborandum,
1780 4123 1874 4190 sicut
1897 4127 2061 4212 superius
2085 4129 2240 4218 legitur5
2266 4137 2302 4200 61
2326 4137 2358 4204 61
2382 4139 2431 4207 la·

585 4264 747 4330 boratum
771 4281 829 4331 eos
853 4263 1032 4332 inbenerit
1056 4266 1131 4350 ipso
1154 4283 1289 4334 annum
1312 4268 1404 4352 quod
1428 4269 1622 4360 redierint,
1646 4274 1748 4359 prius
1773 4279 1982 4366 recolligant
2007 4285 2082 4370 ipso
2105 4286 2262 4356 frudium
2287 4291 2348 4359 illo
2372 4299 2434 4379 qui

581 4431 640 4483 eos
663 4415 900 4504 lavoraverit,
933 4421 968 4485 et
998 4415 1048 4483 sic
1071 4421 1192 4503 postea
1225 4418 1305 4484 illut
1335 4420 1559 4509 recolligant.
1585 4427 1683 4494 Unde
1714 4435 1749 4498 et
1771 4451 1835 4518 pro
1858 4433 1980 4504 omnia
2002 4439 2245 4528 suprascripta
2269 4447 2370 4513 nobis
2394 4456 2427 4518 et

582 4566 628 4633 ad
650 4585 733 4652 pars
756 4569 892 4655 prefate
915 4569 1061 4638 ecclesie
1084 4571 1358 4663 adimplendum,
1384 4577 1458 4662 ipse
1480 4580 1653 4648 iohannes
1676 4589 1712 4650 61
1735 4583 1812 4653 eius
1834 4587 1958 4656 eredes
1973 4608 2036 4674 per
2054 4609 2146 4661 vona
2169 4601 2430 4671 combenientia

584 4717 720 4802 guadia
744 4720 846 4786 nobis
870 4721 966 4788 dedit
988 4725 1024 4789 et
1047 4741 1084 4789 se
1108 4724 1223 4808 ipsum
1249 4728 1475 4797 mediatorem
1500 4735 1636 4821 posuit3
1653 4743 1689 4806 et
1713 4759 1775 4826 per
1800 4745 1877 4828 ipsa
1899 4745 2032 4828 guadia
2055 4748 2229 4836 obligavit
2252 4773 2289 4821 se
2304 4763 2340 4824 et
2355 4776 2433 4826 suos

584 4869 678 4938 fllios
702 4877 738 4939 61
762 4873 898 4959 eredes,
923 4879 961 4942 ut
983 4875 1014 4942 si
1040 4877 1175 4964 taliter,
1199 4881 1292 4948 sicut
1315 4882 1479 4968 superius
1503 4886 1649 4978 legitur,
1676 4895 1777 4961 nobis
1801 4897 1856 4963 vel
1880 4897 1925 4964 ad
1947 4919 2030 4985 pars
2053 4901 2166 4970 eidem
2189 4909 2337 4977 66616616
2362 4930 2431 4980 non

584 5019 839 5109 adimpleverit
862 5029 898 5093 61
920 5026 1051 5113 aliquit
1074 5029 1205 5098 exinde
1229 5035 1501 5125 contradixerit,
1517 5060 1725 5128 componere
1742 5049 1844 5116 nobis
1861 5052 1917 5120 vel
1934 5053 1979 5120 ad
1995 5075 2079 5140 pars
2096 5056 2264 5130 iamdicte
2280 5064 2428 5136 66616616

583 5178 833 5266 quadraginta
857 5180 937 5246 auri
963 5181 1092 5250 solidos
1114 5187 1354 5275 costantinos,
1377 5195 1498 5259 etune
1531 5197 1674 5264 brebem
1706 5200 1830 5270 scribsi
1864 5224 1930 5291 ego
1961 5207 2144 5279 dauferius
2177 5219 2340 5285 notarius
2370 5224 2430 5306 qui

583 5327 751 5400 interlui.
779 5336 1027 5403 verumtamen
1050 5355 1299 5426 memoramus
1323 5344 1353 5410 si
1380 5346 1518 5414 16116111
1540 5349 1635 5418 alius
1660 5355 1762 5421 bomo
1785 5358 1848 5444 qui
1873 5359 1918 5444 ad
1941 5367 2203 5448 pastenandum
2227 5365 2429 5462 compreenss

583 5483 668 5554 dere
693 5485 847 5554 boluerit
872 5488 951 5575 ipsa
975 5493 1087 5578 terra,
1110 5511 1178 5579 que
1204 5497 1256 5562 est
1279 5515 1301 5562 a
1324 5514 1430 5583 super
1454 5500 1531 5584 ipsa
1555 5502 1635 5590 via,
1659 5505 1742 5575 illut
1765 5512 1858 5594 quod
1881 5513 1914 5581 ei
1938 5516 1985 5584 ad
2007 5523 2229 5591 roncandum
2251 5527 2427 5616 dedimus,

584 5641 621 5704 et
643 5637 802 5704 noluerit
826 5639 902 5726 ipse
926 5641 1099 5714 iohannes
1122 5646 1178 5714 vel
1202 5649 1326 5717 eredes
1349 5653 1426 5718 eius
1450 5651 1532 5720 illut
1549 5659 1751 5746 pastenare,
1768 5680 1832 5747 per
1849 5663 1910 5732 illo
1932 5669 2057 5740 ordine
2072 5675 2134 5760 qui
2153 5677 2288 5748 iustum
2304 5684 2428 5773 fuerit,

586 5788 699 5859 liceat
723 5809 808 5876 pars
832 5792 946 5878 ipsius
970 5795 1117 5864 ecclesie
1142 5797 1223 5867 illut
1245 5801 1330 5870 dare
1353 5803 1413 5872 oui
1439 5805 1605 5894 boluerit;
1622 5817 1657 5880 et
1680 5815 1786 5898 quale
1811 5821 1969 5908 tempore
1984 5825 2029 5893 da
2046 5807 2121 5914 iqso
2144 5833 2377 5905 constitutum
2395 5841 2432 5907 in
