5334 7098
989 568 1394 652 blenoululdu's
2025 580 2088 650 ill

293 802 377 870 dum
401 802 477 889 ipse
500 800 664 869 abellane
691 805 727 868 et
751 802 981 889 terraticum,
1004 803 1085 870 illut
1107 804 1332 891 nutriemuS,
1357 803 1500 891 quando
1523 804 1605 873 illut
1629 807 1766 893 recepit
1796 803 1990 873 secuudum
2022 805 2145 872 nostra

257 1041 266 1054 ι
294 953 588 1042 possivilitatem3
614 957 650 1021 et
672 953 777 1040 quale
807 957 965 1040 tempore
989 955 1035 1026 da
1059 957 1128 1042 ipsi
1158 955 1324 1026 tridecim
1348 957 1435 1025 anni
1459 957 1498 1024 in
1522 961 1631 1026 antea
1653 975 1717 1025 nos
1741 957 1795 1025 vel
1819 956 1952 1024 nostris
1976 954 2142 1024 eredibus

297 1107 382 1174 illut
405 1111 529 1175 tenere
552 1111 588 1174 et
612 1106 774 1176 lavorare
798 1126 869 1174 non
894 1107 1127 1196 uoluerimus,
1153 1109 1278 1176 inclita
1302 1111 1379 1194 ipsa
1402 1111 1508 1176 rebus
1531 1109 1694 1178 laborata
1709 1112 1745 1178 et
1761 1109 1937 1178 cultatum
1953 1108 2029 1195 ipso
2053 1107 2151 1175 abel·

296 1261 476 1330 lanietum
499 1262 724 1330 remittamus
748 1262 794 1329 ad
823 1265 997 1348 potestate
1030 1262 1143 1348 ipsius
1166 1261 1332 1350 ecclesie,
1356 1265 1392 1330 et
1416 1262 1530 1332 licead
1553 1279 1617 1327 nos
1641 1260 1696 1329 vel
1722 1261 1853 1330 nostris
1878 1259 2042 1328 eredibus
2068 1260 2150 1328 inde
2271 1285 2274 1290 ·

298 1416 504 1484 disturbare
528 1416 696 1502 reditum,
714 1417 755 1483 si·
771 1415 902 1485 ibidem
925 1419 1060 1486 factum
1075 1415 1293 1502 abuerimus,
1311 1419 1347 1484 et
1363 1419 1527 1483 excutere
1542 1417 1579 1482 et
1593 1412 1708 1480 omnis
1725 1418 1849 1482 nostra
1864 1431 1975 1482 causa
1990 1412 2153 1498 movilia,

301 1571 337 1634 et
353 1568 406 1635 ire
429 1587 508 1635 cum
534 1568 616 1635 illut
638 1569 698 1635 ubi
724 1568 952 1655 boluerimuS,
976 1569 1053 1636 sine
1078 1569 1335 1636 contrarietate
1358 1566 1402 1634 de
1417 1565 1582 1654 partibus
1604 1565 1717 1652 ipsius
1740 1566 1903 1651 ecclesie3
1931 1568 1968 1633 et
1985 1566 2072 1633 siin
2097 1585 2155 1633 sn-

300 1721 467 1807 pradicto
490 1722 615 1790 ordine
638 1723 717 1808 ipsa
742 1722 907 1790 rebusad
923 1740 1008 1808 pars
1025 1721 1139 1807 ipsius
1155 1721 1301 1788 ecclesie
1316 1739 1389 1787 non
1405 1721 1628 1789 amiserimus
1644 1724 1681 1788 et
1696 1720 1740 1788 de
1756 1739 1798 1788 ac
1815 1725 1913 1788 terra
1930 1721 2152 1790 salernitana

299 1872 502 1942 exierimus
527 1893 593 1961 pro
616 1875 728 1943 aliubi
751 1875 796 1944 ad
820 1875 1042 1962 abitandum,
1068 1880 1130 1943 aut
1146 1874 1176 1942 si
1194 1875 1302 1942 talem
1326 1874 1515 1942 fecerimus
1538 1874 1656 1961 culpa,
1682 1875 1775 1942 unde
1800 1873 1844 1942 ad
1857 1873 2042 1960 palatium
2065 1874 2155 1944 ceci-

301 2027 385 2095 dere
411 2027 651 2113 debuerimus,
677 2027 805 2094 inclita
828 2028 906 2114 ipsa
922 2028 1092 2096 tradictio
1115 2028 1238 2098 redeat
1253 2029 1298 2098 ad
1313 2030 1486 2114 potestate
1511 2029 1624 2114 ipsius
1647 2028 1794 2096 ecclesie
1817 2031 1853 2096 et
1876 2029 2040 2114 expectet
2063 2026 2147 2094 illut

303 2180 407 2248 uobis
431 2199 542 2266 usque
565 2185 638 2249 tres
662 2181 749 2249 anni
773 2182 949 2268 completi3
974 2183 1055 2249 etsi
1081 2181 1177 2250 infra
1201 2182 1270 2266 ipsi
1294 2185 1366 2248 tres
1390 2181 1476 2250 anni
1502 2181 1541 2248 in
1563 2201 1606 2249 ac
1628 2185 1727 2249 terra
1750 2181 1921 2248 fuerimus
1945 2179 2085 2250 rebersi
2105 2177 2155 2248 ad

301 2333 527 2419 euitandam,
551 2339 587 2402 et
609 2336 773 2403 ebacuati
799 2336 842 2403 de
865 2335 943 2422 ipsa
966 2334 1094 2422 culpa,
1118 2338 1153 2402 et
1177 2335 1393 2404 boluerimus
1410 2338 1491 2406 illut
1507 2341 1629 2405 tenere
1645 2341 1681 2405 et
1699 2337 1875 2421 laveram,
1892 2333 2058 2400 inclitum
2075 2333 2159 2401 illut

303 2488 493 2556 remittant
510 2489 555 2558 ad
571 2493 695 2558 nostra
712 2489 767 2557 vel
784 2491 826 2557 de
843 2490 977 2556 uostris
1003 2489 1168 2558 eredibus
1190 2496 1376 2578 potestate,
1401 2491 1448 2559 ad
1470 2491 1664 2560 tenendum
1681 2489 1763 2556 illut
1779 2489 1818 2555 iu
1833 2489 2079 2576 suprascripta
2094 2507 2155 2557 ra·

302 2642 417 2726 tione;
432 2645 469 2707 et
485 2641 517 2708 si
535 2641 609 2728 ipso
636 2661 785 2729 anuum,
813 2643 954 2728 quando
969 2643 1194 2729 redierimus,
1223 2643 1301 2730 ipsa
1327 2645 1434 2712 rebus
1457 2643 1618 2712 laborata
1643 2640 1906 2729 inbenerimuS,
1930 2641 2044 2710 licead
2071 2640 2156 2710 inde

305 2793 392 2880 illiS,
410 2793 471 2879 qui
487 2794 576 2862 illud
592 2794 838 2864 lavoraberint
860 2797 936 2882 ipso
959 2815 1114 2884 annum,
1138 2796 1263 2866 tollere
1288 2799 1364 2885 ipso
1382 2797 1557 2883 frudium3
1583 2803 1619 2867 et
1642 2797 1671 2865 si
1697 2797 1793 2866 infra
1816 2797 1888 2884 ipsi
1913 2757 1986 2864 tres
2008 2797 2098 2866 anni
2122 2798 2161 2865 in

306 2967 350 3016 ac
375 2950 475 3016 terra
501 2965 572 3014 non
588 2947 762 3014 fuerimus
777 2948 910 3016 rebersi
934 2949 980 3016 ad
1003 2949 1233 3036 abitandum,
1250 2952 1385 3020 faciant
1400 2951 1442 3019 de
1467 2951 1544 3038 ipsa
1558 2950 1772 3020 tradictione
1789 2970 1872 3037 pars
1887 2949 2000 3037 ipsius
2015 2949 2162 3017 ecclesie

309 3101 433 3169 omnia
457 3101 550 3187 quod
575 3101 765 3168 voluerint.
796 3102 895 3169 Unde
918 3121 981 3189 pro
1002 3103 1126 3172 taliter
1151 3123 1214 3189 per
1239 3123 1330 3172 vona
1347 3107 1605 3174 comvenieutia
1627 3123 1690 3192 per
1714 3104 2024 3172 demandationem
2050 3101 2164 3187 ipsius

310 3253 441 3331 abbativ
467 3253 602 3340 guadia
623 3256 713 3323 mihi
737 3255 804 3342 ipsi
829 3257 1011 3326 maraldus
1034 3258 1185 3324 clericus
1211 3277 1284 3326 una
1300 3277 1381 3325 cum
1397 3259 1472 3346 ipso
1489 3260 1702 3329 adbocatore
1725 3255 1914 3342 dederunt,
1930 3257 1966 3324 et
1990 3253 2162 3322 mediato-

306 3424 382 3472 rem
407 3407 497 3473 mihi
522 3415 717 3494 posuerunt
741 3411 989 3497 maghenolfus
1012 3411 1187 3497 presbiter
1210 3412 1307 3480 filius
1330 3415 1490 3499 granati3
1515 3418 1550 3481 et
1572 3432 1635 3499 per
1659 3413 1738 3498 ipsa
1760 3409 1894 3498 guadia
1918 3413 1982 3478 etc.
2008 3411 2159 3476 statuto

305 3564 423 3628 irradia
446 3567 708 3650 quinquaqinta
731 3567 818 3632 auri
840 3567 1036 3634 solidorum
1051 3568 1439 3635 comtcuttutamrum.
1457 3571 1581 3654 etune
1605 3569 1749 3634 brebem
1773 3563 1901 3652 scripsi
1918 3582 1983 3650 ego
2007 3563 2162 3629 romoal-

306 3713 372 3782 dus
398 3717 560 3786 notarius
583 3720 833 3805 quiinterfui.

353 3840 383 3954 †
408 3871 483 3958 Ego
508 3871 570 3957 qui
595 3889 704 3956 supra
725 3873 822 3941 maio
845 3875 1020 3960 presbiter
1043 3878 1080 3943 et
1102 3877 1216 3944 abbas

352 3995 383 4111 †
408 4025 482 4111 Ego
505 4029 628 4111 petrus
651 4025 826 4112 presbiter
850 4032 886 4097 et
909 4029 1137 4114 primicerius

352 4149 383 4264 †
408 4179 484 4265 Ego
506 4179 683 4248 iohannes
706 4181 881 4266 presbiter
904 4185 939 4247 et
963 4179 1171 4250 cardinalis.

1011 4403 1461 4411 »-—-—--—..—a-—-———--

1063 4691 1407 4776 DGXXXVI.

1090 4957 1144 5034 A.
1173 4952 1224 5033 D.
1253 4949 1376 5033 1010.

356 5192 393 5331 †
417 5245 456 5311 ln
480 5244 623 5316 nomine
647 5247 781 5316 domini
805 5246 971 5345 vicesimo
994 5246 1148 5316 secundo
1162 5264 1257 5315 anno
1281 5245 1505 5333 principatus
1520 5245 1641 5314 domni
1657 5245 1770 5315 nostri
1786 5243 1981 5332 guaimarii
1999 5244 2156 5332 glorioso

309 5396 485 5488 principe,
509 5418 633 5484 mense¹
651 5404 857 5491 nobember‚
879 5421 975 5473 nona
997 5401 1205 5472 indictione.
1230 5398 1520 5468 memoratorium
1535 5398 1632 5468 factu
1648 5417 1671 5506 a
1686 5396 1788 5465 nobis
1804 5395 1994 5466 iochardus
2010 5401 2046 5466 et
2060 5415 2158 5466 sasso

310 5552 473 5642 germani
505 5553 573 5650 dlii
596 5554 763 5644 iohanni,
787 5574 828 5625 eo
850 5556 943 5644 quod
967 5537 1052 5626 ante
1080 5552 1269 5642 subscripti
1300 5557 1407 5621 testes
1437 5569 1501 5639 per
1525 5554 1619 5621 bona
1640 5550 1893 5619 conbenientia
1927 5547 2157 5620 tradiderunt

310 5707 412 5786 nobis
436 5706 481 5774 ad
503 5697 765 5794 pastenandum
788 5713 910 5797 petrus
933 5709 1084 5778 clericus
1099 5711 1134 5777 et
1151 5709 1260 5777 abbas
1282 5707 1440 5796 cappello
1455 5705 1583 5796 palatii
1599 5709 1636 5775 et
1652 5705 1829 5774 landolfus
1844 5721 2038 5792 germanus
2057 5703 2157 5775 filius

312 5859 405 5928 idem
430 5861 523 5947 petri
549 5860 671 5931 clerici
696 5866 733 5931 et
757 5861 878 5932 abbati
903 5860 946 5929 de
969 5863 1076 5930 rebus
1090 5880 1168 5950 sua,
1184 5862 1276 5949 quod
1300 5864 1412 5966 abunt
1436 5863 1475 5930 in
1499 5860 1613 5931 locum
1637 5860 1800 5950 malluni,
1825 5859 1886 5928 ubi
1908 5858 1955 5927 ad
1977 5857 2158 5930 selecedi·
