5334 7098
973 581 1380 655 lllPLOlllATlCUS
1986 592 2054 662 189

250 807 381 874 ibidem
406 807 500 874 abet.
527 809 574 872 At
598 806 750 893 conpleti
776 825 858 876 vero
873 807 940 894 ipsi
965 808 1148 876 duodecim
1172 808 1259 877 anni
1284 812 1415 877 abeant
1439 811 1512 897 ipse
1532 808 1704 878 iohannes
1728 810 1781 878 vel
1797 812 1875 879 eius
1900 815 2045 884 heredes
2063 818 2105 886 iu

250 963 321 1028 tote
345 961 448 1029 ambe
473 961 549 1045 ipse
572 960 671 1046 pecie
695 961 851 1030 deterre
871 963 966 1030 intro
983 963 1060 1048 ipsa
1084 963 1266 1030 mensuria
1291 963 1437 1028 arbusto
1462 963 1595 1030 sactum
1618 961 1769 1030 vitatum
1785 963 1828 1032 de
1846 982 1936 1033 vono
1953 969 2107 1059 bitineo,

250 1117 288 1176 et
313 1115 489 1181 cultatum
513 1117 550 1180 et
574 1117 771 1200 operatum,
797 1116 890 1182 sicut
913 1115 1013 1182 decet
1028 1114 1070 1181 de
1086 1117 1206 1181 tantos
1230 1131 1342 1182 annos
1357 1117 1392 1179 ct
1408 1111 1504 1180 locus
1519 1113 1594 1198 ipse
1618 1115 1800 1200 meruerit,
1818 1121 1857 1184 ut
1874 1119 1962 1187 bene
1979 1127 2109 1208 pareat

250 1267 401 1353 lactum,
426 1269 592 1355 vitatum,
617 1272 654 1336 et
678 1273 874 1356 operatum,
899 1275 934 1337 et
958 1269 1144 1354 cultatum,
1169 1285 1231 1333 seu
1247 1269 1283 1334 et
1304 1284 1421 1352 poma,
1437 1270 1472 1331 et
1496 1266 1620 1333 amodo
1642 1273 1677 1333 et
1701 1287 1812 1352 usque
1835 1271 1911 1357 ipso
1935 1275 2109 1345 constitu·

251 1423 325 1486 tum
350 1437 413 1486 nos
438 1419 520 1488 illut
543 1439 665 1486 eorum
682 1421 902 1488 defensemus
918 1439 999 1487 cum
1014 1421 1089 1486 vice
1105 1420 1148 1486 de
1164 1419 1222 1486 via
1238 1438 1303 1486 sua
1318 1419 1363 1486 da
1379 1437 1498 1486 omnes
1515 1419 1676 1486 homines
1691 1421 1857 1508 omnique
1874 1427 2050 1514 partibuS,
2068 1437 2106 1497 et

254 1593 325 1658 non
348 1579 455 1643 antea
480 1575 554 1662 ipso
578 1576 808 1643 constitutum
825 1593 946 1642 eorum
962 1574 1085 1642 tollere
1099 1577 1165 1641 aut
1179 1577 1344 1641 contrare
1361 1577 1500 1658 querat,
1517 1577 1552 1641 et
1568 1573 1640 1642 iam
1659 1573 1696 1639 in
1713 1580 1818 1646 antea
1834 1579 1930 1645 omni
1948 1585 2107 1668 tempore

250 1729 400 1796 arbusto
424 1728 498 1814 ipso
523 1727 742 1814 temporibus
764 1729 839 1795 suis
863 1727 936 1794 illis
958 1729 1121 1795 laborent
1136 1725 1343 1794 annualiter
1359 1727 1400 1793 de
1416 1743 1522 1812 super
1539 1727 1632 1794 etde
1649 1731 1895 1816 suptuS,sicut
1920 1737 2106 1822 meruerit,

251 1885 291 1948 ul
309 1885 398 1950 bene
415 1885 543 1968 pareat
567 1883 744 1968 laboratu,
769 1887 804 1948 et
827 1883 888 1948 ubi
913 1882 1095 1965 meruerit,
1113 1882 1211 1948 astas
1227 1897 1356 1964 ponere
1372 1883 1408 1944 et
1423 1878 1513 1946 bites
1528 1885 1660 1966 traere,
1677 1887 1713 1948 et
1728 1901 1851 1950 curam
1867 1891 1903 1952 et
1920 1886 2107 1972 vigilatio·

251 2053 333 2102 nem
359 2035 442 2101 inde
468 2037 596 2121 abere,
619 2039 655 2102 et
678 2033 816 2101 salvum
841 2033 921 2100 illut
944 2035 1082 2120 l'accre3
1113 2037 1149 2099 et
1174 2051 1235 2118 per
1258 2037 1414 2117 tempore
1438 2032 1480 2099 de
1504 2033 1679 2100 vindemie
1704 2035 1841 2102 saciant
1864 2055 1919 2102 me
1944 2037 1998 2104 rel
2023 2059 2108 2124 pars

251 2189 411 2274 predicte
435 2187 583 2254 ecclesie
607 2184 713 2272 sciro,
738 2187 778 2250 ut
794 2185 927 2270 dirigat
945 2183 1074 2250 ibidem
1091 2186 1237 2251 missum
1254 2187 1416 2251 nostrum
1432 2204 1495 2270 pro
1512 2186 1753 2271 recipiendum
1777 2189 1857 2274 ipsa
1881 2199 2005 2261 nostra
2029 2215 2107 2262 sor-

251 2331 346 2410 tion'e
372 2342 415 2408 de
438 2343 514 2427 ipso
538 2340 679 2424 vinum,
704 2345 739 2407 et
763 2337 836 2406 illis
861 2341 1008 2406 arbusto
1032 2340 1105 2423 ipso
1128 2339 1345 2424 temporibus
1369 2340 1444 2406 suis
1469 2340 1710 2428 vindemient,
1728 2346 1763 2409 et
1788 2346 1904 2412 omnis
1928 2349 2052 2414 vinum
2068 2355 2107 2418 ct

251 2513 355 2582 poma
378 2495 507 2563 exinde
524 2495 563 2560 in
579 2493 725 2562 tertiam
741 2497 843 2578 parte
860 2491 940 2560 illut
955 2491 1077 2558 divido
1095 2489 1120 2572 ¹)
1136 2511 1216 2558 cum
1232 2493 1349 2576 ipsum
1365 2494 1511 2562 missum
1536 2499 1711 2562 nostrum:
1737 2515 1801 2564 nos
1825 2499 1991 2568 tollamus
2018 2502 2103 2571 inde

252 2651 399 2717 tertiam
423 2653 539 2735 parte,
563 2653 600 2714 et
623 2648 692 2715 due
715 2647 822 2712 sortis
846 2645 927 2712 inde
951 2645 1017 2710 siri
1043 2647 1186 2730 abeant,
1208 2652 1243 2712 et
1259 2663 1320 2730 per
1337 2645 1409 2711 illis
1433 2647 1530 2714 siant
1554 2666 1750 2734 organeum
1767 2649 1881 2735 ipsum
1900 2655 2107 2722 conciatum

252 2806 386 2869 bonum
413 2799 635 2886 annualiter,
659 2803 695 2866 et
719 2808 894 2884 reponant
918 2797 989 2864 illis
1014 2799 1144 2864 ibidem
1170 2800 1207 2863 iu
1233 2799 1306 2882 ipso
1331 2816 1526 2884 organeum
1546 2800 1583 2866 in
1600 2800 1740 2868 domum
1767 2803 1896 2888 ipsum,
1923 2805 2016 2889 quod
2040 2827 2106 2874 nos

253 2956 386 3024 ibidem
410 2953 628 3040 abuerimuS,
652 2953 747 3020 etde
771 2953 862 3037 quod
880 2951 1011 3018 ibidem
1035 2949 1275 3034 seminaberit,
1298 2949 1464 3016 similiter
1480 2952 1590 3018 deant
1606 2953 1707 3018 nobis
1724 2955 1778 3020 uel
1797 2956 1834 3020 in
1853 2975 1937 3041 pars
1954 2957 2105 3026 ecclesie

253 3108 382 3178 inclita
406 3109 552 3176 tertiam
577 3113 693 3193 parte,
718 3111 754 3173 et
779 3107 847 3172 due
872 3105 977 3171 sortis
1001 3103 1082 3170 inde
1107 3103 1174 3168 siri
1199 3105 1353 3186 abeant,
1378 3107 1413 3168 ct
1438 3103 1554 3187 ipsum
1578 3105 1726 3171 missum
1750 3113 1909 3174 nostrum
1936 3111 2008 3176 illis
2025 3131 2106 3178 eum

253 3263 430 3346 nutrient,
454 3261 546 3328 sicut
571 3259 737 3345 superius
760 3259 932 3343 diximum
958 3259 1038 3324 etsi
1055 3257 1101 3324 da
1126 3259 1201 3341 ipso
1226 3258 1419 3324 constituto
1444 3258 1481 3323 in
1506 3263 1613 3326 antea
1639 3260 1714 3345 ipsa
1738 3261 1903 3328 tradictlo
1926 3261 1964 3328 in
1982 3283 2108 3350 supra-

255 3415 351 3481 dicto
375 3413 499 3482 ordine
523 3419 646 3480 tenere
671 3413 744 3479 illis
769 3412 938 3497 noluerit,
966 3410 1091 3478 inclita
1115 3411 1191 3494 ipsa
1223 3408 1391 3478 tradictio
1423 3411 1637 3495 perbeniant
1661 3413 1705 3478 ad
1735 3417 1940 3498 potestatem
1971 3421 2108 3503 prefate

253 3568 415 3653 ecclesie3
441 3571 477 3634 et
502 3567 532 3632 si
556 3567 690 3634 dehac
714 3571 812 3632 terra
836 3565 1058 3632 salernitana
1083 3564 1215 3629 exierit
1238 3582 1302 3647 pro
1326 3563 1436 3631 aliubi
1463 3564 1509 3630 ad
1533 3565 1755 3650 abitandum,
1773 3574 1837 3633 aut
1860 3569 1889 3634 si
1914 3569 1984 3637 talc
2001 3573 2110 3658 culpa

254 3719 391 3803 lecerit,
417 3725 458 3785 ut
482 3715 623 3803 publico
646 3715 804 3783 cecidere
829 3715 1003 3799 debuerit,
1030 3715 1194 3782 similiter
1218 3716 1344 3783 inclita
1367 3716 1538 3784 tradictio
1562 3719 1721 3785 rebertat
1743 3726 1781 3786 at
1797 3727 1970 3806 potestate
1995 3725 2108 3792 eccle-

252 3873 318 3957 sie;
344 3877 381 3939 ct
405 3873 435 3938 si
460 3889 572 3957 usque
595 3870 710 3937 tribus
734 3871 820 3937 anni
847 3869 905 3934 liic
931 3870 1063 3935 rebcrsi
1089 3868 1198 3934 luerit
1214 3869 1261 3936 ad
1284 3868 1510 3955 abitandum,
1527 3875 1590 3936 aut
1606 3871 1635 3936 si
1654 3869 1696 3937 de
1714 3869 1792 3958 ipsa
1809 3875 1913 3960 culpa
1931 3879 1969 3942 at
1984 3879 2109 3963 gratia

252 4025 472 4111 perbenerit,
498 4028 534 4092 el
559 4025 637 4109 ipsa
661 4025 767 4090 rebus
784 4023 822 4088 in
838 4020 1041 4106 supradicto
1065 4020 1189 4086 ordine
1214 4025 1335 4086 torrere
1361 4021 1527 4106 boluerit,
1553 4021 1679 4090 inclita
1703 4027 1911 4110 supradicta
1937 4031 2108 4098 tradictio

252 4179 466 4263 perbeniant
488 4181 526 4245 at
550 4176 694 4244 illorum
717 4179 938 4262 potestatem,
955 4181 992 4244 at
1016 4173 1193 4242 abendum
1217 4171 1256 4238 in
1281 4170 1342 4238 illo
1365 4172 1489 4239 ordine
1513 4177 1548 4240 et
1565 4175 1718 4263 ratione,
1744 4177 1837 4246 sicul
1862 4183 2026 4267 superius
2051 4186 2108 4252 di-

252 4333 389 4402 ximus:
418 4340 558 4404 lantum
582 4333 613 4400 si
636 4334 714 4420 ipsa
739 4335 844 4400 rebus
868 4331 1030 4398 laborata
1053 4331 1160 4397 luerit
1184 4329 1260 4416 ipso
1283 4347 1392 4414 anno,
1409 4329 1511 4398 tollat
1526 4331 1592 4396 sivi
1610 4329 1685 4415 ipse
1701 4333 1804 4398 homo
1827 4336 1888 4419 qui
1913 4334 1988 4422 ipso
2010 4359 2108 4407 auno

251 4491 481 4576 laboraberit,
507 4491 584 4576 ipso
607 4487 745 4574 vinum,
773 4489 867 4555 sicut
891 4485 1080 4570 meruerit,
1109 4489 1144 4552 et
1171 4485 1222 4550 sic
1249 4485 1406 4552 rebertat
1433 4485 1509 4570 ipsa
1533 4484 1638 4550 rebus
1665 4489 1704 4552 at
1728 4485 1871 4553 illorum
1897 4495 2107 4580 potestate,

252 4652 287 4716 et
312 4666 377 4713 nos
403 4646 484 4714 illut
507 4663 630 4712 eorum
653 4643 876 4712 defensemus
900 4661 922 4710 a
945 4659 1067 4707 omnes
1092 4639 1264 4724 homines,
1281 4637 1375 4703 sicut
1397 4655 1520 4705 eorum
1543 4639 1687 4704 brebem
1710 4641 1882 4710 continet.
1909 4645 1944 4710 Si
1968 4651 2107 4736 autem,

252 4802 344 4869 sicut
368 4801 600 4886 dictumest,
627 4799 751 4868 taliter
774 4801 894 4870 omnia
919 4799 1162 4887 suprascripta
1185 4797 1223 4861 in
1248 4811 1332 4878 pars
1355 4789 1500 4859 ecclesie
1533 4807 1605 4857 non
1637 4792 1879 4879 adinplcberit
1910 4805 1946 4868 et
1975 4803 2111 4889 aliquit

253 4957 336 5024 inde
362 4955 645 5040 contradixerit,
677 4974 741 5041 per
765 4957 842 5042 ipsa
872 4954 1007 5042 guadia
1039 4951 1211 5036 obligavit
1234 4965 1272 5014 se
1296 4951 1331 5015 et
1354 4964 1436 5012 suos
1469 4945 1559 5014 filios
1590 4951 1626 5015 et
1657 4949 1804 5019 heredes
1834 4972 2042 5042 componere
2067 4961 2107 5026 in

254 5128 336 5198 pars
353 5109 501 5178 ecclesie
518 5107 652 5194 biginti
670 5108 750 5176 auri
770 5107 898 5174 solidos
916 5106 1171 5174 constantinos.
1187 5103 1229 5169 nt
1246 5103 1340 5166 bunc
1358 5101 1500 5167 brebem
1516 5100 1641 5170 scribsi
1660 5120 1726 5190 ego
1745 5106 1930 5191 iaquintus
1947 5113 2111 5180 notarius

252 5267 314 5349 qui
340 5263 502 5331 interlui.

298 5391 328 5505 †
355 5418 431 5504 Ego
455 5417 604 5484 cachino

300 5544 330 5659 †
356 5588 422 5657 ego
447 5570 512 5637 leri
537 5569 718 5636 diaconus.

256 5760 443 5770 -ι-----
457 5763 463 5766 .
481 5762 499 5766 --
517 5759 642 5767 -..η-..ῳ
666 5757 694 5764 ..-

298 5879 318 5956 ¹)
340 5875 479 5936 divido:
505 5872 663 5932 dividant.
