5310 7080
976 549 1383 621 ululollnl'lubs

1051 984 1282 1068 DXCIII.

1020 1248 1074 1324 A.
1103 1245 1154 1322 D.
1184 1243 1313 1326 1007.

290 1483 388 1624 †ln
411 1535 555 1604 nomine
579 1535 713 1604 domini
740 1539 863 1606 octabu
890 1539 1025 1604 decimo
1055 1555 1150 1606 anno
1181 1538 1403 1624 principatus
1435 1540 1555 1608 domni
1587 1541 1701 1608 nostri
1735 1545 1919 1628 guaimari
1947 1546 2093 1630 gloriosi

248 1691 433 1777 principis,
456 1709 577 1758 mense
600 1690 803 1778 ianuarius,
824 1691 954 1776 quinta
973 1691 1179 1758 indictione.
1196 1695 1488 1762 memoratorium
1511 1697 1609 1764 factu
1634 1717 1656 1764 a
1678 1717 1733 1764 me
1750 1697 1845 1764 maio
1861 1700 2034 1785 presbiter
2058 1705 2095 1766 et

248 1846 358 1913 abbas
380 1843 529 1910 ecclesie
553 1843 667 1912 sancti
693 1845 867 1930 maximi,
891 1863 931 1912 6ο
955 1845 1047 1930 quod
1071 1849 1154 1914 ante
1171 1843 1362 1932 subscripti
1385 1847 1504 1931 testes,
1529 1865 1602 1915 una
1624 1867 1760 1914 mecum
1784 1847 1921 1917 adesset
1946 1852 2094 1919 romoal-

250 1999 313 2065 dus
338 2005 373 2068 et
397 2005 520 2084 petrus
543 1999 746 2085 comitibus,
771 1999 833 2086 qui
857 2005 941 2068 sunt
963 2000 1005 2067 de
1021 1999 1168 2068 dominii
1185 2006 1219 2068 et
1236 2000 1440 2068 adbocatori
1465 2000 1508 2067 de
1532 1999 1610 2085 ipsa
1625 1999 1788 2089 ecclesia,
1805 2001 1996 2070 coniuntus
2013 2023 2092 2072 sum

249 2171 327 2218 cum
351 2157 489 2238 petruS,
513 2159 548 2220 et
571 2154 772 2239 iohannes,
797 2157 832 2220 et
856 2171 974 2238 ursuS,
999 2157 1034 2220 et
1058 2157 1198 2220 amatus
1222 2153 1385 2238 germani
1409 2153 1476 2222 filii
1500 2153 1680 2241 garosali,
1703 2157 1740 2222 et
1764 2154 1901 2222 cicerus
1924 2157 1986 2242 qui
2010 2164 2094 2224 sunt

245 2308 431 2393 congnati‚
456 2309 492 2374 et
516 2305 698 2374 maraldus
721 2311 756 2372 et
780 2305 968 2374 serrandus
992 2305 1156 2392 germani
1180 2303 1245 2370 tilii
1269 2304 1465 2392 adalgardi‚
1491 2309 1527 2372 et
1550 2307 1725 2374 iohannes
1749 2307 1844 2376 tilius
1869 2308 2028 2396 sellicti,
2054 2318 2090 2378 et

249 2463 328 2528 boso
353 2459 449 2526 filius
473 2458 656 2546 iohannis,
682 2460 757 2546 ipse
782 2460 955 2526 iohannes
979 2458 1074 2526 filius
1097 2457 1225 2524 sellicti
1249 2475 1313 2543 pro
1337 2457 1413 2524 bice
1437 2476 1503 2526 sua
1526 2463 1562 2526 et
1585 2478 1648 2546 pro
1671 2458 1747 2526 bice
1772 2459 1814 2526 de
1837 2464 2002 2545 germani
2020 2465 2075 2530 sui

247 2618 282 2678 et
306 2612 381 2698 ipse
406 2611 587 2680 maraldus
610 2613 706 2679 tilius
731 2611 914 2697 adelgardi
941 2629 1005 2697 pro
1026 2611 1102 2676 bice
1119 2629 1184 2676 sua
1201 2616 1236 2676 et
1253 2609 1295 2676 dc
1312 2611 1486 2678 iohannes
1503 2617 1629 2697 nepote
1646 2629 1709 2678 suo
1726 2610 1799 2676 filio
1816 2612 1970 2678 mirandi
1989 2631 2091 2698 prop-

246 2772 299 2830 ter
325 2765 416 2848 quod
442 2764 536 2832 inter
560 2783 597 2831 se
621 2765 833 2832 associatam
857 2766 970 2832 abunt
995 2764 1112 2848 rebuS,
1137 2763 1198 2846 qui
1215 2767 1268 2830 est
1283 2763 1469 2830 arbustum
1492 2767 1528 2830 et
1552 2763 1808 2830 abellanietum
1831 2765 1876 2832 de
1901 2764 2027 2850 locum,
2051 2771 2087 2831 ut

247 2915 387 3008 proprio
411 2916 575 2986 trocclati
601 2923 637 2987 et
661 2921 802 2986 intenza
825 2917 959 2985 dicitur
984 2914 1115 2983 finibus
1139 2915 1303 2999 rotensis,
1328 2915 1419 2998 quod
1436 2919 1519 2982 ante
1536 2934 1574 2980 os
1590 2933 1702 2982 annos
1726 2916 1800 3002 ipse
1822 2915 2006 3002 garofalus
2024 2938 2085 3003 ge-

246 3073 340 3140 nitor
365 3075 521 3158 ipsorum
544 3071 707 3158 germani
734 3091 796 3158 per
821 3073 963 3137 brebem
988 3071 1032 3137 ad
1057 3070 1318 3155 pastenandum
1342 3087 1607 3154 compreensum
1632 3068 1746 3154 abuit,
1763 3073 1799 3136 61
1816 3069 1909 3137 inter
1927 3089 1963 3137 se
1982 3073 2088 3137 rebus

243 3227 320 3312 ipsa
344 3225 625 3311 associaberunt,
652 3245 724 3294 una
747 3227 843 3293 socia
868 3227 907 3291 in
930 3242 1013 3310 pars
1037 3223 1184 3289 meridie
1202 3225 1238 3289 et
1254 3219 1328 3289 alia
1353 3220 1392 3286 in
1417 3239 1501 3304 pars
1524 3220 1802 3305 septemtrionis3
1820 3221 1913 3289 unde
1933 3222 1999 3308 ipsi
2027 3243 2087 3290 no·

241 3382 367 3450 minati
393 3381 576 3448 maraldus
598 3384 633 3450 et
650 3381 836 3450 ferrandus
852 3379 947 3445 illius
963 3377 1162 3464 adelgardi,
1181 3381 1217 3442 et
1235 3375 1409 3444 iohannes
1425 3374 1521 3442 filius
1538 3374 1680 3459 sellicti,
1697 3379 1732 3442 et
1750 3376 1832 3442 boso
1851 3375 1946 3443 filius
1964 3377 2088 3444 iohan-

240 3535 299 3601 nis
322 3553 589 3620 compreensam
612 3537 648 3601 et
671 3534 803 3601 tultam
827 3535 939 3600 abunt
964 3532 1041 3616 ipsa
1065 3529 1161 3595 socia
1186 3528 1232 3595 da
1255 3526 1416 3612 meridie,
1442 3525 1504 3610 qui
1530 3527 1621 3593 aduc
1645 3543 1716 3591 non
1733 3531 1785 3593 est
1802 3532 1986 3612 operatum
2012 3530 2086 3616 ipso

237 3693 440 3774 arbustum,
465 3694 500 3756 et
523 3689 593 3773 ipsi
616 3687 678 3755 alii
704 3703 968 3772 compreensam
993 3684 1106 3750 abunt
1124 3680 1200 3766 ipsa
1218 3679 1314 3746 socia
1330 3680 1375 3747 da
1392 3699 1476 3765 pars
1491 3677 1768 3765 septemtrionis
1784 3685 1819 3746 et
1836 3699 1899 3766 pro
1915 3701 1987 3766 qua
2004 3700 2086 3768 ope-

236 3843 359 3908 ratum
384 3858 455 3907 non
480 3845 534 3907 est
557 3840 633 3926 ipso
658 3841 843 3907 arbustum
866 3834 927 3920 qui
952 3838 1005 3901 est
1028 3835 1067 3901 in
1089 3833 1169 3918 ipsa
1185 3833 1280 3899 socia
1296 3831 1342 3898 da
1357 3831 1519 3916 meridie3
1537 3849 1601 3897 nos
1616 3835 1736 3900 autem
1751 3836 1980 3902 causabimus
2004 3855 2085 3902 cunr

235 3998 306 4064 illis
329 3996 373 4064 de
398 3997 477 4082 ipsa
500 3993 598 4061 socia
622 3991 684 4078 qui
709 3994 763 4059 est
787 4009 809 4058 a
834 4006 917 4075 pars
941 3985 1091 4054 meridie
1113 3985 1156 4052 de
1173 3985 1249 4070 ipso
1264 3987 1462 4071 arbustum,
1481 3986 1543 4071 qui
1559 3986 1677 4054 adhuc
1693 3991 1877 4072 operatum
1894 3993 1929 4054 61
1945 3993 2083 4057 surtunr

232 4168 303 4218 non
328 4153 397 4236 est,
421 4153 458 4216 et
480 4166 543 4234 per
567 4146 627 4214 lex
653 4145 814 4214 cecidere
837 4143 972 4210 debunt
995 4137 1124 4207 exinde
1148 4137 1217 4223 ipsi
1242 4135 1307 4203 tilii
1331 4136 1511 4223 garosali3
1537 4141 1572 4205 et
1597 4137 1669 4204 illis
1686 4138 1893 4206 ostederunt
1909 4139 1985 4225 ipso
2004 4143 2083 4207 bre-

236 4306 316 4372 bem
341 4298 617 4389 pastenationis,
634 4303 669 4366 et
693 4314 756 4362 nos
780 4295 855 4381 ipso
879 4293 1021 4362 brebem
1045 4298 1205 4359 nostrum
1221 4291 1474 4379 continentem,
1493 4290 1648 4377 qualiter
1664 4290 1740 4376 ipse
1756 4291 1938 4377 garosalus
1954 4292 2000 4358 ad
2020 4311 2082 4376 pa-

230 4453 448 4523 stenandum
472 4469 740 4538 compreensum
758 4449 860 4517 abuit
885 4448 962 4532 ipsa
979 4448 1084 4514 rebus
1099 4463 1161 4531 per
1177 4443 1260 4510 linis
1277 4447 1313 4510 61
1329 4442 1522 4528 mensurio,
1537 4443 1631 4508 sicut
1647 4441 1716 4528 ipsi
1733 4443 1852 4509 brebri
1875 4441 2077 4510 continunl.

229 4620 263 4678 et
290 4627 372 4676 cum
397 4608 545 4674 luerunt
570 4605 638 4691 ipsi
664 4602 784 4672 brebri
809 4603 949 4686 relecti,
975 4598 1188 4667 bolumtarie
1212 4601 1330 4664 nostre
1355 4612 1426 4663 una
1449 4614 1530 4662 eum
1554 4593 1623 4680 ipsi
1647 4593 1782 4661 domini
1801 4595 1914 4682 ipsius
1933 4596 2079 4666 ecclesio

230 4763 443 4830 donabimus
468 4759 611 4831 illorum
636 4755 768 4824 exinde
788 4747 906 4820 'omnis
929 4751 1122 4836 calumnie,
1148 4753 1183 4818 61
1208 4767 1272 4816 nos
1295 4767 1367 4818 una
1391 4767 1472 4816 cum
1497 4747 1564 4835 ipsi
1589 4749 1777 4816 comitibus
1801 4751 2017 4820 tradidimus
2039 4755 2080 4820 il-

233 4915 346 4982 lorum
372 4919 447 4983 tota
471 4921 506 4981 et
531 4913 656 4980 inclita
684 4913 763 4998 ipsa
786 4912 907 4992 rebus,
931 4925 1036 4993 quem
1063 4904 1130 4992 ipsi
1156 4904 1272 4971 brebri
1298 4904 1500 4988 continuat,
1526 4901 1564 4967 in
1587 4921 1627 4970 eo
1651 4903 1788 4990 ordine,
1807 4909 1847 4971 ut
1865 4904 1937 4973 illis
1953 4915 1989 4976 et
2005 4911 2079 4976 suis

229 5072 393 5141 eredibus
416 5071 606 5155 operarent
629 5071 665 5133 et
688 5068 891 5149 surgerent,
908 5062 1000 5129 sicut
1016 5061 1203 5145 meruerit,
1229 5065 1342 5126 totum
1360 5060 1434 5146 ipso
1452 5061 1653 5144 arbustum,
1671 5079 1740 5144 que
1757 5062 1848 5130 aduc
1865 5063 1910 5128 ad
1927 5081 2075 5149 surgere

228 5231 280 5292 est
304 5226 342 5290 in
366 5222 446 5308 ipsa
470 5220 566 5290 socia
589 5219 636 5288 da
661 5215 823 5301 meridie,
848 5215 948 5282 etde
973 5217 1146 5298 quantum
1173 5209 1296 5277 binum
1318 5209 1400 5276 inde
1424 5209 1567 5295 exierit,
1585 5209 1709 5277 amodo
1726 5215 1761 5277 et
1777 5230 1889 5298 usque
1912 5213 1999 5279 duos
2014 5235 2078 5282 an-

233 5397 296 5445 nos
320 5365 523 5463 completae,
549 5371 684 5441 saciant
707 5369 798 5435 scire
823 5383 886 5432 nos
910 5365 964 5432 vel
988 5385 1072 5451 pars
1094 5364 1207 5450 ipsius
1230 5363 1390 5450 ecclesie,
1416 5369 1454 5431 ut
1477 5363 1607 5431 ibidem
1631 5363 1830 5452 dirigamus
1848 5367 1995 5433 missum
2013 5387 2077 5432 no-

228 5537 359 5616 strum,
385 5533 422 5596 et
445 5529 521 5614 ipso
547 5525 670 5593 binum
694 5542 762 5610 que
786 5520 917 5590 exierit
940 5519 982 5587 de
1007 5517 1084 5604 ipsa
1100 5517 1194 5585 socia
1210 5517 1256 5584 da
1271 5516 1432 5604 meridie,
1456 5535 1519 5603 per
1542 5516 1697 5583 medium
1720 5517 1801 5584 illut
1824 5518 1918 5584 inter
1934 5537 1971 5586 se
1986 5519 2076 5586 dibi-

225 5685 375 5752 derent:
401 5683 550 5749 missum
573 5679 686 5767 ipsius
709 5675 855 5746 ecclesie
879 5673 1008 5741 ibidem
1033 5672 1078 5739 ad
1102 5671 1323 5756 palmentum
1346 5668 1456 5738 tollad
1480 5670 1556 5756 ipso
1582 5671 1707 5738 binum
1729 5673 1764 5737 et
1789 5667 1866 5756 ipsa
1882 5688 1986 5757 poma
2004 5692 2077 5740 me-

225 5837 409 5925 dietatem,
436 5843 471 5906 et
496 5836 569 5904 illis
593 5834 830 5917 medietatem
855 5835 891 5898 et
914 5828 989 5916 ipso
1014 5826 1085 5895 alio
1108 5825 1231 5891 binum
1255 5829 1290 5894 et
1312 5841 1415 5910 poma
1440 5843 1507 5910 que
1531 5824 1676 5909 exierit,
1700 5829 1736 5892 et
1761 5825 1836 5910 ipse
1854 5826 2016 5896 abellane
2035 5829 2076 5896 de
