5376 7094
1067 577 1410 650 MEMBnnNaaUM

1109 911 1234 976 Nomen

1154 1040 1191 1097 at
1407 1034 1613 1098 Membranae
1636 1029 1854 1098 summarium

1035 1156 1118 1219 Anni
1140 1153 1303 1238 Principis

1008 1340 1015 1576 ἱ
1166 1433 1170 1442 ·
1349 1418 1509 1490 vendunt,
1526 1418 1716 1480 Guaimario
1738 1419 1906 1501 prinicipe

1351 1507 1532 1564 annuente.

374 1652 427 1713 DL
560 1667 640 1730 1003
672 1666 853 1730 Februario
935 1671 948 1729 1
1042 1680 1092 1741 14,
1110 1677 1289 1744 cunm„
1392 1663 1628 1726 Constantinus
1652 1671 1686 1725 et
1708 1665 1827 1728 Petrus
1845 1663 1906 1724 filii

1349 1762 1380 1822 q.
1405 1746 1539 1807 Ioannis
1569 1746 1742 1823 Sparaao,
1772 1745 1906 1807 Maurus

1349 1827 1439 1888 filius
1462 1848 1494 1907 q.
1520 1829 1631 1890 Ciceri
1648 1835 1682 1889 et
1698 1847 1801 1910 nepos
1818 1828 1905 1902 eius,

1347 1909 1484 1970 Amatus
1513 1911 1603 1970 tilius
1632 1913 1742 1983 Petri,
1768 1929 1808 1972 ex
1831 1930 1908 1972 con·

1348 1993 1504 2052 ventione
1535 1994 1624 2052 inter
1653 2010 1688 2054 se
1713 1993 1813 2066 inita,
1841 1998 1907 2054 ter-

1349 2091 1420 2137 ram
1437 2075 1476 2134 ad
1493 2075 1669 2136 Salernum
1687 2074 1726 2136 de
1744 2075 1816 2136 loco
1832 2073 1908 2135 Fel-

1350 2155 1424 2216 tino
1455 2159 1493 2216 ta
1522 2161 1631 2219 monte
1669 2157 1807 2220 Vetraria
1834 2173 1908 2237 par·

1348 2237 1490 2299 tiuntur.

1040 2409 1091 2471 15,
1110 2409 1291 2474 Guafflfflu
1388 2403 1532 2462 Ioannes
1556 2402 1594 2462 de
1610 2401 1697 2462 Rosa
1717 2405 1905 2482 presbyter,

1347 2485 1578 2563 praecipiente
1595 2485 1724 2546 Maione
1742 2486 1904 2546 abbates.

1347 2565 1492 2638 Maximi,
1517 2565 1604 2628 locat
1626 2566 1773 2627 Landoni
1798 2568 1908 2628 etRo-

1348 2650 1410 2711 cho
1434 2654 1468 2709 et
1494 2649 1621 2724 Disigio
1638 2650 1806 2726 germanis
1825 2649 1905 2708 filiis

1272 2761 1274 2768 ·
1348 2731 1450 2793 Sandi
1480 2731 1655 2810 praedium
1686 2737 1719 2790 et
1750 2733 1905 2803 vineam,

1347 2813 1412 2872 sibi
1437 2815 1471 2873 in
1494 2813 1698 2876 beneficium
1722 2813 1854 2884 collata,
1873 2813 1907 2873 in

1348 2911 1425 2970 agro
1448 2895 1609 2956 nucerino
1640 2895 1675 2954 in
1698 2893 1769 2957 loco
1796 2896 1907 2956 Terme

1347 2978 1467 3055 posita.

1038 3148 1088 3210 15,
1106 3151 1287 3215 ὓυΑιΜΑῃῃ
1387 3139 1415 3200 a<
1431 3141 1601 3203 Eiusmodi
1614 3142 1786 3205 locationis
1802 3159 1908 3203 ecem-

1341 3223 1425 3300 μίαν
1448 3225 1553 3286 atiud.
1970 3235 1997 3294 v
2061 3227 2102 3290 52
2160 3225 2203 3288 23

1037 3399 1088 3460 15,
1105 3397 1285 3462 Gupfflfflu
1386 3388 1526 3447 Ioannes
1556 3388 1595 3447 de
1623 3387 1709 3449 Rosa
1730 3386 1906 3467 presbyter

1346 3469 1512 3532 ecclesiae
1537 3487 1564 3529 e.
1588 3468 1734 3542 Maximi,
1753 3489 1793 3530 err
1816 3488 1906 3529 man·

1345 3551 1418 3612 dato
1441 3552 1580 3612 Maionis
1604 3551 1732 3612 abbatis
1749 3557 1783 3612 et
1798 3552 1906 3612 archi-

1345 3632 1488 3706 diaconi,
1513 3633 1673 3695 beneficii
1691 3634 1744 3693 sui
1760 3632 1846 3693 bona
1862 3632 1901 3695 de

1344 3714 1417 3776 loco
1444 3715 1555 3776 Terme
1572 3715 1656 3794 apud
1672 3716 1853 3777 Nuceriam
1869 3716 1903 3776 in

1344 3804 1543 3877 perpetuum
1560 3796 1752 3868 locat,iuxta
1764 3816 1904 3858 consue-

1343 3881 1491 3953 tudineS,
1517 3878 1691 3939 Adelierio
1707 3879 1902 3959 presbytero

1343 3961 1413 4024 tilio
1443 3961 1631 4041 Sadiperti3
1664 3961 1750 4038 quod
1778 3963 1806 4021 si
1831 3962 1901 4042 ipse

1342 4044 1537 4106 Adelserius
1550 4043 1631 4103 alibi
1641 4043 1828 4105 inhabitare
1839 4051 1903 4104 sta-

1342 4128 1448 4187 tuerit
1471 4133 1504 4187 et
1526 4130 1599 4206 post
1621 4129 1691 4186 tres
1715 4144 1818 4186 annos
1842 4127 1902 4186 mi-

1342 4210 1431 4271 nime
1449 4223 1605 4270 reversus
1623 4207 1738 4280 suerit,
1752 4207 1838 4267 bona
1854 4209 1901 4270 ei-

1342 4291 1417 4352 dem
1440 4291 1554 4352 Ioanni
1578 4291 1746 4352 restituat.

1032 4473 1083 4536 15
1100 4473 1282 4536 Gupfflpfflp
1381 4455 1522 4518 Ioannes
1539 4453 1639 4514 abbas
1656 4453 1852 4514 monasterii
1868 4472 1896 4513 S.

1341 4538 1532 4608 Salvatoris,
1557 4537 1643 4612 quod
1666 4537 1767 4596 situm
1783 4540 1835 4595 est
1849 4536 1899 4595 ul-

1340 4625 1391 4680 tra
1413 4622 1536 4680 flumen
1551 4618 1784 4694 Draguntium,
1801 4617 1899 4678 arbu-

1340 4710 1406 4762 stas
1429 4702 1515 4760 vites
1532 4705 1566 4760 et
1587 4699 1724 4777 praedia
1746 4701 1897 4761 eiusdem

1340 4782 1533 4844 monasterii
1559 4783 1598 4842 ad
1620 4782 1815 4853 Nuceriam,
1840 4783 1896 4843 ubi

1338 4866 1459 4928 Satara
1480 4863 1615 4934 dicitur,
1639 4864 1750 4922 iundis
1766 4883 1899 4943 permu-

1338 4953 1397 5020 tat,
1408 4962 1489 5025 quos
1504 4949 1623 5008 Petrus
1636 4945 1795 5017 clericus,
1805 4946 1898 5005 Ioan-

1338 5047 1411 5102 nes,
1436 5027 1545 5090 Sanda
1561 5035 1594 5088 et
1607 5027 1801 5090 Deocdedus
1824 5045 1898 5104 ger·

1337 5112 1426 5172 mani
1451 5110 1511 5170 filii
1541 5111 1633 5172 Petri
1662 5109 1835 5189 possident
1861 5111 1895 5170 in

1338 5193 1410 5257 loco
1436 5193 1636 5256 Tabellaria.

545 5357 626 5420 1003
697 5359 785 5422 Iulio
1027 5355 1276 5420 15.Gun1unarr
1377 5359 1510 5422 Locatio
1542 5359 1704 5420 bonorum
1728 5355 1893 5419 ecclesiae

1335 5459 1362 5502 e.
1386 5441 1533 5512 Maximi,
1558 5441 1597 5502 ad
1618 5439 1799 5500 Nuceriam
1822 5457 1896 5518 pro·

1334 5543 1375 5603 pe
1401 5523 1581 5588 ecetesiam
1605 5539 1632 5583 e.
1656 5519 1736 5592 Viti,
1761 5539 1820 5598 pro
1843 5538 1894 5582 so-

1335 5607 1419 5668 lario
1451 5612 1610 5669 consueto
1646 5605 1680 5660 et
1712 5602 1891 5666 medietate

1335 5691 1467 5765 frugum
1484 5695 1518 5748 et
1531 5687 1614 5760 vini,
1625 5685 1712 5744 iacta
1727 5685 1810 5746 Urso
1825 5685 1893 5748 filio

1334 5771 1496 5833 Audoaldi
1512 5790 1530 5832 a
1546 5771 1668 5832 Ioanne
1685 5768 1890 5847 presbytero,

1970 5935 2009 5970 ss·
