5376 7094
1019 488 1416 564 lllPLOlldTlCUS
2026 491 2074 560 lt

269 727 376 793 antea
402 718 482 806 ipsa
504 720 629 805 rebus,
654 735 723 804 que
747 716 913 806 superius
937 717 971 786 ei
995 679 1224 804 tradidimus,
1249 719 1371 786 tenere
1394 713 1590 802 noluerint,
1608 713 1712 782 liceat
1729 711 1800 780 illis
1816 711 1899 780 inde
1922 712 2023 781 exire
2040 732 2122 782 cum

273 873 388 941 omnis
412 890 479 940 sua
502 887 612 940 causa
635 869 758 938 movili
782 889 850 956 que
875 871 925 937 ibi
950 869 1131 956 abuerint,
1155 873 1192 937 et
1215 887 1364 956 pergere
1381 867 1441 949 ubi
1459 865 1652 952 boluerint‚
1670 869 1706 934 et
1730 867 1808 952 ipsa
1831 870 1935 935 rebus
1960 867 2121 939 laborata

270 1025 380 1112 quale
404 1025 467 1092 illo
491 1027 651 1110 tempore
675 1024 864 1112 meruerit,
888 1023 1037 1092 redeant
1054 1023 1099 1092 ad
1122 1025 1332 1108 potestatem
1357 1019 1517 1107 predicte
1540 1018 1699 1107 ecclesie,
1724 1019 1928 1089 faciendum
1953 1021 2046 1107 quod
2061 1024 2121 1088 bo-

266 1179 390 1264 luerit,
414 1177 508 1263 quod
532 1177 715 1245 subiunsit
739 1195 805 1264 ego
828 1178 994 1263 superius
1017 1177 1202 1245 dauferius
1225 1175 1401 1243 notarius

313 1303 343 1418 †
369 1346 436 1415 ego
461 1328 745 1415 regemprandus
769 1348 824 1396 me
849 1329 1042 1416 subscripsi

319 1452 348 1568 †
373 1495 440 1567 ego
463 1477 606 1546 alfanus
629 1478 791 1547 notarius
814 1496 870 1545 me
893 1477 1099 1566 subscripsi.

949 1731 1396 1743 —m-—n

1072 2025 1310 2106 DLXVI.

1033 2286 1090 2360 A.
1120 2284 1170 2360 D.
1200 2282 1328 2364 1004.

308 2521 409 2660 †ln
441 2573 585 2642 nomine
617 2574 752 2642 domiui
784 2573 1021 2642 sextodecimo
1054 2593 1150 2643 anno
1181 2577 1405 2664 principatus
1435 2577 1554 2644 domni
1587 2577 1701 2644 nostri
1733 2579 1928 2664 guaimarii
1959 2580 2113 2666 glorioso

263 2725 445 2811 princeps,
470 2744 590 2793 mense
615 2726 750 2812 iunius,
775 2725 931 2794 secunda
949 2723 1157 2792 iudictione.
1174 2728 1463 2794 memoratorium
1486 2727 1620 2796 iactum
1644 2747 1667 2796 a
1696 2728 1797 2794 nobis
1820 2746 1995 2816 sparanus
2018 2731 2114 2799 lilius

264 2876 478 2961 urseprandi
501 2881 538 2944 et
562 2878 735 2946 iohannes
759 2877 857 2946 filius
880 2879 974 2946 idem
998 2879 1145 2947 iohanni
1170 2878 1341 2947 abitatori
1365 2877 1408 2945 de
1431 2879 1594 2962 nuceria,
1620 2876 1733 2944 locum
1751 2881 1812 2948 ubi
1830 2900 1943 2968 angre
1968 2881 2112 2971 dicitur,

259 3047 301 3095 eo
325 3027 420 3114 quod
444 3034 526 3099 ante
550 3031 743 3098 subscribti
767 3035 873 3099 testes
898 3049 961 3116 per
987 3048 1082 3099 vona
1114 3031 1377 3099 combenientia
1409 3031 1639 3099 tradiderunt
1669 3032 1771 3099 nobis
1793 3034 1838 3101 ad
1862 3037 2055 3103 tenendum
2078 3043 2114 3106 et

262 3179 495 3250 laborandum
519 3183 614 3253 maio
639 3185 814 3269 presbiter
838 3188 874 3252 et
897 3185 1007 3254 abbas
1031 3184 1180 3251 ecclesie
1204 3183 1320 3252 sancti
1345 3184 1511 3270 maximi,
1528 3202 1600 3252 una
1623 3203 1704 3252 cum
1720 3204 1762 3252 eo
1777 3191 1893 3255 essent
1908 3190 2112 3258 romoaldus

260 3351 391 3422 comeS,
414 3337 474 3422 qui
500 3338 556 3403 est
579 3335 827 3404 adbocatcrem
851 3341 887 3404 et
910 3355 1022 3402 unum
1047 3337 1090 3404 de
1115 3337 1263 3403 dominii
1290 3335 1403 3423 ipsius
1427 3336 1588 3423 ecclesie,
1614 3356 1687 3407 uua
1711 3340 1814 3425 pocla
1836 3340 1880 3408 de
1904 3344 2002 3411 terra
2027 3364 2110 3411 cum

261 3489 443 3556 arbustum
465 3489 557 3576 quod
582 3508 645 3556 nos
669 3511 691 3559 a
715 3509 798 3578 pars
822 3490 989 3559 iamdiote
1012 3489 1159 3556 ecclesie
1184 3488 1453 3575 pastenavimus
1471 3489 1603 3576 inipso
1627 3491 1744 3557 locum
1769 3510 1895 3580 angre,
1912 3497 1972 3563 ubi
1991 3499 2112 3566 casale

260 3639 406 3725 dicitur,
431 3659 493 3727 per
516 3660 557 3708 ec
581 3641 665 3708 finis
688 3645 725 3709 et
748 3641 942 3709 mensurie:
967 3640 1176 3726 apartibus
1199 3639 1391 3707 occidentis
1415 3637 1486 3706 tine
1509 3641 1568 3708 via
1593 3639 1748 3727 puplica,
1764 3647 1848 3711 sunt
1863 3644 1995 3714 exinde
2012 3649 2109 3732 passi

261 3789 455 3874 sexaginta
479 3807 556 3858 sex:
580 3810 603 3859 a
626 3810 710 3876 pars
734 3790 883 3860 meridie
907 3789 1073 3857 similiter
1098 3790 1169 3855 tine
1193 3789 1270 3873 ipsa
1293 3788 1366 3874 via,
1383 3791 1467 3854 sunt
1490 3779 1621 3856 e'xinde
1645 3791 1742 3876 passi
1758 3792 1913 3879 triginta
1936 3797 2110 3885 quinque:

262 3957 286 4005 a
311 3903 415 4025 parte
438 3941 588 4008 orientis
612 3943 683 4009 tine
707 3941 750 4008 de
773 3940 895 4009 eredes
917 3942 1009 4026 petri
1033 3944 1069 4008 et
1091 3939 1318 4026 rodelgardi,
1343 3938 1435 4006 siout
1459 3939 1573 4007 medio
1603 3939 1718 4010 limite
1747 3943 1944 4034 discernit,
1968 3953 2005 4016 et
2029 3951 2113 4020 inde

263 4094 350 4156 sunt
383 4091 480 4176 passi
511 4093 701 4178 sexaginta
731 4110 815 4160 sex:
841 4095 989 4178 aparte
1021 4090 1284 4178 septemtrionis
1315 4091 1387 4158 fine
1417 4093 1511 4160 sicut
1542 4093 1656 4160 medio
1681 4093 1795 4164 limite
1819 4096 2004 4188 discernit,
2029 4104 2113 4174 inde

261 4243 354 4328 passi
381 4243 624 4329 quadraginta
649 4261 775 4332 unum,
799 4248 913 4312 totum
936 4245 981 4312 ad
1005 4245 1099 4311 iusto
1123 4261 1267 4330 passum
1299 4244 1436 4311 homini
1467 4249 1725 4314 mensuratum.
1759 4249 1808 4314 Ec
1833 4267 1915 4316 vero
1938 4255 2041 4338 pecia
2065 4257 2111 4324 de

259 4400 357 4463 terra
381 4413 445 4481 per
473 4396 641 4465 iamdicte
664 4398 747 4465 linis
771 4401 807 4465 et
831 4399 1011 4465 mensurie
1035 4396 1198 4464 inclitum
1223 4394 1304 4462 illut
1326 4396 1428 4462 nobis
1453 4396 1698 4464 tradiderunt:
1723 4417 1790 4486 ego
1813 4421 1989 4488 sparanus
2012 4426 2107 4477 com-

261 4546 423 4632 preensit
448 4546 531 4615 illut
554 4551 632 4618 vice
655 4567 735 4618 mea
759 4554 794 4617 et
818 4551 895 4617 vice
917 4550 1024 4618 ciceri
1055 4567 1248 4637 germanus
1271 4567 1389 4635 meus,
1414 4553 1450 4617 et
1472 4567 1537 4638 ego
1560 4550 1732 4620 iohannes
1766 4554 1843 4624 vice
1874 4577 1953 4628 mea
1976 4565 2012 4630 et
2034 4564 2112 4632 vice

260 4699 355 4767 leoni
380 4707 562 4788 congnato
584 4721 684 4770 meus
709 4703 806 4769 filius
831 4705 975 4788 minuti3
993 4704 1057 4772 tali
1081 4701 1229 4769 hordine
1254 4701 1335 4770 illut
1358 4702 1460 4769 nobis
1482 4703 1630 4790 tradidi,
1647 4709 1687 4774 ut
1701 4709 1827 4776 amodo
1852 4717 1887 4780 et
1911 4716 2008 4783 omni
2025 4722 2113 4786 tem·

262 4869 346 4938 pore
371 4869 436 4918 nos
460 4871 541 4920 cum
566 4852 634 4938 ipsi
658 4853 824 4939 germani
850 4859 886 4922 et
908 4857 1086 4922 consortes
1109 4859 1247 4921 nostros
1272 4853 1439 4922 inclitum
1465 4855 1545 4924 illut
1576 4862 1696 4927 nostre
1720 4865 1906 4948 potestatis
1930 4874 2051 4940 tenere
2076 4880 2112 4943 et

264 5000 467 5089 dominare,
492 5008 527 5070 et
551 5003 650 5070 fovee
674 5007 710 5070 et
735 5006 849 5071 omnis
871 5008 990 5072 nostre
1015 5004 1184 5074 utilitatis
1207 5005 1338 5074 ibidem
1360 5007 1478 5075 lacere
1502 5008 1597 5079 iusta
1620 5012 1812 5103 rationem,
1829 5024 1865 5087 et
1889 5025 2110 5110 temporibus

263 5153 338 5221 suis
361 5157 475 5221 totum
498 5154 785 5240 ipsoarbustum
809 5156 1008 5224 laboremus
1032 5164 1067 5225 et
1093 5157 1268 5225 cultemus
1291 5157 1334 5227 de
1357 5177 1463 5245 super
1487 5163 1589 5229 etde
1614 5167 1750 5254 subter,
1773 5173 1809 5238 et
1834 5173 1895 5240 ubi
1920 5180 2110 5265 meruerit,

260 5308 407 5374 arbores
431 5309 468 5373 et
491 5305 582 5374 vites
605 5307 770 5392 plantare
796 5309 833 5372 et
855 5307 1109 5394 propaginare,
1128 5311 1167 5374 ut
1184 5326 1272 5376 vene
1296 5315 1421 5396 pareat
1443 5313 1643 5385 laboratum
1658 5323 1695 5388 et
1710 5321 1902 5412 cultatum,
1919 5331 1955 5394 et
1970 5328 2109 5400 clusum

255 5476 315 5528 eos
338 5459 529 5546 abeamus,
554 5463 590 5528 et
612 5461 751 5530 salbum
774 5460 968 5547 faciamus,
992 5467 1029 5529 et
1051 5481 1114 5550 per
1145 5467 1302 5551 tempore
1325 5465 1368 5534 de
1391 5465 1571 5537 vindemie
1595 5471 1767 5543 faciamus
1797 5479 1890 5546 scire
1913 5499 1997 5566 pars
2020 5484 2111 5553 iam-

258 5606 354 5678 dicte
379 5609 541 5698 ecclesie,
566 5616 606 5680 ut
630 5611 765 5699 dirigat
788 5612 918 5680 ibidem
944 5616 1092 5684 missum
1115 5634 1234 5703 suum,
1258 5622 1294 5686 et
1316 5637 1380 5686 nos
1404 5623 1516 5689 totum
1538 5623 1614 5710 ipso
1636 5626 1822 5694 arbustum
1845 5631 2106 5705 vindemiemus

260 5761 297 5825 et
319 5777 426 5846 poma
451 5761 533 5831 inde
558 5762 790 5852 colligamus,
821 5767 856 5831 et
887 5765 1002 5832 onmis
1026 5769 1149 5837 vinum
1173 5774 1208 5838 et
1230 5789 1335 5858 poma
1358 5773 1478 5860 ibique
1509 5775 1562 5858 [ad
1591 5777 1812 5864 palmentum
1843 5782 2045 5856 dividamus
2069 5794 2106 5861 iu
