5334 7098
989 561 1395 632 orrnounrrcus
1660 529 1667 536 ’
2004 561 2072 631 loe

268 783 435 866 maximi,
459 787 495 851 et
516 781 637 868 ibique
660 787 752 851 esset
774 781 964 870 subscripti
990 789 1107 872 testes,
1131 805 1193 872 per
1209 760 1521 856 demandationem
1537 785 1649 872 ipsius
1665 784 1786 852 abbati
1804 803 1867 870 pro
1884 782 1967 870 pars
1984 787 2020 851 et
2035 781 2117 850 vice

269 933 382 1018 ipsius
406 934 553 1004 ecclesie
576 936 691 1003 sancti
715 936 865 1006 maximi
888 936 934 1006 ad
958 937 1151 1006 tenendum
1173 941 1209 1005 et
1232 936 1464 1005 laborandum
1493 935 1643 1004 tradidit
1672 937 1834 1004 maranci
1858 935 1932 1002 filio
1964 933 2115 1002 iohanni

267 1087 310 1154 de
333 1085 447 1155 locum
471 1109 585 1177 angre
607 1109 682 1160 una
704 1093 807 1178 pecia
830 1091 873 1159 de
897 1095 996 1161 terra
1019 1093 1146 1176 baana,
1170 1090 1263 1178 quod
1286 1108 1369 1176 pars
1393 1087 1504 1175 ipsius
1528 1087 1677 1156 ecclesie
1701 1090 1783 1156 abet
1800 1109 1822 1156 a
1839 1106 1946 1174 super
1970 1087 2045 1176 ipso
2066 1089 2117 1154 lo-

267 1258 348 1306 cum
371 1259 499 1330 angre,
516 1243 576 1310 ubi
603 1246 755 1313 corbaru
771 1244 918 1333 dicitur,
935 1247 1133 1333 propinquo
1150 1244 1299 1314 ecclesia
1322 1243 1438 1312 sancti
1454 1241 1665 1330 archangeli
1682 1261 1743 1329 per
1760 1259 1799 1309 ec
1815 1241 1912 1309 finis:
1932 1261 1954 1309 a
1969 1245 2119 1310 sebtem-

270 1390 399 1460 trionis
416 1395 487 1464 fine
503 1400 610 1465 rebus
625 1398 801 1485 episcopio
817 1403 988 1486 pestana:
1007 1419 1029 1468 a
1045 1417 1128 1486 pars
1145 1394 1294 1469 orientis
1310 1399 1382 1466 fine
1397 1401 1503 1465 rebus
1518 1396 1579 1484 qui
1597 1396 1666 1463 luit
1683 1397 1725 1464 de
1741 1395 1919 1482 episcopio
1935 1397 2121 1486 stavianu,

267 1547 360 1632 quod
375 1548 477 1616 modo
492 1551 654 1620 dominat
670 1553 749 1640 ipsa
772 1553 922 1622 ecclesia
944 1554 1061 1624 sancti
1083 1553 1312 1641 archangeli:
1340 1575 1363 1622 a
1379 1553 1527 1621 meridie
1544 1552 1616 1620 fine
1631 1551 1674 1619 de
1691 1551 1814 1620 eredes
1831 1551 1922 1618 leoni
1941 1551 1985 1619 de
2002 1551 2119 1617 locum

268 1719 396 1770 sarnu:
415 1724 537 1792 apars
553 1707 747 1775 occidentis
770 1709 840 1776 line
864 1710 957 1794 quod
981 1709 1081 1777 modo
1104 1707 1265 1776 dominat
1289 1707 1411 1775 eredes
1435 1705 1578 1774 lietardi
1602 1709 1639 1773 et
1662 1702 1903 1792 coniungente
1926 1723 1963 1771 se
1987 1705 2026 1772 in
2042 1703 2120 1792 ipsa

267 1855 387 1939 priore
411 1857 522 1945 fines3
547 1879 587 1928 ec
611 1879 693 1927 vero
716 1861 877 1958 predicta
899 1861 1002 1946 pecie
1026 1861 1069 1929 de
1092 1865 1191 1930 terra
1214 1879 1277 1947 per
1302 1861 1468 1930 iamdicta
1492 1861 1576 1928 finis
1601 1857 1766 1929 inclitum
1790 1857 1871 1925 illut
1894 1876 1958 1945 pro
1981 1878 2062 1944 pars
2086 1865 2122 1927 et

271 2011 346 2079 vice
361 2011 475 2098 ipsius
489 2014 638 2082 ecclesie
653 2019 689 2082 et
712 2035 776 2102 per
799 2016 1110 2084 demandationem
1133 2015 1245 2102 ipsius
1261 2014 1382 2083 abbati
1407 2013 1557 2082 tradidit
1579 2013 1692 2098 ipsius
1716 2009 1879 2080 maranci
1895 2011 1959 2080 tali
1977 2011 2120 2100 ordine,

271 2169 309 2233 ut
331 2167 455 2234 amodo
478 2171 515 2234 et
539 2185 650 2253 usque
673 2175 747 2236 tres
770 2169 890 2236 frudia
920 2167 1108 2236 recollecta
1131 2167 1245 2236 licead
1279 2168 1355 2255 ipse
1386 2169 1547 2238 maranci
1573 2169 1628 2235 vel
1652 2167 1729 2234 eius
1751 2167 1895 2253 eredes,
1918 2167 1998 2254 ipsa
2020 2172 2123 2236 terra

269 2319 434 2388 laborare
460 2325 496 2387 et
522 2321 716 2406 seminare,
741 2325 776 2388 et
799 2321 897 2388 sebee
920 2325 957 2388 et
980 2321 1096 2388 omnis
1119 2339 1181 2388 sue
1206 2321 1374 2391 utilitatis
1399 2320 1495 2390 iusta
1520 2322 1698 2390 rationem
1729 2321 1861 2387 ibidem
1891 2321 2053 2408 saciant,
2087 2323 2124 2388 et

270 2477 447 2562 quantum
471 2477 605 2544 victum
628 2475 698 2544 alio
722 2475 929 2544 annualiter
954 2493 1064 2562 usque
1088 2475 1163 2560 ipso
1186 2475 1418 2543 constitutum
1447 2475 1579 2542 ibidem
1610 2475 1778 2558 fecerint,
1812 2478 1922 2541 totum
1954 2493 2015 2541 sue
2047 2476 2121 2543 sint

268 2631 473 2714 potestatis:
499 2634 619 2717 preter
643 2629 848 2698 annualiter
871 2649 934 2716 per
958 2630 1088 2695 nobum
1112 2631 1270 2716 tempore
1289 2681 1501 2698 ........
1526 2631 1636 2698 deant
1660 2630 1706 2698 ad
1728 2648 1811 2715 pars
1834 2629 1947 2716 ipsius
1969 2629 2121 2699 ecclesie

272 2783 480 2850 terraticum
511 2785 704 2852 secundum
736 2785 1027 2854 consuetudinem
1050 2784 1093 2852 de
1116 2785 1193 2872 ipso
1216 2785 1343 2868 locum;
1369 2785 1415 2852 ad
1438 2784 1610 2870 completo
1633 2783 1709 2869 ipso
1732 2783 1966 2850 constitutum
1988 2783 2119 2853 inclita

152 2971 154 2976 ·
269 2934 347 3020 ipsa
375 2935 478 3020 pecia
507 2955 571 3024 per
600 2938 769 3007 iamdicte
793 2939 877 3006 finis
900 2939 1087 3007 remittant
1110 2937 1155 3005 ad
1178 2940 1354 3024 potestate
1378 2935 1492 3022 ipsius
1509 2933 1676 3012 ecclesie.
1701 2934 1798 3002 Unde
1822 2954 1886 3020 pro
1910 2937 2033 3004 taliter
2056 2956 2122 3024 per

270 3105 362 3156 vona
388 3090 650 3161 combenientia
674 3111 737 3178 per
764 3093 807 3161 de
831 3090 1097 3160 mandationem
1122 3089 1234 3176 ipsius
1258 3087 1381 3156 abbati
1404 3087 1540 3174 guadia
1563 3086 1654 3154 mihi
1677 3087 1753 3173 ipse
1775 3091 1935 3158 maranci
1960 3089 2058 3158 dedit
2082 3100 2120 3158 et

268 3243 496 3330 mediatorem
521 3244 611 3313 mihi
626 3247 745 3333 posuit
758 3267 795 3316 se
819 3247 955 3332 ipsum;
980 3249 1017 3313 et
1040 3263 1103 3330 per
1126 3245 1204 3330 ipsa
1227 3243 1364 3330 guadio
1387 3247 1451 3312 etc.
1478 3245 1627 3311 statuta
1650 3245 1765 3311 molto
1786 3244 1903 3314 decem
1925 3247 2011 3311 ouri
2037 3247 2121 3314 solt·

269 3400 399 3466 ἀεηιιιι
420 3403 808 3469 constantinianororn.
840 3407 875 3468 et
898 3416 968 3467 unc
992 3397 1135 3466 brebem
1160 3399 1287 3486 scripsi
1312 3419 1377 3488 ego
1402 3397 1604 3471 romoaldus
1620 3400 1783 3468 notarius
1805 3400 1866 3486 qui
1890 3403 2051 3472 interfui.

315 3525 345 3641 †
369 3571 436 3640 ego
459 3555 667 3624 benedictus

313 3680 344 3796 †
368 3725 435 3797 ego
459 3683 560 3796 guiso

312 3837 343 3951 †
368 3883 434 3951 ego
457 3867 562 3933 mari.
663 3929 675 3944 ,

1019 4381 1338 4464 DCXXXV.

1043 4643 1098 4722 A.
1127 4640 1178 4718 D.
1206 4637 1330 4719 1010.

309 4887 345 5028 †
370 4942 409 5008 ln
433 4941 576 5009 nomine
599 4939 734 5008 domini
757 4955 852 5006 anno
877 4936 1043 5006 bicesime
1066 4933 1220 5003 secundo
1242 4933 1466 5020 principatus
1489 4929 1609 5000 domni
1626 4931 1736 5000 nostri
1753 4929 1937 5017 guaimari
1962 4931 2116 5018 glorioso

264 5095 438 5182 principe,
463 5111 583 5162 mense
606 5095 807 5179 nobember,
832 5106 927 5158 nona
950 5089 1155 5158 indictione.
1181 5085 1470 5156 Memoratorium
1487 5087 1581 5156 lactu
1598 5102 1691 5188 anre
1707 5099 1825 5153 amore
1841 5075 2112 5169 lllio'quondam

266 5252 374 5340 petri,
397 5268 438 5319 eo
461 5250 554 5336 quod
578 5253 662 5320 ante
685 5247 867 5335 presentia
889 5243 1024 5315 maioni
1049 5242 1239 5331 presbiteri
1254 5245 1291 5310 et
1306 5239 1429 5312 abbati
1453 5241 1600 5310 ecclesie
1624 5237 1740 5308 sancti
1757 5236 1920 5324 maximi,
1935 5241 1971 5306 et
1986 5237 2110 5326 ibique

263 5408 354 5473 esset
377 5403 567 5488 subscripti
591 5405 712 5488 testae,
735 5419 798 5487 per
822 5397 1130 5468 demandationem
1153 5396 1264 5500 ipsius
1279 5397 1402 5466 abbati
1418 5395 1464 5463 ad
1480 5393 1670 5462 tenendum
1686 5395 1722 5458 et
1736 5390 1997 5476 pastenandum
2012 5391 2111 5458 abel-

265 5559 437 5628 lanietum
460 5556 612 5626 tradidit
635 5554 725 5624 mibi
750 5552 932 5623 maraldus
947 5549 1098 5620 clericus
1116 5569 1284 5621 unacum
1300 5554 1422 5637 petrus
1436 5565 1563 5631 comeS,
1580 5541 1643 5632 qui
1659 5547 1713 5613 est
1737 5562 1849 5611 unum
1864 5543 1908 5611 de
1923 5543 2059 5612 domini
2076 5553 2113 5616 et

266 5714 456 5784 adbocator
480 5712 595 5800 ipsius
618 5709 780 5797 ecclesie,
795 5706 838 5776 de
853 5709 959 5775 rebus
981 5705 1109 5778 baciba
1131 5705 1224 5794 quod
1246 5723 1331 5793 pars
1354 5702 1468 5790 ipsius
1490 5701 1637 5770 ecclesie
1661 5701 1743 5770 abet
1757 5698 1798 5768 in
1813 5699 1929 5768 locum
1945 5699 2111 5788 nuceria,

265 5872 323 5938 ubi
347 5870 471 5958 propio
486 5819 539 5937 ³ad
564 5865 763 5937 cancellata
785 5863 917 5933 dicitur
941 5883 1003 5950 per
1027 5883 1065 5932 ec
1090 5862 1173 5932 llnis
1188 5867 1224 5931 et
1246 5860 1436 5930 mensurie:
1455 5878 1578 5947 apars
1601 5859 1749 5928 orientis
1773 5858 1843 5928 llne
1867 5858 1980 5946 ipsius
2001 5857 2115 5928 eccle-

417 6023 486 6081 Τοι.
509 6041 545 6081 ιι.
1924 6011 1959 6068 22
