5318 7102
621 513 667 584 30
854 563 856 584 2
1289 519 1683 592 'CAPl'fULdllld

570 734 634 821 Qui
662 736 759 829 pulsa
785 737 876 830 quod
904 759 958 824 res
984 739 1212 825 venumdans,
1240 741 1301 811 sed
1328 748 1362 812 et
1388 765 1456 811 non
1484 741 1575 813 iusto
1602 741 1727 835 pretio,
1756 739 1932 812 Accedant
1956 738 2072 810 ambas
2099 749 2215 833 partes
2241 763 2341 835 supra
2367 767 2418 816 res

619 918 703 986 quas
730 897 987 982 venumdusset,
1015 906 1050 969 et
1075 897 1292 969 estimatores
1318 908 1353 970 ct
1379 908 1597 1002 rememoret,
1626 909 1660 971 et
1686 901 1877 998 appretient
1903 922 1959 970 res
1985 899 2070 992 ipsa,
2100 899 2197 971 Sicut
2224 906 2306 971 tunc
2333 901 2419 972 vale-

620 1061 688 1139 vat,
718 1055 852 1148 quando
879 1078 934 1126 res
960 1056 1032 1150 ipsa
1057 1057 1145 1127 bene
1171 1066 1362 1130 restaurate
1388 1060 1543 1146 fuerunt,
1572 1061 1761 1154 Antequam
1781 1083 1843 1130 nos
1871 1057 1926 1128 lrie
1951 1082 2032 1128 cunr
2059 1063 2217 1130 exercitu
2244 1058 2416 1130 introisse-

621 1236 722 1300 mus,
760 1222 794 1285 et
820 1217 849 1286 si
875 1239 930 1286 res
957 1217 1041 1310 ipsa,
1071 1220 1161 1290 sicut
1188 1220 1413 1312 adpretiatum
1440 1220 1545 1292 fuerit
1573 1221 1661 1294 iustu
1687 1219 1809 1314 pretio,
1847 1217 1937 1290 sicut
1968 1219 2001 1287 in
2030 1218 2104 1312 ipsa
2122 1218 2254 1291 cartula
2280 1218 2415 1312 legitur,

621 1374 712 1464 quod
740 1397 795 1444 res
814 1373 885 1468 ipsa
911 1374 1066 1470 legitimo
1093 1376 1203 1470 pretio
1221 1377 1466 1464 venundasset,
1488 1377 1578 1450 sicut
1595 1385 1680 1449 tunc
1698 1378 1895 1462 valuerunt,
1925 1376 2016 1446 sicut
2037 1376 2252 1462 dictumest,
2274 1375 2421 1447 venditio

622 1533 693 1628 ipsa
720 1533 817 1605 firma
843 1546 1053 1630 permaneat.
1084 1539 1167 1608 Nam
1187 1537 1215 1608 si
1235 1561 1290 1608 res
1309 1537 1417 1632 ipsius
1444 1537 1592 1632 amplius
1619 1535 1831 1608 estimaverit
1850 1535 1940 1628 quod
1958 1543 2042 1605 tune
2060 1533 2264 1619 valuissent,
2285 1535 2419 1626 quando

621 1695 731 1787 pretio
760 1695 832 1788 ipso
859 1695 949 1787 quod
977 1697 1132 1792 accepit,
1162 1705 1195 1768 et
1222 1697 1294 1790 ipse
1320 1698 1378 1790 qui
1405 1695 1669 1766 venundaverit
1695 1694 1877 1764 ostendere
1896 1689 2067 1786 potuerit,
2097 1692 2192 1764 ulei
2219 1693 2422 1766 necessitate

622 1851 723 1922 famis
751 1853 903 1924 venditio
929 1855 1036 1948 ipsam
1065 1855 1224 1942 fecisset,
1263 1864 1320 1926 aut
1346 1857 1380 1925 in
1408 1853 1539 1926 cartula
1565 1853 1637 1948 ipsa
1664 1852 1936 1924 manifestaverit
1961 1860 2115 1945 tempore
2142 1852 2350 1924 necessitate
2375 1855 2420 1922 f-

622 2012 700 2095 mis,
731 2009 869 2082 Cartala
895 2011 968 2106 ipsa
994 2012 1215 2106 frangantur,
1245 2013 1287 2084 Et
1312 2014 1461 2107 pretium
1489 2012 1579 2084 iusta
1605 2013 1678 2106 ipsa
1704 2012 1836 2082 cartula
1862 2011 2003 2104 legitur,
2034 2011 2166 2094 reddat,
2195 2019 2229 2081 et
2256 2011 2422 2104 recipiant

622 2195 678 2241 res
705 2195 796 2258 suas,
825 2174 917 2244 sieut
943 2173 1043 2245 niodo
1072 2174 1247 2245 invenitur
1273 2199 1344 2260 eaS,
1371 2172 1573 2268 llnteposito
1599 2169 1769 2256 aedilicio,
1792 2177 1849 2241 aut
1875 2170 1965 2240 sicut
1993 2169 2161 2240 intereos
2180 2169 2421 2256 convenerint,

622 2331 775 2418 faciant,
804 2332 905 2402 etde
932 2333 998 2404 ista
1024 2333 1176 2404 venditio
1203 2334 1274 2427 ipsa
1301 2357 1447 2428 persona
1473 2342 1550 2428 agat
1576 2332 1633 2425 qui
1660 2330 1872 2402 venundavit
1907 2341 1965 2400 aut
1998 2330 2090 2402 lilius
2117 2331 2213 2416 eiua,
2250 2355 2333 2400 nam
2360 2354 2425 2402 non

620 2490 708 2562 alter
735 2492 961 2584 propinquus.

568 2647 706 2721 Cartula
732 2649 791 2720 illa
817 2673 882 2743 que
909 2649 1036 2742 legitur
1054 2651 1095 2720 de
1114 2650 1311 2734 donatione,
1341 2651 1503 2722 similiter
1529 2652 1703 2738 volumus,
1725 2663 1762 2725 ut
1779 2654 2001 2748 appretietur,
2031 2653 2121 2723 sicut
2139 2651 2288 2746 amplius
2310 2651 2424 2722 value-

621 2820 716 2898 runt,
739 2819 772 2882 et
791 2835 845 2880 res
873 2811 944 2906 ipsa
962 2811 1050 2882 bene
1070 2820 1258 2882 restaurate
1286 2811 1440 2895 fuerunt,
1470 2835 1571 2904 quarn
1591 2812 1665 2908 ipso
1685 2813 1858 2906 launegild
1886 2811 2022 2898 luisset,
2051 2813 2189 2903 quando
2218 2811 2369 2905 accepit,
2397 2822 2428 2883 et

617 2971 690 3064 ipsa
715 2970 853 3042 donatio
879 2971 999 3042 stricto
1026 2971 1230 3041 necessitate
1250 2969 1349 3040 famis
1368 2970 1519 3057 fecisset3
1540 2979 1573 3042 et
1591 2970 1619 3041 si
1638 2970 1822 3064 approbare
1849 2971 2011 3064 potuerit,
2032 2970 2153 3040 reddat
2176 2971 2361 3064 launigild,
2389 2981 2421 3042 et

620 3131 762 3225 recipiat
789 3155 843 3202 res
870 3156 964 3217 suas,
993 3141 1026 3202 et
1052 3132 1182 3202 cartula
1209 3131 1282 3225 ipsa
1308 3131 1522 3226 frangantur.

574 3291 622 3360 De
649 3291 834 3362 (donatione
854 3291 908 3360 vel
926 3289 1140 3370 venditione,
1169 3313 1235 3382 que
1255 3291 1289 3360 in
1308 3289 1384 3360 loca
1402 3290 1614 3361 venerabilia
1635 3290 1724 3362 facta
1744 3297 1838 3374 sunt,
1860 3290 2025 3384 suspendi
2044 3291 2225 3376 iussimus,
2247 3290 2281 3359 in
2304 3291 2422 3361 sinodo

620 3474 700 3520 cum
719 3448 884 3544 episcopi,
901 3457 934 3522 et
954 3447 1137 3519 comitibus
1155 3451 1327 3540 quomodo
1342 3447 1416 3520 fieri
1436 3450 1593 3521 debeant.
1614 3451 1656 3521 Et
1674 3452 1709 3520 in
1727 3450 1792 3522 hoc
1808 3451 1979 3536 iubemus,
2001 3459 2037 3520 ut
2056 3449 2105 3519 illi
2122 3449 2275 3544 partibus
2295 3453 2423 3521 iustum

623 3611 786 3704 procedat
811 3609 993 3696 iudicium,
1024 3608 1081 3680 ubi
1108 3634 1170 3680 nos
1199 3610 1251 3679 vel
1279 3619 1396 3681 nostra
1422 3617 1494 3680 oste
1522 3609 1693 3679 fuerimus
1711 3633 1771 3704 pro
1789 3609 1890 3695 illud,
1921 3620 1958 3680 ut
1979 3610 2137 3703 superius
2165 3609 2333 3702 scriptum
2360 3619 2425 3694 est,

621 3777 655 3840 el
680 3768 744 3839 hoc
771 3769 975 3851 statuimus,
1010 3769 1054 3839 Ut
1081 3766 1212 3839 cartula
1239 3768 1298 3836 illa
1325 3791 1390 3861 que
1417 3776 1570 3862 tempore
1597 3770 1803 3840 necessitate
1836 3769 1925 3840 facte
1952 3770 2093 3841 fuerunt
2119 3791 2179 3863 per
2206 3769 2426 3841 districtione

621 3929 735 4015 famis,
764 3940 822 4002 aut
848 3951 908 4023 per
933 3926 1184 4021 qualecumque
1211 3927 1412 4021 ingenium,
1441 3930 1486 4000 Ut
1512 3928 1577 4000 ista
1603 3954 1708 4001 eausa
1734 3954 1802 4003 nou
1830 3939 2069 4024 computetur,
2096 3931 2166 4003 Sed
2194 3929 2284 4001 iusta
2312 3931 2424 4024 legem

622 4094 775 4186 ipsorum
802 4090 922 4160 exinde
950 4087 1136 4182 procedant
1162 4086 1351 4174 iudicium;
1383 4097 1418 4160 et
1444 4111 1485 4158 oc
1512 4089 1634 4160 damus
1661 4089 1696 4158 in
1724 4087 1917 4174 mandatis,
1948 4090 1991 4161 Ut
2016 4089 2227 4183 quicumque
2253 4089 2359 4160 horno
2385 4089 2426 4158 ab

622 4252 710 4322 banc
737 4248 792 4319 die
819 4247 942 4342 viginti
971 4269 1090 4318 mense
1116 4245 1288 4318 februario
1315 4269 1370 4317 res
1397 4271 1477 4318 suas
1503 4246 1726 4334 benumdare,
1759 4249 1825 4320 dut
1852 4247 2001 4318 alienare
2028 4246 2190 4334 voluerit,
2211 4248 2245 4317 in
2267 4246 2431 4320 omnibus

622 4417 822 4504 permaneat
847 4415 1063 4503 potestatem,
1091 4415 1226 4478 tantum
1245 4404 1295 4476 sic
1315 4404 1454 4490 faciant,
1484 4403 1575 4476 sicut
1599 4427 1719 4476 eorum
1745 4405 1810 4476 fuit
1828 4403 1894 4474 lex.
1919 4405 2018 4476 Unde
2037 4405 2184 4496 qualiter
2209 4404 2310 4476 nobis
2329 4429 2424 4476 conr-

622 4569 767 4664 placuit,
796 4577 989 4661 presentem
1017 4565 1275 4637 deliberationis
1302 4564 1442 4636 notitias
1459 4587 1519 4659 pro
1538 4564 1761 4659 amputandas
1787 4563 1999 4634 intentiones
2019 4560 2093 4632 fieri
2112 4562 2292 4649 iussimus,
2314 4575 2350 4636 et
2368 4590 2430 4637 no-

624 4729 677 4800 bis
704 4729 812 4823 relcgi
839 4730 989 4800 fecimus
1015 4727 1103 4798 facta
1130 4725 1252 4798 notitia
1278 4751 1296 4796 a
1324 4725 1496 4796 minorum
1524 4737 1735 4796 nostrorum.

577 4892 615 4964 Si
641 4891 719 4983 quis
746 4912 806 4984 per
831 4888 962 4960 cartula
988 4888 1160 4980 ingenuus
1186 4885 1351 4956 dimissus
1378 4883 1481 4954 fuerit
1507 4891 1541 4953 et
1567 4883 1608 4955 ad
1634 4881 1810 4976 quodlibet
1837 4883 2010 4954 hominem
2038 4883 2079 4954 ad
2107 4883 2288 4956 servilium
2316 4884 2425 4957 inter-

627 5051 774 5146 pellatus
800 5050 925 5134 fuerit,
961 5049 1093 5142 primus
1118 5045 1314 5139 legitimum
1341 5067 1400 5114 sue
1428 5044 1596 5114 libertatis
1623 5042 1791 5137 proferat,
1828 5041 1923 5112 etin
1951 5015 2195 5114 sualibertate
2230 5055 2422 5138 preservet.

626 5212 662 5284 Si
690 5234 772 5280 vero
798 5207 992 5303 legitimum
1019 5215 1113 5276 tuam
1141 5226 1211 5273 rem
1239 5203 1388 5274 defuerit
1413 5201 1651 5274 testimonium
1677 5200 1845 5271 bonorum
1873 5200 2068 5287 bominum,
2096 5203 2155 5294 qui
2183 5215 2266 5273 tune
2292 5203 2427 5290 aderat,

626 5371 762 5465 quando
783 5367 870 5439 liber
896 5367 1059 5438 dimissus
1086 5351 1203 5448 fuerit,
1225 5387 1261 5435 se
1281 5362 1466 5434 defendere
1494 5361 1721 5456 permittatur.
1745 5360 1779 5432 Si
1806 5383 1888 5431 vero
1905 5371 2013 5432 testes
2040 5361 2216 5433 defuerint
2242 5386 2321 5432 curn
2342 5363 2430 5434 duo-

610 5531 689 5628 ·bus
715 5529 793 5600 aliis
820 5526 938 5612 cartis,
958 5549 1023 5618 que
1043 5525 1157 5596 eidem
1184 5520 1384 5592 cancellarii
1412 5544 1551 5590 manum
1579 5516 1711 5590 firmate
1738 5527 1831 5605 sunt,
1854 5519 1907 5590 vel
1928 5519 2120 5615 subscripte
2152 5543 2214 5592 sua
2240 5532 2337 5593 carta
2363 5545 2431 5614 quc

626 5691 813 5772 tertiaeet,
836 5711 950 5757 veram
977 5696 1010 5756 et
1038 5682 1225 5775 legitimam
1253 5689 1344 5751 esset
1370 5678 1561 5751 confirmet.
1583 5680 1818 5754 Cancellarius
1844 5687 1960 5750 tamen
1987 5681 2067 5752 talis
2093 5691 2183 5754 esset
2209 5681 2308 5754 debet
2336 5705 2428 5775 quae
