5310 7080
993 554 1394 626 nlnntlnn'lltbs
2005 563 2068 630 lntt

266 797 375 849 causa
398 798 464 846 sua
488 777 579 864 quod
603 777 652 844 ibi
679 776 859 865 abuerint,
884 787 919 848 et
942 779 1020 866 ipsa
1043 782 1150 847 rebus
1174 783 1332 866 operata,
1350 784 1386 847 et
1402 779 1550 864 cultata,
1577 784 1612 847 et
1636 781 1734 848 clusa
1759 780 1922 850 remittat
1947 783 1992 852 ad
2017 790 2116 871 pote-

265 937 391 1002 statem
416 933 459 1000 de
484 932 643 1016 predicta
667 931 830 1019 ecclesia,
853 937 888 1000 11
913 931 984 998 illis
1001 936 1036 1000 et
1052 933 1127 1000 suis
1142 933 1306 1000 eredibus
1330 931 1480 1000 absoluti
1497 931 1764 1001 indemaneant
1780 935 1983 1020 apartibus
2000 939 2115 1024 ipsius

265 1085 423 1154 ecclesie.
448 1085 547 1153 Unde
570 1105 634 1170 per
658 1086 749 1154 bona
772 1087 1034 1154 combenientia
1058 1084 1192 1171 guadia
1216 1084 1325 1151 michi
1352 1084 1420 1169 ipsi
1439 1085 1615 1153 nominati
1640 1083 1838 1174 inquimus,
1863 1091 1899 1155 et
1922 1092 2060 1178 petruS,
2077 1096 2113 1160 et

267 1239 454 1325 iohanneS,
478 1243 514 1306 et
529 1240 625 1308 maio
641 1240 826 1324 dederunt,
842 1241 878 1306 et
896 1238 1125 1306 mediatorem
1150 1239 1256 1305 michi
1276 1243 1483 1324 posuerunt,
1501 1257 1563 1324 pro
1579 1257 1662 1324 pars
1677 1243 1712 1306 11
1728 1240 1803 1307 vice
1822 1240 1933 1327 ipsius
1950 1243 2112 1332 ecclesie,

265 1393 448 1480 iaquintus
476 1395 572 1461 tilius
596 1395 753 1463 mirandi
778 1395 821 1462 dc
846 1394 965 1463 eodem
995 1392 1109 1462 locum
1139 1397 1299 1482 nucerie;
1324 1400 1360 1463 et
1384 1413 1446 1481 per
1473 1394 1551 1481 ipsa
1574 1397 1709 1482 guadia
1733 1402 1796 1465 clo.
1824 1401 2115 1469 statunculum

262 1549 390 1634 viginti-
413 1550 608 1616 solidorum
631 1553 718 1616 ouri
739 1551 1126 1618 constantim'ouorrmt.
1152 1551 1410 1616 Verumtamen
1434 1552 1470 1616 et
1493 1551 1558 1615 hoc
1576 1549 1816 1636 recondamus,
1834 1555 1873 1618 ut
1896 1571 1918 1620 a
1942 1571 2012 1639 quo
2030 1555 2112 1624 inde

264 1701 397 1769 inserte
422 1701 503 1771 inde
527 1702 679 1788 exierit,
704 1723 767 1789 per
791 1705 956 1772 iamdicto
980 1702 1104 1772 ordine
1128 1703 1211 1771 illut
1235 1705 1331 1772 inter
1355 1723 1419 1771 nos
1450 1705 1671 1774 diuidamus:
1696 1706 1768 1772 illis
1792 1710 1827 1774 et
1851 1707 1926 1776 suis
1949 1710 2114 1778 eredibus

261 1855 390 1923 tollant
413 1855 497 1924 inde
520 1857 586 1924 due
611 1859 730 1942 sortiS,
757 1864 792 1926 et
815 1877 898 1944 pars
921 1858 1078 1944 predicte
1101 1857 1248 1924 ecclesie
1272 1857 1375 1926 tollat
1398 1859 1481 1926 inde
1505 1861 1651 1927 tertiam
1677 1863 1828 1944 partem.
1854 1864 1890 1928 et
1915 1865 2012 1932 hunc
2036 1867 2113 1932 bre-

261 2011 337 2074 bem
359 2008 486 2095 scripsi
511 2027 575 2096 ego
600 2011 774 2078 iohannes
798 2010 950 2076 clericus
973 2011 1009 2076 et
1035 2011 1198 2079 notarius
1222 2011 1282 2094 qui
1309 2010 1476 2078 interlui.

305 2133 335 2249 †
359 2163 434 2248 Ego
458 2165 630 2232 iohannes
655 2183 711 2231 me
735 2163 926 2249 subscripsi

304 2289 435 2406 †lig0
458 2318 614 2386 ademari
640 2320 803 2390 notarius
830 2339 884 2387 me
910 2321 1102 2405 subscripsi

303 2443 333 2559 †
360 2473 434 2558 Ego
457 2472 641 2558 lolegrimo

302 2595 332 2712 †
357 2629 430 2712 Ego
454 2627 628 2695 balsamo.

1119 3137 1273 3218 DCII.

1039 3400 1093 3476 A.
1123 3399 1174 3476 D.
1203 3397 1331 3480 1008.

301 3640 335 3779 †
360 3694 399 3758 In
423 3692 565 3760 nomine
588 3693 724 3760 domini
748 3692 916 3760 bicesimo
932 3710 1027 3762 anno
1044 3691 1268 3778 principatus
1284 3693 1405 3758 domni
1422 3695 1537 3761 nostri
1553 3692 1735 3781 guaimari
1753 3693 1900 3780 gloriosi
1916 3696 2105 3787 principie,

255 3863 373 3913 mense
397 3847 538 3933 apriliS,
563 3851 666 3915 sexta
690 3847 897 3914 indictione.
924 3849 1015 3914 Ante
1038 3865 1094 3912 me
1117 3845 1351 3932 truppoaldus
1382 3845 1562 3914 castaldus
1585 3851 1620 3914 et
1643 3863 1779 3933 comes,
1804 3852 1840 3916 et
1870 3867 1943 3918 una
1968 3869 2106 3920 mecum

253 4003 371 4066 essent
394 4001 588 4087 subscripti
614 3999 751 4068 idoneis
780 4001 1006 4074 hominibus,
1034 3999 1196 4066 coniunti
1220 4002 1303 4065 sunt
1334 3997 1507 4067 madelmo
1530 3995 1626 4066 illius
1649 3997 1807 4084 iaquinti
1830 4003 1867 4068 et
1890 4002 2021 4071 mulier
2044 4023 2107 4074 no·

252 4151 347 4221 mine
371 4150 600 4238 imperatissa
622 4172 796 4240 germana
819 4171 896 4240 sua,
921 4172 990 4239 que
1013 4154 1082 4220 tuit
1105 4171 1195 4220 umor
1219 4151 1315 4237 sergi
1340 4151 1575 4238 atrianensis,
1591 4155 1627 4219 et
1644 4169 1726 4218 oum
1748 4155 1872 4237 petrus
1896 4153 1969 4222 filio
1986 4156 2101 4241 ipsius

254 4309 349 4393 sergi
384 4310 420 4374 et
454 4308 562 4374 istius
594 4307 818 4392 imperatisse
849 4309 991 4393 propter
1023 4307 1130 4372 rebus
1161 4303 1225 4373 illa
1254 4323 1323 4389 que
1354 4302 1423 4370 fuit
1447 4302 1643 4388 supradicti
1669 4303 1825 4389 iaquinti
1850 4309 1886 4372 et
1909 4306 2101 4394 rodelgbisi

251 4459 469 4547 presbiteri,
492 4460 555 4545 qui
580 4479 678 4528 sasso
702 4460 864 4546 bocabit,
888 4461 949 4544 qui
975 4459 1042 4526 luit
1064 4476 1258 4545 germanus
1283 4455 1396 4544 ipsius
1420 4457 1576 4544 iaquinti
1600 4457 1643 4524 de
1675 4456 1762 4525 locis
1786 4459 2035 4549 transbeneie,
2063 4468 2100 4532 et

250 4632 312 4698 per
334 4615 419 4681 finis
442 4620 478 4683 et
501 4614 722 4701 pertinentia
746 4614 789 4682 de
814 4615 889 4699 ipso
922 4614 1036 4681 locum
1061 4611 1290 4680 transbeneie
1314 4610 1352 4716 in
1383 4610 1563 4677 montibus
1593 4613 1629 4676 11
1663 4609 1701 4675 11
1725 4611 1855 4699 planiS,
1880 4615 1916 4679 et
1940 4632 2003 4700 per
2028 4619 2102 4686 tota

249 4769 380 4838 finibus
403 4772 440 4838 et
463 4769 682 4856 pertinentia
705 4767 960 4854 mitilianense,
985 4766 1206 4835 nominatibe
1231 4765 1316 4832 locis
1340 4765 1471 4851 fabale,
1496 4765 1645 4852 troncle,
1668 4767 1814 4853 ragitu,
1838 4767 1953 4836 albole
1978 4773 2014 4838 11
2037 4791 2103 4857 per

248 4923 335 4990 aliis
359 4924 445 4991 locis
468 4921 643 5009 indeque,
667 4920 760 4994 unde
782 4918 855 4986 iam
879 4923 989 4990 hante
1013 4939 1050 4987 os
1073 4921 1148 4988 dies
1180 4921 1254 5007 ipse
1286 4923 1408 5005 petrus
1437 4938 1517 4986 cum
1551 4919 1627 5004 ipso
1658 4921 1832 4988 madelmo
1864 4922 1995 4990 exinde
2019 4944 2104 4994 cau-

248 5077 357 5144 sabit.
384 5079 478 5146 unde
501 5099 564 5166 per
588 5085 707 5166 partes
731 5084 814 5148 ante
838 5097 894 5145 me
917 5096 982 5145 sua
1006 5075 1203 5142 monimina
1230 5073 1312 5140 inde
1336 5071 1608 5157 hostenderunt,
1632 5075 1667 5140 et
1683 5072 1779 5142 inter
1796 5075 1994 5146 monimina
2010 5080 2102 5163 quod

250 5229 328 5314 ipse
353 5229 527 5298 madelmo
550 5231 693 5318 ostedit,
710 5230 914 5298 inbenimus
937 5246 1010 5296 una
1027 5227 1174 5312 scriptio
1189 5224 1377 5292 dibisionis
1394 5225 1648 5294 continentem:
1667 5226 1705 5293 in
1722 5227 1863 5296 nomine
1887 5230 2021 5296 domini
2044 5231 2104 5298 de-

247 5381 341 5448 cimo
368 5400 464 5451 anno
486 5383 712 5470 principatus
736 5383 854 5450 domni
880 5381 994 5450 nostri
1019 5379 1166 5449 iohanni
1191 5383 1227 5446 et
1249 5385 1378 5466 quarto
1401 5397 1496 5448 anno
1518 5379 1741 5468 principatus
1773 5381 1892 5448 domni
1916 5379 2101 5467 guaimari
2140 5465 2144 5472 1

245 5534 328 5603 eins
355 5536 431 5602 lilio
455 5536 601 5623 gloriosi
628 5537 864 5624 principibus
881 5555 1001 5606 mense
1018 5532 1219 5620 ianuarius,
1242 5536 1344 5601 sexta
1364 5532 1571 5601 indictione.
1590 5532 1879 5602 Memoratorium
1897 5534 1992 5601 sactu
2008 5554 2030 5602 a
2046 5553 2102 5602 me

247 5688 423 5758 madelmo
447 5689 705 5779 nlioiaquinti,
722 5691 869 5778 eoquod
887 5695 970 5760 ante
994 5688 1183 5774 subscripti
1209 5693 1317 5756 testes
1340 5689 1531 5758 coniuntus
1547 5706 1624 5756 sum
1651 5687 1696 5758 ad
1720 5691 1812 5756 bona
1835 5689 2100 5758 combenientia

242 5859 324 5910 cum
341 5842 474 5913 mulier
492 5849 635 5917 nomine
651 5848 879 5936 imperatissa
895 5865 1006 5915 uxore
1030 5844 1126 5932 sergi
1150 5843 1350 5914 atrianensi
1367 5843 1431 5914 nni
1451 5844 1524 5912 ursi
1540 5847 1670 5912 etcum
1695 5847 1793 5913 tucia
1816 5843 1960 5914 domina
1986 5863 2103 5914 uxore
