<?xml version="1.0" encoding="UTF-8"?>
<!DOCTYPE html PUBLIC "-//W3C//DTD XHTML 1.0 Transitional//EN"
    "http://www.w3.org/TR/xhtml1/DTD/xhtml1-transitional.dtd">
<html xmlns="http://www.w3.org/1999/xhtml" xml:lang="en" lang="en">
 <head>
  <title>
</title>
<meta http-equiv="Content-Type" content="text/html;charset=utf-8" />
  <meta name='ocr-system' content='tesseract 3.04.00' />
  <meta name='ocr-capabilities' content='ocr_page ocr_carea ocr_par ocr_line ocrx_word'/>
</head>
<body>
  <div class='ocr_page' id='page_1' title='image "./codexdiplomatic05aragoog_0165.png"; bbox 0 0 5310 7080; ppageno 0'>
   <div class='ocr_carea' id='block_1_1' title="bbox 597 511 1721 593">
    <p class='ocr_par' dir='ltr' id='par_1_1' title="bbox 597 511 1721 593">
     <span class='ocr_line' id='line_1_1' title="bbox 597 511 1721 593; baseline -0.004 0"><span class='ocrx_word' id='word_1_1' title='bbox 597 521 666 593; x_wconf 72' lang='lat' dir='ltr'>let</span> <span class='ocrx_word' id='word_1_2' title='bbox 1246 511 1421 585; x_wconf 76' lang='lat' dir='ltr'>conell</span> <span class='ocrx_word' id='word_1_3' title='bbox 1453 512 1721 588; x_wconf 71' lang='lat' dir='ltr'>detunsis</span> 
     </span>
    </p>
   </div>
   <div class='ocr_carea' id='block_1_2' title="bbox 451 740 2407 4962">
    <p class='ocr_par' dir='ltr' id='par_1_2' title="bbox 451 740 2407 4962">
     <span class='ocr_line' id='line_1_2' title="bbox 546 740 2404 833; baseline -0.001 -19"><span class='ocrx_word' id='word_1_4' title='bbox 546 746 621 814; x_wconf 90' lang='lat' dir='ltr'>loco</span> <span class='ocrx_word' id='word_1_5' title='bbox 644 749 907 833; x_wconf 89' lang='lat' dir='ltr'>monte-aperto</span> <span class='ocrx_word' id='word_1_6' title='bbox 934 760 1043 830; x_wconf 89' lang='lat' dir='ltr'>super</span> <span class='ocrx_word' id='word_1_7' title='bbox 1067 742 1145 827; x_wconf 87' lang='lat' dir='ltr'>ipsa</span> <span class='ocrx_word' id='word_1_8' title='bbox 1169 742 1274 808; x_wconf 90' lang='lat' dir='ltr'>rebus</span> <span class='ocrx_word' id='word_1_9' title='bbox 1304 744 1446 827; x_wconf 87' lang='lat' dir='ltr'>nostra,</span> <span class='ocrx_word' id='word_1_10' title='bbox 1479 740 1573 826; x_wconf 90' lang='lat' dir='ltr'>quod</span> <span class='ocrx_word' id='word_1_11' title='bbox 1597 759 1661 808; x_wconf 91' lang='lat' dir='ltr'>nos</span> <span class='ocrx_word' id='word_1_12' title='bbox 1692 743 1928 811; x_wconf 89' lang='lat' dir='ltr'>communiter</span> <span class='ocrx_word' id='word_1_13' title='bbox 1960 747 2105 812; x_wconf 83' lang='lat' dir='ltr'>abemus</span> <span class='ocrx_word' id='word_1_14' title='bbox 2137 743 2175 810; x_wconf 92' lang='lat' dir='ltr'>in</span> <span class='ocrx_word' id='word_1_15' title='bbox 2200 743 2404 830; x_wconf 87' lang='lat' dir='ltr'>supradicto</span> 
     </span>
     <span class='ocr_line' id='line_1_3' title="bbox 546 891 2406 987; baseline 0.002 -21"><span class='ocrx_word' id='word_1_16' title='bbox 546 899 640 987; x_wconf 90' lang='lat' dir='ltr'>loco,</span> <span class='ocrx_word' id='word_1_17' title='bbox 669 903 705 968; x_wconf 87' lang='lat' dir='ltr'>et</span> <span class='ocrx_word' id='word_1_18' title='bbox 729 897 822 985; x_wconf 92' lang='lat' dir='ltr'>quod</span> <span class='ocrx_word' id='word_1_19' title='bbox 845 897 948 962; x_wconf 90' lang='lat' dir='ltr'>nobis</span> <span class='ocrx_word' id='word_1_20' title='bbox 972 893 1129 981; x_wconf 82' lang='lat' dir='ltr'>pertinet</span> <span class='ocrx_word' id='word_1_21' title='bbox 1152 909 1215 980; x_wconf 90' lang='lat' dir='ltr'>per</span> <span class='ocrx_word' id='word_1_22' title='bbox 1240 909 1314 960; x_wconf 90' lang='lat' dir='ltr'>una</span> <span class='ocrx_word' id='word_1_23' title='bbox 1338 891 1481 960; x_wconf 88' lang='lat' dir='ltr'>cartula</span> <span class='ocrx_word' id='word_1_24' title='bbox 1503 893 1597 977; x_wconf 91' lang='lat' dir='ltr'>quod</span> <span class='ocrx_word' id='word_1_25' title='bbox 1619 895 1750 964; x_wconf 83' lang='lat' dir='ltr'>exinde</span> <span class='ocrx_word' id='word_1_26' title='bbox 1773 902 1863 984; x_wconf 90' lang='lat' dir='ltr'>aput</span> <span class='ocrx_word' id='word_1_27' title='bbox 1878 915 1943 964; x_wconf 88' lang='lat' dir='ltr'>nos</span> <span class='ocrx_word' id='word_1_28' title='bbox 1966 897 2146 966; x_wconf 85' lang='lat' dir='ltr'>firmatam</span> <span class='ocrx_word' id='word_1_29' title='bbox 2168 897 2363 966; x_wconf 87' lang='lat' dir='ltr'>retinemus</span> <span class='ocrx_word' id='word_1_30' title='bbox 2384 919 2406 970; x_wconf 87' lang='lat' dir='ltr'>a</span> 
     </span>
     <span class='ocr_line' id='line_1_4' title="bbox 553 1042 2404 1138; baseline -0.002 -18"><span class='ocrx_word' id='word_1_31' title='bbox 553 1069 637 1138; x_wconf 87' lang='lat' dir='ltr'>pars</span> <span class='ocrx_word' id='word_1_32' title='bbox 659 1048 866 1119; x_wconf 88' lang='lat' dir='ltr'>monasterii</span> <span class='ocrx_word' id='word_1_33' title='bbox 890 1046 1008 1116; x_wconf 87' lang='lat' dir='ltr'>sancti</span> <span class='ocrx_word' id='word_1_34' title='bbox 1031 1045 1126 1131; x_wconf 90' lang='lat' dir='ltr'>petri</span> <span class='ocrx_word' id='word_1_35' title='bbox 1149 1042 1312 1130; x_wconf 88' lang='lat' dir='ltr'>apostoli,</span> <span class='ocrx_word' id='word_1_36' title='bbox 1335 1043 1396 1129; x_wconf 90' lang='lat' dir='ltr'>qui</span> <span class='ocrx_word' id='word_1_37' title='bbox 1423 1043 1630 1113; x_wconf 84' lang='lat' dir='ltr'>edificatum</span> <span class='ocrx_word' id='word_1_38' title='bbox 1652 1051 1706 1114; x_wconf 89' lang='lat' dir='ltr'>est</span> <span class='ocrx_word' id='word_1_39' title='bbox 1728 1051 1835 1118; x_wconf 88' lang='lat' dir='ltr'>extra</span> <span class='ocrx_word' id='word_1_40' title='bbox 1857 1052 1893 1117; x_wconf 90' lang='lat' dir='ltr'>et</span> <span class='ocrx_word' id='word_1_41' title='bbox 1916 1047 2116 1135; x_wconf 90' lang='lat' dir='ltr'>propinquo</span> <span class='ocrx_word' id='word_1_42' title='bbox 2138 1051 2233 1118; x_wconf 89' lang='lat' dir='ltr'>hanc</span> <span class='ocrx_word' id='word_1_43' title='bbox 2257 1050 2404 1117; x_wconf 89' lang='lat' dir='ltr'>beneum</span> 
     </span>
     <span class='ocr_line' id='line_1_5' title="bbox 551 1196 2401 1287; baseline 0.001 -16"><span class='ocrx_word' id='word_1_44' title='bbox 551 1206 707 1275; x_wconf 88' lang='lat' dir='ltr'>cibitate</span> <span class='ocrx_word' id='word_1_45' title='bbox 730 1209 833 1272; x_wconf 89' lang='lat' dir='ltr'>trans</span> <span class='ocrx_word' id='word_1_46' title='bbox 856 1202 963 1272; x_wconf 83' lang='lat' dir='ltr'>flabio</span> <span class='ocrx_word' id='word_1_47' title='bbox 987 1199 1142 1286; x_wconf 74' lang='lat' dir='ltr'>sabbati,</span> <span class='ocrx_word' id='word_1_48' title='bbox 1166 1204 1203 1267; x_wconf 91' lang='lat' dir='ltr'>et</span> <span class='ocrx_word' id='word_1_49' title='bbox 1226 1199 1305 1266; x_wconf 92' lang='lat' dir='ltr'>ideo</span> <span class='ocrx_word' id='word_1_50' title='bbox 1327 1197 1475 1265; x_wconf 78' lang='lat' dir='ltr'>fecimus</span> <span class='ocrx_word' id='word_1_51' title='bbox 1498 1196 1709 1267; x_wconf 89' lang='lat' dir='ltr'>dibisionem</span> <span class='ocrx_word' id='word_1_52' title='bbox 1724 1199 1768 1268; x_wconf 91' lang='lat' dir='ltr'>de</span> <span class='ocrx_word' id='word_1_53' title='bbox 1784 1199 1863 1287; x_wconf 90' lang='lat' dir='ltr'>ipsa</span> <span class='ocrx_word' id='word_1_54' title='bbox 1884 1201 2009 1270; x_wconf 90' lang='lat' dir='ltr'>eadem</span> <span class='ocrx_word' id='word_1_55' title='bbox 2023 1204 2130 1268; x_wconf 90' lang='lat' dir='ltr'>rebus</span> <span class='ocrx_word' id='word_1_56' title='bbox 2153 1201 2259 1271; x_wconf 82' lang='lat' dir='ltr'>iuxta</span> <span class='ocrx_word' id='word_1_57' title='bbox 2281 1207 2401 1272; x_wconf 91' lang='lat' dir='ltr'>nostra</span> 
     </span>
     <span class='ocr_line' id='line_1_6' title="bbox 558 1347 2403 1442; baseline -0.002 -18"><span class='ocrx_word' id='word_1_58' title='bbox 558 1357 767 1442; x_wconf 88' lang='lat' dir='ltr'>bolumtate,</span> <span class='ocrx_word' id='word_1_59' title='bbox 791 1353 890 1422; x_wconf 88' lang='lat' dir='ltr'>velut</span> <span class='ocrx_word' id='word_1_60' title='bbox 914 1355 1009 1422; x_wconf 92' lang='lat' dir='ltr'>inter</span> <span class='ocrx_word' id='word_1_61' title='bbox 1031 1353 1134 1420; x_wconf 87' lang='lat' dir='ltr'>nobis</span> <span class='ocrx_word' id='word_1_62' title='bbox 1157 1348 1407 1418; x_wconf 90' lang='lat' dir='ltr'>conbenientia</span> <span class='ocrx_word' id='word_1_63' title='bbox 1431 1347 1514 1434; x_wconf 84' lang='lat' dir='ltr'>fuit3</span> <span class='ocrx_word' id='word_1_64' title='bbox 1538 1353 1575 1416; x_wconf 91' lang='lat' dir='ltr'>et</span> <span class='ocrx_word' id='word_1_65' title='bbox 1591 1351 1712 1420; x_wconf 87' lang='lat' dir='ltr'>statim</span> <span class='ocrx_word' id='word_1_66' title='bbox 1737 1349 1811 1437; x_wconf 89' lang='lat' dir='ltr'>ipse</span> <span class='ocrx_word' id='word_1_67' title='bbox 1835 1351 2025 1420; x_wconf 88' lang='lat' dir='ltr'>iamdictus</span> <span class='ocrx_word' id='word_1_68' title='bbox 2048 1353 2205 1421; x_wconf 90' lang='lat' dir='ltr'>martino</span> <span class='ocrx_word' id='word_1_69' title='bbox 2228 1354 2403 1439; x_wconf 82' lang='lat' dir='ltr'>presbiter</span> 
     </span>
     <span class='ocr_line' id='line_1_7' title="bbox 553 1502 2400 1592; baseline 0 -18"><span class='ocrx_word' id='word_1_70' title='bbox 553 1509 646 1577; x_wconf 89' lang='lat' dir='ltr'>bona</span> <span class='ocrx_word' id='word_1_71' title='bbox 668 1509 803 1575; x_wconf 81' lang='lat' dir='ltr'>etenim</span> <span class='ocrx_word' id='word_1_72' title='bbox 826 1525 892 1575; x_wconf 89' lang='lat' dir='ltr'>sua</span> <span class='ocrx_word' id='word_1_73' title='bbox 914 1505 1144 1572; x_wconf 84' lang='lat' dir='ltr'>volumtatem</span> <span class='ocrx_word' id='word_1_74' title='bbox 1168 1521 1232 1590; x_wconf 88' lang='lat' dir='ltr'>per</span> <span class='ocrx_word' id='word_1_75' title='bbox 1255 1502 1386 1570; x_wconf 77' lang='lat' dir='ltr'>fustem</span> <span class='ocrx_word' id='word_1_76' title='bbox 1401 1503 1439 1588; x_wconf 90' lang='lat'>¹),</span> <span class='ocrx_word' id='word_1_77' title='bbox 1457 1520 1526 1588; x_wconf 90' lang='lat' dir='ltr'>que</span> <span class='ocrx_word' id='word_1_78' title='bbox 1550 1503 1624 1569; x_wconf 92' lang='lat' dir='ltr'>suis</span> <span class='ocrx_word' id='word_1_79' title='bbox 1647 1505 1794 1572; x_wconf 90' lang='lat' dir='ltr'>tenebat</span> <span class='ocrx_word' id='word_1_80' title='bbox 1817 1504 1997 1591; x_wconf 89' lang='lat' dir='ltr'>manibus,</span> <span class='ocrx_word' id='word_1_81' title='bbox 2013 1505 2094 1573; x_wconf 91' lang='lat' dir='ltr'>dedi</span> <span class='ocrx_word' id='word_1_82' title='bbox 2110 1509 2146 1572; x_wconf 91' lang='lat' dir='ltr'>et</span> <span class='ocrx_word' id='word_1_83' title='bbox 2160 1504 2311 1574; x_wconf 82' lang='lat' dir='ltr'>tradidit</span> <span class='ocrx_word' id='word_1_84' title='bbox 2327 1505 2400 1592; x_wconf 89' lang='lat' dir='ltr'>ipse</span> 
     </span>
     <span class='ocr_line' id='line_1_8' title="bbox 548 1653 2397 1741; baseline -0.001 -14"><span class='ocrx_word' id='word_1_85' title='bbox 548 1659 658 1727; x_wconf 90' lang='lat' dir='ltr'>michi</span> <span class='ocrx_word' id='word_1_86' title='bbox 693 1659 731 1726; x_wconf 92' lang='lat' dir='ltr'>in</span> <span class='ocrx_word' id='word_1_87' title='bbox 764 1667 858 1728; x_wconf 91' lang='lat' dir='ltr'>sorte</span> <span class='ocrx_word' id='word_1_88' title='bbox 890 1660 933 1728; x_wconf 91' lang='lat' dir='ltr'>de</span> <span class='ocrx_word' id='word_1_89' title='bbox 957 1678 1002 1726; x_wconf 85' lang='lat' dir='ltr'>ex</span> <span class='ocrx_word' id='word_1_90' title='bbox 1025 1657 1149 1726; x_wconf 91' lang='lat' dir='ltr'>eadem</span> <span class='ocrx_word' id='word_1_91' title='bbox 1179 1657 1308 1741; x_wconf 77' lang='lat' dir='ltr'>rebuS,</span> <span class='ocrx_word' id='word_1_92' title='bbox 1340 1655 1498 1740; x_wconf 77' lang='lat' dir='ltr'>qualiter</span> <span class='ocrx_word' id='word_1_93' title='bbox 1521 1658 1575 1721; x_wconf 90' lang='lat' dir='ltr'>est</span> <span class='ocrx_word' id='word_1_94' title='bbox 1600 1653 1715 1722; x_wconf 90' lang='lat' dir='ltr'>bineis</span> <span class='ocrx_word' id='word_1_95' title='bbox 1739 1659 1775 1723; x_wconf 88' lang='lat' dir='ltr'>et</span> <span class='ocrx_word' id='word_1_96' title='bbox 1798 1656 1906 1723; x_wconf 87' lang='lat' dir='ltr'>terris</span> <span class='ocrx_word' id='word_1_97' title='bbox 1930 1676 2010 1724; x_wconf 89' lang='lat' dir='ltr'>oum</span> <span class='ocrx_word' id='word_1_98' title='bbox 2041 1655 2232 1725; x_wconf 87' lang='lat' dir='ltr'>arboribus</span> <span class='ocrx_word' id='word_1_99' title='bbox 2255 1658 2397 1726; x_wconf 91' lang='lat' dir='ltr'>omnino</span> 
     </span>
     <span class='ocr_line' id='line_1_9' title="bbox 550 1806 2406 1900; baseline 0.001 -20"><span class='ocrx_word' id='word_1_100' title='bbox 550 1813 730 1881; x_wconf 88' lang='lat' dir='ltr'>abendum</span> <span class='ocrx_word' id='word_1_101' title='bbox 753 1832 818 1900; x_wconf 82' lang='lat' dir='ltr'>ego</span> <span class='ocrx_word' id='word_1_102' title='bbox 841 1817 877 1880; x_wconf 93' lang='lat' dir='ltr'>et</span> <span class='ocrx_word' id='word_1_103' title='bbox 901 1813 989 1879; x_wconf 88' lang='lat' dir='ltr'>meis</span> <span class='ocrx_word' id='word_1_104' title='bbox 1012 1810 1215 1878; x_wconf 87' lang='lat' dir='ltr'>heredibus:</span> <span class='ocrx_word' id='word_1_105' title='bbox 1241 1809 1408 1895; x_wconf 88' lang='lat' dir='ltr'>primitus</span> <span class='ocrx_word' id='word_1_106' title='bbox 1432 1806 1577 1892; x_wconf 91' lang='lat' dir='ltr'>quidem</span> <span class='ocrx_word' id='word_1_107' title='bbox 1600 1807 1682 1874; x_wconf 92' lang='lat' dir='ltr'>dedi</span> <span class='ocrx_word' id='word_1_108' title='bbox 1706 1811 1742 1875; x_wconf 93' lang='lat' dir='ltr'>et</span> <span class='ocrx_word' id='word_1_109' title='bbox 1764 1808 1914 1877; x_wconf 89' lang='lat' dir='ltr'>tradidit</span> <span class='ocrx_word' id='word_1_110' title='bbox 1939 1809 2013 1896; x_wconf 89' lang='lat' dir='ltr'>ipse</span> <span class='ocrx_word' id='word_1_111' title='bbox 2038 1810 2148 1877; x_wconf 91' lang='lat' dir='ltr'>michi</span> <span class='ocrx_word' id='word_1_112' title='bbox 2165 1812 2205 1878; x_wconf 91' lang='lat' dir='ltr'>in</span> <span class='ocrx_word' id='word_1_113' title='bbox 2221 1815 2317 1880; x_wconf 87' lang='lat' dir='ltr'>sorte</span> <span class='ocrx_word' id='word_1_114' title='bbox 2336 1831 2406 1882; x_wconf 89' lang='lat' dir='ltr'>una</span> 
     </span>
     <span class='ocr_line' id='line_1_10' title="bbox 549 1958 2404 2054; baseline 0 -20"><span class='ocrx_word' id='word_1_115' title='bbox 549 1970 651 2054; x_wconf 83' lang='lat' dir='ltr'>pecta</span> <span class='ocrx_word' id='word_1_116' title='bbox 674 1968 717 2034; x_wconf 91' lang='lat' dir='ltr'>de</span> <span class='ocrx_word' id='word_1_117' title='bbox 742 1967 848 2036; x_wconf 87' lang='lat' dir='ltr'>vinea</span> <span class='ocrx_word' id='word_1_118' title='bbox 870 1971 907 2034; x_wconf 88' lang='lat' dir='ltr'>et</span> <span class='ocrx_word' id='word_1_119' title='bbox 931 1971 1030 2032; x_wconf 88' lang='lat' dir='ltr'>terra</span> <span class='ocrx_word' id='word_1_120' title='bbox 1054 1982 1136 2032; x_wconf 90' lang='lat' dir='ltr'>cum</span> <span class='ocrx_word' id='word_1_121' title='bbox 1159 1961 1362 2046; x_wconf 76' lang='lat' dir='ltr'>arboribuS,</span> <span class='ocrx_word' id='word_1_122' title='bbox 1385 1958 1541 2046; x_wconf 88' lang='lat' dir='ltr'>qualiter</span> <span class='ocrx_word' id='word_1_123' title='bbox 1565 1965 1619 2028; x_wconf 89' lang='lat' dir='ltr'>est</span> <span class='ocrx_word' id='word_1_124' title='bbox 1643 1978 1713 2026; x_wconf 93' lang='lat' dir='ltr'>uno</span> <span class='ocrx_word' id='word_1_125' title='bbox 1737 1960 1934 2029; x_wconf 82' lang='lat' dir='ltr'>lenientem</span> <span class='ocrx_word' id='word_1_126' title='bbox 1957 1981 2020 2049; x_wconf 91' lang='lat' dir='ltr'>per</span> <span class='ocrx_word' id='word_1_127' title='bbox 2044 1965 2109 2030; x_wconf 93' lang='lat' dir='ltr'>hec</span> <span class='ocrx_word' id='word_1_128' title='bbox 2132 1966 2217 2031; x_wconf 92' lang='lat' dir='ltr'>bero</span> <span class='ocrx_word' id='word_1_129' title='bbox 2240 1967 2337 2032; x_wconf 87' lang='lat' dir='ltr'>finis:</span> <span class='ocrx_word' id='word_1_130' title='bbox 2363 1966 2404 2034; x_wconf 92' lang='lat' dir='ltr'>de</span> 
     </span>
     <span class='ocr_line' id='line_1_11' title="bbox 547 2114 2406 2208; baseline -0.002 -20"><span class='ocrx_word' id='word_1_131' title='bbox 547 2122 664 2188; x_wconf 90' lang='lat' dir='ltr'>tribus</span> <span class='ocrx_word' id='word_1_132' title='bbox 687 2121 852 2208; x_wconf 87' lang='lat' dir='ltr'>partibus</span> <span class='ocrx_word' id='word_1_133' title='bbox 874 2121 959 2206; x_wconf 86' lang='lat' dir='ltr'>fine,</span> <span class='ocrx_word' id='word_1_134' title='bbox 984 2117 1155 2206; x_wconf 90' lang='lat' dir='ltr'>quomodo</span> <span class='ocrx_word' id='word_1_135' title='bbox 1179 2114 1439 2186; x_wconf 90' lang='lat' dir='ltr'>terminantum</span> <span class='ocrx_word' id='word_1_136' title='bbox 1462 2119 1517 2183; x_wconf 90' lang='lat' dir='ltr'>est</span> <span class='ocrx_word' id='word_1_137' title='bbox 1541 2114 1635 2183; x_wconf 88' lang='lat' dir='ltr'>inter</span> <span class='ocrx_word' id='word_1_138' title='bbox 1660 2117 1725 2182; x_wconf 92' lang='lat' dir='ltr'>hec</span> <span class='ocrx_word' id='word_1_139' title='bbox 1750 2119 1844 2182; x_wconf 90' lang='lat' dir='ltr'>sorte</span> <span class='ocrx_word' id='word_1_140' title='bbox 1868 2134 1948 2184; x_wconf 92' lang='lat' dir='ltr'>mea</span> <span class='ocrx_word' id='word_1_141' title='bbox 1970 2120 2006 2184; x_wconf 91' lang='lat' dir='ltr'>et</span> <span class='ocrx_word' id='word_1_142' title='bbox 2029 2119 2135 2184; x_wconf 89' lang='lat' dir='ltr'>rebus</span> <span class='ocrx_word' id='word_1_143' title='bbox 2158 2117 2310 2202; x_wconf 87' lang='lat' dir='ltr'>predicti</span> <span class='ocrx_word' id='word_1_144' title='bbox 2336 2137 2406 2186; x_wconf 95' lang='lat' dir='ltr'>mo-</span> 
     </span>
     <span class='ocr_line' id='line_1_12' title="bbox 545 2271 2402 2361; baseline 0.001 -21"><span class='ocrx_word' id='word_1_145' title='bbox 545 2274 709 2342; x_wconf 90' lang='lat' dir='ltr'>nasterii:</span> <span class='ocrx_word' id='word_1_146' title='bbox 736 2274 780 2342; x_wconf 91' lang='lat' dir='ltr'>de</span> <span class='ocrx_word' id='word_1_147' title='bbox 804 2279 936 2361; x_wconf 90' lang='lat' dir='ltr'>quarta</span> <span class='ocrx_word' id='word_1_148' title='bbox 968 2290 1122 2359; x_wconf 88' lang='lat' dir='ltr'>namque</span> <span class='ocrx_word' id='word_1_149' title='bbox 1153 2275 1255 2358; x_wconf 88' lang='lat' dir='ltr'>parte</span> <span class='ocrx_word' id='word_1_150' title='bbox 1279 2273 1350 2340; x_wconf 89' lang='lat' dir='ltr'>tlne</span> <span class='ocrx_word' id='word_1_151' title='bbox 1363 2319 1373 2355; x_wconf 89' lang='lat'>,</span> <span class='ocrx_word' id='word_1_152' title='bbox 1398 2271 1492 2338; x_wconf 88' lang='lat' dir='ltr'>sicut</span> <span class='ocrx_word' id='word_1_153' title='bbox 1515 2272 1663 2339; x_wconf 88' lang='lat' dir='ltr'>termini</span> <span class='ocrx_word' id='word_1_154' title='bbox 1694 2271 1800 2357; x_wconf 90' lang='lat' dir='ltr'>positi</span> <span class='ocrx_word' id='word_1_155' title='bbox 1826 2275 1910 2338; x_wconf 90' lang='lat' dir='ltr'>sunt</span> <span class='ocrx_word' id='word_1_156' title='bbox 1933 2271 2028 2340; x_wconf 88' lang='lat' dir='ltr'>inter</span> <span class='ocrx_word' id='word_1_157' title='bbox 2053 2273 2118 2338; x_wconf 87' lang='lat' dir='ltr'>hec</span> <span class='ocrx_word' id='word_1_158' title='bbox 2141 2276 2238 2341; x_wconf 89' lang='lat' dir='ltr'>sorte</span> <span class='ocrx_word' id='word_1_159' title='bbox 2261 2293 2342 2344; x_wconf 90' lang='lat' dir='ltr'>mea</span> <span class='ocrx_word' id='word_1_160' title='bbox 2363 2282 2402 2343; x_wconf 88' lang='lat' dir='ltr'>et</span> 
     </span>
     <span class='ocr_line' id='line_1_13' title="bbox 544 2421 2403 2515; baseline 0.002 -22"><span class='ocrx_word' id='word_1_161' title='bbox 544 2433 638 2496; x_wconf 86' lang='lat' dir='ltr'>sorte</span> <span class='ocrx_word' id='word_1_162' title='bbox 662 2430 796 2515; x_wconf 90' lang='lat' dir='ltr'>ipsius,</span> <span class='ocrx_word' id='word_1_163' title='bbox 823 2429 916 2515; x_wconf 93' lang='lat' dir='ltr'>quod</span> <span class='ocrx_word' id='word_1_164' title='bbox 939 2449 961 2496; x_wconf 90' lang='lat' dir='ltr'>a</span> <span class='ocrx_word' id='word_1_165' title='bbox 985 2447 1040 2496; x_wconf 92' lang='lat' dir='ltr'>me</span> <span class='ocrx_word' id='word_1_166' title='bbox 1063 2427 1095 2496; x_wconf 92' lang='lat' dir='ltr'>ei</span> <span class='ocrx_word' id='word_1_167' title='bbox 1122 2430 1160 2495; x_wconf 91' lang='lat' dir='ltr'>in</span> <span class='ocrx_word' id='word_1_168' title='bbox 1184 2432 1279 2494; x_wconf 91' lang='lat' dir='ltr'>sorte</span> <span class='ocrx_word' id='word_1_169' title='bbox 1303 2424 1423 2494; x_wconf 87' lang='lat' dir='ltr'>evenit</span> <span class='ocrx_word' id='word_1_170' title='bbox 1446 2428 1482 2492; x_wconf 94' lang='lat' dir='ltr'>et</span> <span class='ocrx_word' id='word_1_171' title='bbox 1506 2424 1734 2510; x_wconf 81' lang='lat' dir='ltr'>reconiungit</span> <span class='ocrx_word' id='word_1_172' title='bbox 1758 2442 1794 2490; x_wconf 90' lang='lat' dir='ltr'>se</span> <span class='ocrx_word' id='word_1_173' title='bbox 1820 2421 1859 2489; x_wconf 92' lang='lat' dir='ltr'>in</span> <span class='ocrx_word' id='word_1_174' title='bbox 1882 2423 2005 2492; x_wconf 92' lang='lat' dir='ltr'>eadem</span> <span class='ocrx_word' id='word_1_175' title='bbox 2030 2427 2136 2492; x_wconf 91' lang='lat' dir='ltr'>rebus</span> <span class='ocrx_word' id='word_1_176' title='bbox 2160 2426 2275 2494; x_wconf 89' lang='lat' dir='ltr'>eidem</span> <span class='ocrx_word' id='word_1_177' title='bbox 2298 2447 2403 2496; x_wconf 88' lang='lat' dir='ltr'>ceno·</span> 
     </span>
     <span class='ocr_line' id='line_1_14' title="bbox 551 2576 2407 2668; baseline 0.002 -22"><span class='ocrx_word' id='word_1_178' title='bbox 551 2580 616 2665; x_wconf 84' lang='lat' dir='ltr'>oii;</span> <span class='ocrx_word' id='word_1_179' title='bbox 640 2587 677 2649; x_wconf 93' lang='lat' dir='ltr'>ct</span> <span class='ocrx_word' id='word_1_180' title='bbox 700 2599 740 2648; x_wconf 92' lang='lat' dir='ltr'>oc</span> <span class='ocrx_word' id='word_1_181' title='bbox 762 2582 924 2667; x_wconf 89' lang='lat' dir='ltr'>declaro,</span> <span class='ocrx_word' id='word_1_182' title='bbox 948 2579 1037 2666; x_wconf 91' lang='lat' dir='ltr'>quia</span> <span class='ocrx_word' id='word_1_183' title='bbox 1061 2579 1157 2646; x_wconf 81' lang='lat' dir='ltr'>inira</span> <span class='ocrx_word' id='word_1_184' title='bbox 1179 2578 1302 2646; x_wconf 89' lang='lat' dir='ltr'>eadem</span> <span class='ocrx_word' id='word_1_185' title='bbox 1326 2581 1421 2645; x_wconf 89' lang='lat' dir='ltr'>sorte</span> <span class='ocrx_word' id='word_1_186' title='bbox 1446 2595 1526 2644; x_wconf 90' lang='lat' dir='ltr'>mea</span> <span class='ocrx_word' id='word_1_187' title='bbox 1549 2576 1736 2644; x_wconf 82' lang='lat' dir='ltr'>descendet</span> <span class='ocrx_word' id='word_1_188' title='bbox 1761 2577 1959 2663; x_wconf 88' lang='lat' dir='ltr'>aqueducto</span> <span class='ocrx_word' id='word_1_189' title='bbox 1989 2596 2052 2663; x_wconf 92' lang='lat' dir='ltr'>per</span> <span class='ocrx_word' id='word_1_190' title='bbox 2076 2585 2234 2666; x_wconf 90' lang='lat' dir='ltr'>tempore</span> <span class='ocrx_word' id='word_1_191' title='bbox 2258 2583 2407 2668; x_wconf 91' lang='lat' dir='ltr'>ibernii;</span> 
     </span>
     <span class='ocr_line' id='line_1_15' title="bbox 547 2729 2404 2821; baseline 0 -19"><span class='ocrx_word' id='word_1_192' title='bbox 547 2753 655 2821; x_wconf 89' lang='lat' dir='ltr'>super</span> <span class='ocrx_word' id='word_1_193' title='bbox 680 2737 745 2803; x_wconf 91' lang='lat' dir='ltr'>hoc</span> <span class='ocrx_word' id='word_1_194' title='bbox 768 2741 885 2804; x_wconf 90' lang='lat' dir='ltr'>autem</span> <span class='ocrx_word' id='word_1_195' title='bbox 912 2735 992 2802; x_wconf 91' lang='lat' dir='ltr'>dedi</span> <span class='ocrx_word' id='word_1_196' title='bbox 1016 2740 1052 2802; x_wconf 91' lang='lat' dir='ltr'>et</span> <span class='ocrx_word' id='word_1_197' title='bbox 1075 2733 1225 2802; x_wconf 85' lang='lat' dir='ltr'>tradidit</span> <span class='ocrx_word' id='word_1_198' title='bbox 1247 2733 1321 2818; x_wconf 88' lang='lat' dir='ltr'>ipse</span> <span class='ocrx_word' id='word_1_199' title='bbox 1353 2730 1462 2798; x_wconf 90' lang='lat' dir='ltr'>michi</span> <span class='ocrx_word' id='word_1_200' title='bbox 1487 2731 1526 2796; x_wconf 90' lang='lat' dir='ltr'>in</span> <span class='ocrx_word' id='word_1_201' title='bbox 1549 2735 1642 2796; x_wconf 90' lang='lat' dir='ltr'>sorte</span> <span class='ocrx_word' id='word_1_202' title='bbox 1667 2747 1738 2795; x_wconf 91' lang='lat' dir='ltr'>uno</span> <span class='ocrx_word' id='word_1_203' title='bbox 1761 2729 1902 2814; x_wconf 89' lang='lat' dir='ltr'>pastino</span> <span class='ocrx_word' id='word_1_204' title='bbox 1924 2734 1961 2796; x_wconf 92' lang='lat' dir='ltr'>et</span> <span class='ocrx_word' id='word_1_205' title='bbox 1984 2735 2083 2799; x_wconf 89' lang='lat' dir='ltr'>terra</span> <span class='ocrx_word' id='word_1_206' title='bbox 2106 2751 2187 2799; x_wconf 94' lang='lat' dir='ltr'>cum</span> <span class='ocrx_word' id='word_1_207' title='bbox 2211 2737 2404 2803; x_wconf 89' lang='lat' dir='ltr'>arboribus</span> 
     </span>
     <span class='ocr_line' id='line_1_16' title="bbox 547 2883 2404 2973; baseline 0 -18"><span class='ocrx_word' id='word_1_208' title='bbox 547 2887 609 2973; x_wconf 88' lang='lat' dir='ltr'>qui</span> <span class='ocrx_word' id='word_1_209' title='bbox 633 2894 686 2957; x_wconf 90' lang='lat' dir='ltr'>est</span> <span class='ocrx_word' id='word_1_210' title='bbox 709 2907 780 2955; x_wconf 93' lang='lat' dir='ltr'>uno</span> <span class='ocrx_word' id='word_1_211' title='bbox 803 2887 962 2956; x_wconf 91' lang='lat' dir='ltr'>teniente</span> <span class='ocrx_word' id='word_1_212' title='bbox 987 2885 1083 2954; x_wconf 86' lang='lat' dir='ltr'>infra</span> <span class='ocrx_word' id='word_1_213' title='bbox 1114 2888 1178 2952; x_wconf 89' lang='lat' dir='ltr'>hec</span> <span class='ocrx_word' id='word_1_214' title='bbox 1204 2883 1298 2950; x_wconf 85' lang='lat' dir='ltr'>finis:</span> <span class='ocrx_word' id='word_1_215' title='bbox 1323 2884 1367 2950; x_wconf 93' lang='lat' dir='ltr'>de</span> <span class='ocrx_word' id='word_1_216' title='bbox 1390 2900 1461 2948; x_wconf 93' lang='lat' dir='ltr'>uno</span> <span class='ocrx_word' id='word_1_217' title='bbox 1485 2884 1596 2952; x_wconf 90' lang='lat' dir='ltr'>latere</span> <span class='ocrx_word' id='word_1_218' title='bbox 1620 2883 1714 2950; x_wconf 92' lang='lat' dir='ltr'>etde</span> <span class='ocrx_word' id='word_1_219' title='bbox 1732 2899 1888 2969; x_wconf 87' lang='lat' dir='ltr'>suprano</span> <span class='ocrx_word' id='word_1_220' title='bbox 1904 2884 2024 2969; x_wconf 87' lang='lat' dir='ltr'>capite</span> <span class='ocrx_word' id='word_1_221' title='bbox 2042 2885 2126 2969; x_wconf 87' lang='lat' dir='ltr'>fine,</span> <span class='ocrx_word' id='word_1_222' title='bbox 2143 2888 2236 2954; x_wconf 89' lang='lat' dir='ltr'>sicut</span> <span class='ocrx_word' id='word_1_223' title='bbox 2252 2889 2404 2955; x_wconf 89' lang='lat' dir='ltr'>termini</span> 
     </span>
     <span class='ocr_line' id='line_1_17' title="bbox 546 3037 2404 3127; baseline 0.003 -20"><span class='ocrx_word' id='word_1_224' title='bbox 546 3041 651 3127; x_wconf 89' lang='lat' dir='ltr'>positi</span> <span class='ocrx_word' id='word_1_225' title='bbox 664 3046 749 3110; x_wconf 90' lang='lat' dir='ltr'>sunt</span> <span class='ocrx_word' id='word_1_226' title='bbox 763 3042 859 3110; x_wconf 90' lang='lat' dir='ltr'>inter</span> <span class='ocrx_word' id='word_1_227' title='bbox 876 3043 941 3108; x_wconf 89' lang='lat' dir='ltr'>hec</span> <span class='ocrx_word' id='word_1_228' title='bbox 957 3045 1049 3108; x_wconf 88' lang='lat' dir='ltr'>sorte</span> <span class='ocrx_word' id='word_1_229' title='bbox 1065 3059 1143 3110; x_wconf 90' lang='lat' dir='ltr'>mea</span> <span class='ocrx_word' id='word_1_230' title='bbox 1155 3049 1190 3108; x_wconf 88' lang='lat' dir='ltr'>et</span> <span class='ocrx_word' id='word_1_231' title='bbox 1204 3044 1310 3109; x_wconf 91' lang='lat' dir='ltr'>rebus</span> <span class='ocrx_word' id='word_1_232' title='bbox 1326 3039 1525 3124; x_wconf 89' lang='lat' dir='ltr'>supradicti</span> <span class='ocrx_word' id='word_1_233' title='bbox 1543 3037 1765 3108; x_wconf 90' lang='lat' dir='ltr'>monasterii:</span> <span class='ocrx_word' id='word_1_234' title='bbox 1784 3040 1827 3107; x_wconf 92' lang='lat' dir='ltr'>de</span> <span class='ocrx_word' id='word_1_235' title='bbox 1843 3041 1953 3107; x_wconf 89' lang='lat' dir='ltr'>tertia</span> <span class='ocrx_word' id='word_1_236' title='bbox 1969 3059 2053 3107; x_wconf 92' lang='lat' dir='ltr'>vero</span> <span class='ocrx_word' id='word_1_237' title='bbox 2069 3047 2170 3126; x_wconf 89' lang='lat' dir='ltr'>parte</span> <span class='ocrx_word' id='word_1_238' title='bbox 2188 3045 2259 3111; x_wconf 86' lang='lat' dir='ltr'>fine</span> <span class='ocrx_word' id='word_1_239' title='bbox 2272 3042 2404 3113; x_wconf 85' lang='lat' dir='ltr'>iterum</span> 
     </span>
     <span class='ocr_line' id='line_1_18' title="bbox 548 3190 2407 3282; baseline 0.001 -21"><span class='ocrx_word' id='word_1_240' title='bbox 548 3193 644 3262; x_wconf 89' lang='lat' dir='ltr'>sicut</span> <span class='ocrx_word' id='word_1_241' title='bbox 659 3195 804 3262; x_wconf 88' lang='lat' dir='ltr'>termini</span> <span class='ocrx_word' id='word_1_242' title='bbox 822 3195 928 3280; x_wconf 88' lang='lat' dir='ltr'>positi</span> <span class='ocrx_word' id='word_1_243' title='bbox 944 3198 1029 3261; x_wconf 90' lang='lat' dir='ltr'>sunt</span> <span class='ocrx_word' id='word_1_244' title='bbox 1043 3197 1183 3263; x_wconf 84' lang='lat' dir='ltr'>erebus</span> <span class='ocrx_word' id='word_1_245' title='bbox 1199 3193 1357 3261; x_wconf 88' lang='lat' dir='ltr'>eiusdem</span> <span class='ocrx_word' id='word_1_246' title='bbox 1373 3191 1527 3278; x_wconf 90' lang='lat' dir='ltr'>cenobii,</span> <span class='ocrx_word' id='word_1_247' title='bbox 1544 3195 1580 3258; x_wconf 93' lang='lat' dir='ltr'>et</span> <span class='ocrx_word' id='word_1_248' title='bbox 1596 3195 1732 3258; x_wconf 91' lang='lat' dir='ltr'>rectum</span> <span class='ocrx_word' id='word_1_249' title='bbox 1748 3190 1981 3259; x_wconf 89' lang='lat' dir='ltr'>descendente</span> <span class='ocrx_word' id='word_1_250' title='bbox 1995 3192 2034 3259; x_wconf 88' lang='lat' dir='ltr'>in</span> <span class='ocrx_word' id='word_1_251' title='bbox 2049 3194 2125 3279; x_wconf 89' lang='lat' dir='ltr'>ipsa</span> <span class='ocrx_word' id='word_1_252' title='bbox 2137 3195 2303 3282; x_wconf 81' lang='lat' dir='ltr'>fontana,</span> <span class='ocrx_word' id='word_1_253' title='bbox 2313 3197 2407 3282; x_wconf 90' lang='lat' dir='ltr'>quod</span> 
     </span>
     <span class='ocr_line' id='line_1_19' title="bbox 545 3344 2404 3437; baseline 0.001 -22"><span class='ocrx_word' id='word_1_254' title='bbox 545 3364 731 3415; x_wconf 89' lang='lat' dir='ltr'>commune</span> <span class='ocrx_word' id='word_1_255' title='bbox 749 3348 844 3415; x_wconf 87' lang='lat' dir='ltr'>inter</span> <span class='ocrx_word' id='word_1_256' title='bbox 859 3364 923 3415; x_wconf 91' lang='lat' dir='ltr'>nos</span> <span class='ocrx_word' id='word_1_257' title='bbox 938 3347 1213 3432; x_wconf 61' lang='lat' dir='ltr'>reserbabimus</span> <span class='ocrx_word' id='word_1_258' title='bbox 1232 3348 1277 3413; x_wconf 91' lang='lat' dir='ltr'>ab</span> <span class='ocrx_word' id='word_1_259' title='bbox 1296 3345 1374 3432; x_wconf 89' lang='lat' dir='ltr'>ipsa</span> <span class='ocrx_word' id='word_1_260' title='bbox 1391 3345 1515 3412; x_wconf 89' lang='lat' dir='ltr'>eadem</span> <span class='ocrx_word' id='word_1_261' title='bbox 1530 3344 1677 3412; x_wconf 80' lang='lat' dir='ltr'>fontana</span> <span class='ocrx_word' id='word_1_262' title='bbox 1701 3345 1905 3412; x_wconf 87' lang='lat' dir='ltr'>rebolbente</span> <span class='ocrx_word' id='word_1_263' title='bbox 1922 3353 1959 3412; x_wconf 89' lang='lat' dir='ltr'>et</span> <span class='ocrx_word' id='word_1_264' title='bbox 1972 3347 2128 3432; x_wconf 87' lang='lat' dir='ltr'>qualiter</span> <span class='ocrx_word' id='word_1_265' title='bbox 2145 3347 2244 3416; x_wconf 90' lang='lat' dir='ltr'>vadit</span> <span class='ocrx_word' id='word_1_266' title='bbox 2256 3369 2320 3436; x_wconf 92' lang='lat' dir='ltr'>per</span> <span class='ocrx_word' id='word_1_267' title='bbox 2336 3351 2404 3437; x_wconf 92' lang='lat' dir='ltr'>ipsi</span> 
     </span>
     <span class='ocr_line' id='line_1_20' title="bbox 543 3497 2404 3588; baseline 0.002 -18"><span class='ocrx_word' id='word_1_268' title='bbox 543 3503 705 3588; x_wconf 88' lang='lat' dir='ltr'>termini,</span> <span class='ocrx_word' id='word_1_269' title='bbox 729 3503 791 3588; x_wconf 93' lang='lat' dir='ltr'>qui</span> <span class='ocrx_word' id='word_1_270' title='bbox 816 3502 921 3588; x_wconf 87' lang='lat' dir='ltr'>positi</span> <span class='ocrx_word' id='word_1_271' title='bbox 947 3508 1031 3570; x_wconf 87' lang='lat' dir='ltr'>sunt</span> <span class='ocrx_word' id='word_1_272' title='bbox 1055 3503 1150 3570; x_wconf 89' lang='lat' dir='ltr'>inter</span> <span class='ocrx_word' id='word_1_273' title='bbox 1168 3503 1232 3568; x_wconf 88' lang='lat' dir='ltr'>hec</span> <span class='ocrx_word' id='word_1_274' title='bbox 1250 3504 1344 3567; x_wconf 90' lang='lat' dir='ltr'>sorte</span> <span class='ocrx_word' id='word_1_275' title='bbox 1369 3518 1448 3567; x_wconf 92' lang='lat' dir='ltr'>mea</span> <span class='ocrx_word' id='word_1_276' title='bbox 1472 3503 1508 3567; x_wconf 89' lang='lat' dir='ltr'>et</span> <span class='ocrx_word' id='word_1_277' title='bbox 1532 3502 1625 3565; x_wconf 93' lang='lat' dir='ltr'>sorte</span> <span class='ocrx_word' id='word_1_278' title='bbox 1648 3497 1773 3583; x_wconf 88' lang='lat' dir='ltr'>ipsius,</span> <span class='ocrx_word' id='word_1_279' title='bbox 1789 3502 1825 3565; x_wconf 91' lang='lat' dir='ltr'>et</span> <span class='ocrx_word' id='word_1_280' title='bbox 1842 3499 2143 3585; x_wconf 84' lang='lat' dir='ltr'>reconiungentes</span> <span class='ocrx_word' id='word_1_281' title='bbox 2158 3520 2195 3568; x_wconf 91' lang='lat' dir='ltr'>se</span> <span class='ocrx_word' id='word_1_282' title='bbox 2214 3503 2254 3569; x_wconf 91' lang='lat' dir='ltr'>in</span> <span class='ocrx_word' id='word_1_283' title='bbox 2271 3501 2404 3574; x_wconf 87' lang='lat' dir='ltr'>isdicta</span> 
     </span>
     <span class='ocr_line' id='line_1_21' title="bbox 548 3651 2404 3742; baseline 0.003 -20"><span class='ocrx_word' id='word_1_284' title='bbox 548 3657 656 3725; x_wconf 89' lang='lat' dir='ltr'>rebus</span> <span class='ocrx_word' id='word_1_285' title='bbox 687 3655 804 3724; x_wconf 87' lang='lat' dir='ltr'>sancti</span> <span class='ocrx_word' id='word_1_286' title='bbox 835 3656 928 3741; x_wconf 91' lang='lat' dir='ltr'>petri</span> <span class='ocrx_word' id='word_1_287' title='bbox 960 3657 1030 3723; x_wconf 84' lang='lat' dir='ltr'>fine</span> <span class='ocrx_word' id='word_1_288' title='bbox 1062 3654 1226 3740; x_wconf 91' lang='lat' dir='ltr'>prioras;</span> <span class='ocrx_word' id='word_1_289' title='bbox 1250 3657 1287 3720; x_wconf 90' lang='lat' dir='ltr'>et</span> <span class='ocrx_word' id='word_1_290' title='bbox 1310 3651 1573 3720; x_wconf 90' lang='lat' dir='ltr'>reserbabimus</span> <span class='ocrx_word' id='word_1_291' title='bbox 1597 3653 1691 3719; x_wconf 91' lang='lat' dir='ltr'>inter</span> <span class='ocrx_word' id='word_1_292' title='bbox 1715 3670 1779 3718; x_wconf 91' lang='lat' dir='ltr'>nos</span> <span class='ocrx_word' id='word_1_293' title='bbox 1804 3654 1862 3722; x_wconf 89' lang='lat' dir='ltr'>bia</span> <span class='ocrx_word' id='word_1_294' title='bbox 1885 3657 1920 3721; x_wconf 91' lang='lat' dir='ltr'>et</span> <span class='ocrx_word' id='word_1_295' title='bbox 1943 3655 2067 3722; x_wconf 89' lang='lat' dir='ltr'>andito</span> <span class='ocrx_word' id='word_1_296' title='bbox 2090 3673 2153 3741; x_wconf 89' lang='lat' dir='ltr'>per</span> <span class='ocrx_word' id='word_1_297' title='bbox 2178 3657 2256 3742; x_wconf 89' lang='lat' dir='ltr'>ipsa</span> <span class='ocrx_word' id='word_1_298' title='bbox 2279 3659 2404 3726; x_wconf 89' lang='lat' dir='ltr'>eadem</span> 
     </span>
     <span class='ocr_line' id='line_1_22' title="bbox 544 3804 2405 3894; baseline 0.001 -18"><span class='ocrx_word' id='word_1_299' title='bbox 544 3813 639 3876; x_wconf 90' lang='lat' dir='ltr'>sorte</span> <span class='ocrx_word' id='word_1_300' title='bbox 664 3828 729 3877; x_wconf 87' lang='lat' dir='ltr'>sua</span> <span class='ocrx_word' id='word_1_301' title='bbox 753 3808 932 3893; x_wconf 89' lang='lat' dir='ltr'>usquead</span> <span class='ocrx_word' id='word_1_302' title='bbox 956 3809 1033 3894; x_wconf 89' lang='lat' dir='ltr'>ipsa</span> <span class='ocrx_word' id='word_1_303' title='bbox 1058 3807 1225 3874; x_wconf 87' lang='lat' dir='ltr'>iamdicta</span> <span class='ocrx_word' id='word_1_304' title='bbox 1251 3806 1413 3890; x_wconf 83' lang='lat' dir='ltr'>fontana,</span> <span class='ocrx_word' id='word_1_305' title='bbox 1439 3805 1486 3871; x_wconf 91' lang='lat' dir='ltr'>ud</span> <span class='ocrx_word' id='word_1_306' title='bbox 1509 3804 1605 3870; x_wconf 92' lang='lat' dir='ltr'>omni</span> <span class='ocrx_word' id='word_1_307' title='bbox 1633 3807 1887 3890; x_wconf 88' lang='lat' dir='ltr'>temporetam</span> <span class='ocrx_word' id='word_1_308' title='bbox 1911 3823 1977 3893; x_wconf 84' lang='lat' dir='ltr'>ego</span> <span class='ocrx_word' id='word_1_309' title='bbox 2000 3826 2107 3892; x_wconf 87' lang='lat' dir='ltr'>quam</span> <span class='ocrx_word' id='word_1_310' title='bbox 2131 3813 2166 3874; x_wconf 87' lang='lat' dir='ltr'>et</span> <span class='ocrx_word' id='word_1_311' title='bbox 2190 3810 2278 3876; x_wconf 90' lang='lat' dir='ltr'>meis</span> <span class='ocrx_word' id='word_1_312' title='bbox 2303 3813 2405 3878; x_wconf 89' lang='lat' dir='ltr'>here-</span> 
     </span>
     <span class='ocr_line' id='line_1_23' title="bbox 543 3957 2401 4048; baseline 0.001 -19"><span class='ocrx_word' id='word_1_313' title='bbox 543 3963 662 4048; x_wconf 89' lang='lat' dir='ltr'>dibus,</span> <span class='ocrx_word' id='word_1_314' title='bbox 686 3980 749 4029; x_wconf 91' lang='lat' dir='ltr'>seu</span> <span class='ocrx_word' id='word_1_315' title='bbox 764 3967 800 4029; x_wconf 89' lang='lat' dir='ltr'>et</span> <span class='ocrx_word' id='word_1_316' title='bbox 816 3961 916 4028; x_wconf 87' lang='lat' dir='ltr'>missi</span> <span class='ocrx_word' id='word_1_317' title='bbox 941 3961 1067 4044; x_wconf 89' lang='lat' dir='ltr'>nostri,</span> <span class='ocrx_word' id='word_1_318' title='bbox 1093 3962 1302 4044; x_wconf 87' lang='lat' dir='ltr'>potestatem</span> <span class='ocrx_word' id='word_1_319' title='bbox 1325 3959 1494 4025; x_wconf 87' lang='lat' dir='ltr'>abeamus</span> <span class='ocrx_word' id='word_1_320' title='bbox 1520 3957 1672 4044; x_wconf 90' lang='lat' dir='ltr'>indeque</span> <span class='ocrx_word' id='word_1_321' title='bbox 1696 3959 1884 4046; x_wconf 84' lang='lat' dir='ltr'>ingredere</span> <span class='ocrx_word' id='word_1_322' title='bbox 1899 3963 1935 4028; x_wconf 93' lang='lat' dir='ltr'>et</span> <span class='ocrx_word' id='word_1_323' title='bbox 1952 3961 2121 4046; x_wconf 82' lang='lat' dir='ltr'>egredere</span> <span class='ocrx_word' id='word_1_324' title='bbox 2137 3979 2220 4028; x_wconf 90' lang='lat' dir='ltr'>cum</span> <span class='ocrx_word' id='word_1_325' title='bbox 2234 3963 2401 4030; x_wconf 88' lang='lat' dir='ltr'>omnibus</span> 
     </span>
     <span class='ocr_line' id='line_1_24' title="bbox 544 4111 2403 4203; baseline 0 -21"><span class='ocrx_word' id='word_1_326' title='bbox 544 4116 681 4183; x_wconf 88' lang='lat' dir='ltr'>nostris</span> <span class='ocrx_word' id='word_1_327' title='bbox 705 4115 994 4202; x_wconf 83' lang='lat' dir='ltr'>congruitatibus</span> <span class='ocrx_word' id='word_1_328' title='bbox 1026 4130 1136 4198; x_wconf 89' lang='lat' dir='ltr'>usque</span> <span class='ocrx_word' id='word_1_329' title='bbox 1161 4112 1206 4179; x_wconf 92' lang='lat' dir='ltr'>ad</span> <span class='ocrx_word' id='word_1_330' title='bbox 1230 4111 1308 4198; x_wconf 88' lang='lat' dir='ltr'>ipsa</span> <span class='ocrx_word' id='word_1_331' title='bbox 1331 4111 1503 4179; x_wconf 87' lang='lat' dir='ltr'>iamdicta</span> <span class='ocrx_word' id='word_1_332' title='bbox 1534 4112 1694 4179; x_wconf 85' lang='lat' dir='ltr'>fontana.</span> <span class='ocrx_word' id='word_1_333' title='bbox 1721 4112 1819 4180; x_wconf 83' lang='lat' dir='ltr'>Infra</span> <span class='ocrx_word' id='word_1_334' title='bbox 1842 4115 1907 4180; x_wconf 92' lang='lat' dir='ltr'>hec</span> <span class='ocrx_word' id='word_1_335' title='bbox 1931 4131 2014 4180; x_wconf 90' lang='lat' dir='ltr'>vero</span> <span class='ocrx_word' id='word_1_336' title='bbox 2037 4113 2139 4200; x_wconf 76' lang='lat' dir='ltr'>finiS,</span> <span class='ocrx_word' id='word_1_337' title='bbox 2170 4115 2265 4183; x_wconf 90' lang='lat' dir='ltr'>sicut</span> <span class='ocrx_word' id='word_1_338' title='bbox 2289 4117 2403 4203; x_wconf 91' lang='lat' dir='ltr'>prele-</span> 
     </span>
     <span class='ocr_line' id='line_1_25' title="bbox 541 4261 2403 4357; baseline -0.004 -22"><span class='ocrx_word' id='word_1_339' title='bbox 541 4270 656 4357; x_wconf 84' lang='lat' dir='ltr'>gitur,</span> <span class='ocrx_word' id='word_1_340' title='bbox 682 4287 747 4335; x_wconf 90' lang='lat' dir='ltr'>nec</span> <span class='ocrx_word' id='word_1_341' title='bbox 772 4268 841 4334; x_wconf 91' lang='lat' dir='ltr'>sibi</span> <span class='ocrx_word' id='word_1_342' title='bbox 865 4269 928 4353; x_wconf 89' lang='lat' dir='ltr'>qui</span> <span class='ocrx_word' id='word_1_343' title='bbox 953 4285 1075 4353; x_wconf 85' lang='lat' dir='ltr'>supra,</span> <span class='ocrx_word' id='word_1_344' title='bbox 1093 4284 1158 4332; x_wconf 91' lang='lat' dir='ltr'>nec</span> <span class='ocrx_word' id='word_1_345' title='bbox 1183 4264 1227 4333; x_wconf 90' lang='lat' dir='ltr'>ad</span> <span class='ocrx_word' id='word_1_346' title='bbox 1242 4264 1407 4330; x_wconf 81' lang='lat' dir='ltr'>enodibus</span> <span class='ocrx_word' id='word_1_347' title='bbox 1424 4261 1511 4348; x_wconf 78' lang='lat' dir='ltr'>soie,</span> <span class='ocrx_word' id='word_1_348' title='bbox 1528 4281 1593 4328; x_wconf 89' lang='lat' dir='ltr'>neo</span> <span class='ocrx_word' id='word_1_349' title='bbox 1609 4263 1820 4347; x_wconf 87' lang='lat' dir='ltr'>cuicumque</span> <span class='ocrx_word' id='word_1_350' title='bbox 1836 4264 1941 4331; x_wconf 88' lang='lat' dir='ltr'>alteri</span> <span class='ocrx_word' id='word_1_351' title='bbox 1964 4265 2101 4330; x_wconf 89' lang='lat' dir='ltr'>homini</span> <span class='ocrx_word' id='word_1_352' title='bbox 2118 4265 2251 4333; x_wconf 90' lang='lat' dir='ltr'>nullam</span> <span class='ocrx_word' id='word_1_353' title='bbox 2270 4267 2403 4334; x_wconf 78' lang='lat' dir='ltr'>exindo</span> 
     </span>
     <span class='ocr_line' id='line_1_26' title="bbox 547 4411 2402 4508; baseline -0.002 -20"><span class='ocrx_word' id='word_1_354' title='bbox 547 4422 758 4508; x_wconf 89' lang='lat' dir='ltr'>reserbabit,</span> <span class='ocrx_word' id='word_1_355' title='bbox 782 4424 835 4488; x_wconf 91' lang='lat' dir='ltr'>set</span> <span class='ocrx_word' id='word_1_356' title='bbox 859 4437 932 4488; x_wconf 93' lang='lat' dir='ltr'>una</span> <span class='ocrx_word' id='word_1_357' title='bbox 956 4437 1037 4486; x_wconf 89' lang='lat' dir='ltr'>cum</span> <span class='ocrx_word' id='word_1_358' title='bbox 1061 4418 1213 4485; x_wconf 79' lang='lat' dir='ltr'>interius</span> <span class='ocrx_word' id='word_1_359' title='bbox 1237 4422 1272 4484; x_wconf 89' lang='lat' dir='ltr'>et</span> <span class='ocrx_word' id='word_1_360' title='bbox 1289 4415 1467 4503; x_wconf 86' lang='lat' dir='ltr'>superius,</span> <span class='ocrx_word' id='word_1_361' title='bbox 1485 4413 1600 4499; x_wconf 91' lang='lat' dir='ltr'>adque</span> <span class='ocrx_word' id='word_1_362' title='bbox 1617 4431 1698 4478; x_wconf 91' lang='lat' dir='ltr'>cum</span> <span class='ocrx_word' id='word_1_363' title='bbox 1715 4411 1790 4498; x_wconf 90' lang='lat' dir='ltr'>ipso</span> <span class='ocrx_word' id='word_1_364' title='bbox 1806 4413 1974 4481; x_wconf 88' lang='lat' dir='ltr'>iamdicto</span> <span class='ocrx_word' id='word_1_365' title='bbox 1990 4415 2113 4483; x_wconf 87' lang='lat' dir='ltr'>andito</span> <span class='ocrx_word' id='word_1_366' title='bbox 2136 4435 2199 4502; x_wconf 93' lang='lat' dir='ltr'>per</span> <span class='ocrx_word' id='word_1_367' title='bbox 2215 4419 2296 4503; x_wconf 88' lang='lat' dir='ltr'>ipsa</span> <span class='ocrx_word' id='word_1_368' title='bbox 2313 4421 2402 4486; x_wconf 90' lang='lat' dir='ltr'>iam-</span> 
     </span>
     <span class='ocr_line' id='line_1_27' title="bbox 542 4563 2403 4658; baseline -0.003 -17"><span class='ocrx_word' id='word_1_369' title='bbox 542 4574 642 4642; x_wconf 90' lang='lat' dir='ltr'>dicta</span> <span class='ocrx_word' id='word_1_370' title='bbox 667 4577 762 4640; x_wconf 88' lang='lat' dir='ltr'>sorte</span> <span class='ocrx_word' id='word_1_371' title='bbox 785 4592 866 4658; x_wconf 89' lang='lat' dir='ltr'>sua,</span> <span class='ocrx_word' id='word_1_372' title='bbox 891 4573 985 4639; x_wconf 91' lang='lat' dir='ltr'>sicut</span> <span class='ocrx_word' id='word_1_373' title='bbox 1007 4572 1142 4639; x_wconf 88' lang='lat' dir='ltr'>dictum</span> <span class='ocrx_word' id='word_1_374' title='bbox 1167 4575 1232 4656; x_wconf 90' lang='lat' dir='ltr'>est,</span> <span class='ocrx_word' id='word_1_375' title='bbox 1256 4587 1318 4636; x_wconf 89' lang='lat' dir='ltr'>seu</span> <span class='ocrx_word' id='word_1_376' title='bbox 1341 4573 1377 4634; x_wconf 90' lang='lat' dir='ltr'>et</span> <span class='ocrx_word' id='word_1_377' title='bbox 1400 4585 1480 4633; x_wconf 89' lang='lat' dir='ltr'>oum</span> <span class='ocrx_word' id='word_1_378' title='bbox 1504 4563 1668 4630; x_wconf 89' lang='lat' dir='ltr'>omnibus</span> <span class='ocrx_word' id='word_1_379' title='bbox 1692 4563 1765 4630; x_wconf 90' lang='lat' dir='ltr'>suis</span> <span class='ocrx_word' id='word_1_380' title='bbox 1781 4564 2025 4652; x_wconf 64' lang='lat' dir='ltr'>pertinentiis</span> <span class='ocrx_word' id='word_1_381' title='bbox 2049 4572 2223 4653; x_wconf 89' lang='lat' dir='ltr'>quantum</span> <span class='ocrx_word' id='word_1_382' title='bbox 2247 4579 2403 4656; x_wconf 87' lang='lat' dir='ltr'>quanto-</span> 
     </span>
     <span class='ocr_line' id='line_1_28' title="bbox 451 4715 2405 4810; baseline -0.001 -16"><span class='ocrx_word' id='word_1_383' title='bbox 451 4785 456 4794; x_wconf 93' lang='lat'>.</span> <span class='ocrx_word' id='word_1_384' title='bbox 545 4741 615 4810; x_wconf 91' lang='lat' dir='ltr'>que</span> <span class='ocrx_word' id='word_1_385' title='bbox 639 4723 736 4790; x_wconf 83' lang='lat' dir='ltr'>inira</span> <span class='ocrx_word' id='word_1_386' title='bbox 761 4721 964 4810; x_wconf 89' lang='lat' dir='ltr'>supradicte</span> <span class='ocrx_word' id='word_1_387' title='bbox 987 4724 1069 4791; x_wconf 88' lang='lat' dir='ltr'>finis</span> <span class='ocrx_word' id='word_1_388' title='bbox 1093 4740 1159 4788; x_wconf 82' lang='lat' dir='ltr'>exe</span> <span class='ocrx_word' id='word_1_389' title='bbox 1183 4719 1337 4804; x_wconf 88' lang='lat' dir='ltr'>videtur,</span> <span class='ocrx_word' id='word_1_390' title='bbox 1362 4717 1443 4785; x_wconf 92' lang='lat' dir='ltr'>illut</span> <span class='ocrx_word' id='word_1_391' title='bbox 1466 4715 1577 4783; x_wconf 89' lang='lat' dir='ltr'>michi</span> <span class='ocrx_word' id='word_1_392' title='bbox 1602 4717 1639 4781; x_wconf 92' lang='lat' dir='ltr'>in</span> <span class='ocrx_word' id='word_1_393' title='bbox 1662 4721 1791 4783; x_wconf 87' lang='lat' dir='ltr'>sortem</span> <span class='ocrx_word' id='word_1_394' title='bbox 1815 4716 1894 4786; x_wconf 91' lang='lat' dir='ltr'>dedi</span> <span class='ocrx_word' id='word_1_395' title='bbox 1919 4721 1955 4784; x_wconf 90' lang='lat' dir='ltr'>et</span> <span class='ocrx_word' id='word_1_396' title='bbox 1979 4718 2145 4808; x_wconf 87' lang='lat' dir='ltr'>tradidit,</span> <span class='ocrx_word' id='word_1_397' title='bbox 2169 4725 2353 4792; x_wconf 89' lang='lat' dir='ltr'>abendum</span> <span class='ocrx_word' id='word_1_398' title='bbox 2369 4731 2405 4793; x_wconf 86' lang='lat' dir='ltr'>et</span> 
     </span>
     <span class='ocr_line' id='line_1_29' title="bbox 542 4867 2404 4962; baseline 0.002 -22"><span class='ocrx_word' id='word_1_399' title='bbox 542 4875 810 4962; x_wconf 87' lang='lat' dir='ltr'>possidendum.</span> <span class='ocrx_word' id='word_1_400' title='bbox 828 4879 917 4943; x_wconf 89' lang='lat' dir='ltr'>Nam</span> <span class='ocrx_word' id='word_1_401' title='bbox 941 4879 978 4942; x_wconf 89' lang='lat' dir='ltr'>et</span> <span class='ocrx_word' id='word_1_402' title='bbox 1000 4891 1065 4959; x_wconf 83' lang='lat' dir='ltr'>ego</span> <span class='ocrx_word' id='word_1_403' title='bbox 1088 4889 1151 4958; x_wconf 90' lang='lat' dir='ltr'>pro</span> <span class='ocrx_word' id='word_1_404' title='bbox 1175 4873 1240 4936; x_wconf 89' lang='lat' dir='ltr'>hoc</span> <span class='ocrx_word' id='word_1_405' title='bbox 1265 4869 1396 4936; x_wconf 89' lang='lat' dir='ltr'>tradidi</span> <span class='ocrx_word' id='word_1_406' title='bbox 1413 4869 1446 4934; x_wconf 91' lang='lat' dir='ltr'>ei</span> <span class='ocrx_word' id='word_1_407' title='bbox 1464 4869 1502 4934; x_wconf 93' lang='lat' dir='ltr'>in</span> <span class='ocrx_word' id='word_1_408' title='bbox 1519 4873 1650 4934; x_wconf 88' lang='lat' dir='ltr'>sortem</span> <span class='ocrx_word' id='word_1_409' title='bbox 1674 4867 1854 4952; x_wconf 88' lang='lat' dir='ltr'>reliquum</span> <span class='ocrx_word' id='word_1_410' title='bbox 1869 4869 1912 4935; x_wconf 94' lang='lat' dir='ltr'>de</span> <span class='ocrx_word' id='word_1_411' title='bbox 1931 4869 2008 4956; x_wconf 90' lang='lat' dir='ltr'>ipsa</span> <span class='ocrx_word' id='word_1_412' title='bbox 2025 4873 2132 4939; x_wconf 91' lang='lat' dir='ltr'>rebus</span> <span class='ocrx_word' id='word_1_413' title='bbox 2147 4893 2209 4960; x_wconf 90' lang='lat' dir='ltr'>per</span> <span class='ocrx_word' id='word_1_414' title='bbox 2226 4876 2288 4944; x_wconf 90' lang='lat' dir='ltr'>ille</span> <span class='ocrx_word' id='word_1_415' title='bbox 2306 4877 2404 4962; x_wconf 79' lang='lat' dir='ltr'>finiS,</span> 
     </span>
    </p>
   </div>
   <div class='ocr_carea' id='block_1_3' title="bbox 547 5019 2406 5115">
    <p class='ocr_par' dir='ltr' id='par_1_3' title="bbox 547 5019 2406 5115">
     <span class='ocr_line' id='line_1_30' title="bbox 547 5019 2406 5115; baseline 0.001 -21"><span class='ocrx_word' id='word_1_416' title='bbox 547 5027 642 5114; x_wconf 92' lang='lat' dir='ltr'>quod</span> <span class='ocrx_word' id='word_1_417' title='bbox 666 5029 851 5094; x_wconf 88' lang='lat' dir='ltr'>continent</span> <span class='ocrx_word' id='word_1_418' title='bbox 875 5025 949 5112; x_wconf 90' lang='lat' dir='ltr'>ipso</span> <span class='ocrx_word' id='word_1_419' title='bbox 973 5025 1116 5091; x_wconf 90' lang='lat' dir='ltr'>brebem</span> <span class='ocrx_word' id='word_1_420' title='bbox 1138 5024 1216 5090; x_wconf 88' lang='lat' dir='ltr'>eius</span> <span class='ocrx_word' id='word_1_421' title='bbox 1240 5021 1332 5107; x_wconf 91' lang='lat' dir='ltr'>quod</span> <span class='ocrx_word' id='word_1_422' title='bbox 1362 5019 1505 5106; x_wconf 90' lang='lat' dir='ltr'>scripsit</span> <span class='ocrx_word' id='word_1_423' title='bbox 1538 5019 1722 5104; x_wconf 90' lang='lat' dir='ltr'>iaquintus</span> <span class='ocrx_word' id='word_1_424' title='bbox 1753 5019 1904 5088; x_wconf 88' lang='lat' dir='ltr'>clericus</span> <span class='ocrx_word' id='word_1_425' title='bbox 1933 5026 1968 5088; x_wconf 89' lang='lat' dir='ltr'>et</span> <span class='ocrx_word' id='word_1_426' title='bbox 1992 5025 2175 5110; x_wconf 89' lang='lat' dir='ltr'>notarius;</span> <span class='ocrx_word' id='word_1_427' title='bbox 2200 5026 2243 5094; x_wconf 89' lang='lat' dir='ltr'>de</span> <span class='ocrx_word' id='word_1_428' title='bbox 2270 5031 2406 5115; x_wconf 89' lang='lat' dir='ltr'>quibus</span> 
     </span>
    </p>
   </div>
   <div class='ocr_carea' id='block_1_4' title="bbox 544 5171 2406 5270">
    <p class='ocr_par' dir='ltr' id='par_1_4' title="bbox 544 5171 2406 5270">
     <span class='ocr_line' id='line_1_31' title="bbox 544 5171 2406 5270; baseline 0.001 -20"><span class='ocrx_word' id='word_1_429' title='bbox 544 5201 608 5269; x_wconf 91' lang='lat' dir='ltr'>per</span> <span class='ocrx_word' id='word_1_430' title='bbox 636 5183 731 5250; x_wconf 91' lang='lat' dir='ltr'>bona</span> <span class='ocrx_word' id='word_1_431' title='bbox 758 5177 1010 5248; x_wconf 89' lang='lat' dir='ltr'>conbenientia</span> <span class='ocrx_word' id='word_1_432' title='bbox 1035 5176 1142 5246; x_wconf 86' lang='lat' dir='ltr'>talem</span> <span class='ocrx_word' id='word_1_433' title='bbox 1166 5174 1275 5242; x_wconf 89' lang='lat' dir='ltr'>michi</span> <span class='ocrx_word' id='word_1_434' title='bbox 1291 5175 1376 5241; x_wconf 83' lang='lat' dir='ltr'>fecit</span> <span class='ocrx_word' id='word_1_435' title='bbox 1398 5171 1707 5258; x_wconf 86' lang='lat' dir='ltr'>repromissionem</span> <span class='ocrx_word' id='word_1_436' title='bbox 1731 5172 1845 5257; x_wconf 88' lang='lat' dir='ltr'>adque</span> <span class='ocrx_word' id='word_1_437' title='bbox 1869 5174 2123 5260; x_wconf 81' lang='lat' dir='ltr'>obligationem</span> <span class='ocrx_word' id='word_1_438' title='bbox 2141 5179 2215 5266; x_wconf 90' lang='lat' dir='ltr'>ipse</span> <span class='ocrx_word' id='word_1_439' title='bbox 2232 5185 2406 5270; x_wconf 87' lang='lat' dir='ltr'>superius</span> 
     </span>
    </p>
   </div>
   <div class='ocr_carea' id='block_1_5' title="bbox 541 5325 2408 5418">
    <p class='ocr_par' dir='ltr' id='par_1_5' title="bbox 541 5325 2408 5418">
     <span class='ocr_line' id='line_1_32' title="bbox 541 5325 2408 5418; baseline 0.002 -16"><span class='ocrx_word' id='word_1_440' title='bbox 541 5333 659 5403; x_wconf 86' lang='lat' dir='ltr'>dictus</span> <span class='ocrx_word' id='word_1_441' title='bbox 683 5335 841 5402; x_wconf 89' lang='lat' dir='ltr'>martino</span> <span class='ocrx_word' id='word_1_442' title='bbox 866 5331 1060 5418; x_wconf 86' lang='lat' dir='ltr'>presbiter,</span> <span class='ocrx_word' id='word_1_443' title='bbox 1087 5328 1180 5414; x_wconf 92' lang='lat' dir='ltr'>quod</span> <span class='ocrx_word' id='word_1_444' title='bbox 1205 5327 1235 5393; x_wconf 89' lang='lat' dir='ltr'>si</span> <span class='ocrx_word' id='word_1_445' title='bbox 1261 5325 1453 5412; x_wconf 87' lang='lat' dir='ltr'>aliquando</span> <span class='ocrx_word' id='word_1_446' title='bbox 1484 5330 1639 5410; x_wconf 89' lang='lat' dir='ltr'>ternpore</span> <span class='ocrx_word' id='word_1_447' title='bbox 1665 5327 1739 5411; x_wconf 89' lang='lat' dir='ltr'>ipse</span> <span class='ocrx_word' id='word_1_448' title='bbox 1764 5332 1827 5395; x_wconf 92' lang='lat' dir='ltr'>aut</span> <span class='ocrx_word' id='word_1_449' title='bbox 1851 5331 1925 5396; x_wconf 90' lang='lat' dir='ltr'>suis</span> <span class='ocrx_word' id='word_1_450' title='bbox 1950 5331 2141 5400; x_wconf 90' lang='lat' dir='ltr'>heredibus</span> <span class='ocrx_word' id='word_1_451' title='bbox 2164 5333 2207 5402; x_wconf 91' lang='lat' dir='ltr'>de</span> <span class='ocrx_word' id='word_1_452' title='bbox 2231 5339 2299 5406; x_wconf 89' lang='lat' dir='ltr'>hec</span> <span class='ocrx_word' id='word_1_453' title='bbox 2324 5357 2408 5408; x_wconf 91' lang='lat' dir='ltr'>vero</span> 
     </span>
    </p>
   </div>
   <div class='ocr_carea' id='block_1_6' title="bbox 546 5621 900 5632">
    <p class='ocr_par' dir='ltr' id='par_1_6' title="bbox 546 5621 900 5632">
     <span class='ocr_line' id='line_1_33' title="bbox 546 5621 900 5632; baseline -0.003 -2"><span class='ocrx_word' id='word_1_454' title='bbox 546 5621 622 5632; x_wconf 66' lang='lat' dir='ltr'>uun—.-</span> <span class='ocrx_word' id='word_1_455' title='bbox 648 5625 656 5630; x_wconf 66' lang='grc'><strong><em>,</em></strong></span> <span class='ocrx_word' id='word_1_456' title='bbox 677 5626 708 5632; x_wconf 64' lang='lat'>,...-</span> <span class='ocrx_word' id='word_1_457' title='bbox 725 5624 858 5631; x_wconf 48' lang='lat' dir='ltr'>.-.n-m..</span> <span class='ocrx_word' id='word_1_458' title='bbox 871 5625 882 5630; x_wconf 83' lang='lat'>..</span> <span class='ocrx_word' id='word_1_459' title='bbox 896 5625 900 5628; x_wconf 96' lang='lat'>.</span> 
     </span>
    </p>
   </div>
   <div class='ocr_carea' id='block_1_7' title="bbox 583 5797 1237 5879">
    <p class='ocr_par' dir='ltr' id='par_1_7' title="bbox 583 5797 1237 5879">
     <span class='ocr_line' id='line_1_34' title="bbox 583 5797 1237 5879; baseline -0.009 -19"><span class='ocrx_word' id='word_1_460' title='bbox 583 5799 605 5879; x_wconf 83' lang='lat'>¹)</span> <span class='ocrx_word' id='word_1_461' title='bbox 629 5799 785 5865; x_wconf 85' lang='lat' dir='ltr'>Formula</span> <span class='ocrx_word' id='word_1_462' title='bbox 806 5799 995 5862; x_wconf 87' lang='lat' dir='ltr'>traditionis</span> <span class='ocrx_word' id='word_1_463' title='bbox 1018 5815 1079 5878; x_wconf 91' lang='lat' dir='ltr'>per</span> <span class='ocrx_word' id='word_1_464' title='bbox 1101 5797 1237 5856; x_wconf 85' lang='lat' dir='ltr'>fustem.</span> 
     </span>
    </p>
   </div>
   <div class='ocr_carea' id='block_1_8' title="bbox 0 0 2660 7080">
    <p class='ocr_par' dir='ltr' id='par_1_8' title="bbox 0 0 2660 7080">
     <span class='ocr_line' id='line_1_35' title="bbox 0 0 2660 7080; baseline 0 0"><span class='ocrx_word' id='word_1_465' title='bbox 0 0 2660 7080; x_wconf 95' lang='lat' dir='ltr'> </span> 
     </span>
    </p>
   </div>
  </div>
 </body>
</html>
