5310 7080
604 507 651 578 le
1252 508 1425 580 deunx
1450 507 1715 579 CAVENSIS

555 729 700 800 tertiam
725 737 886 818 partem:
911 752 994 821 pars
1018 735 1185 818 iamdicte
1208 730 1356 801 ecclesie
1378 732 1506 802 tollant
1528 731 1610 800 inde
1634 747 1709 799 una
1732 732 1840 816 sorte,
1864 731 1900 798 et
1923 745 1987 796 nos
2009 727 2100 816 due,
2123 732 2159 797 et
2181 729 2259 816 ipsa
2287 747 2409 800 eorum

557 885 717 954 sortione
740 886 783 954 de
807 885 884 972 ipso
906 886 1030 954 vinum
1054 903 1119 953 nos
1144 885 1225 954 illut
1247 889 1427 974 portemus
1448 883 1494 954 ad
1519 880 1706 953 cellarium
1721 881 1764 950 de
1780 881 1860 969 ipsa
1874 880 2042 969 ecclesia,
2059 881 2152 967 quod
2175 884 2258 950 abet
2282 883 2416 970 inipso

558 1037 676 1105 locum
699 1036 848 1105 nuceria
870 1038 917 1106 da
940 1036 1001 1104 ubi
1025 1037 1158 1106 dicitur
1183 1037 1297 1124 periti
1320 1036 1359 1103 in
1384 1037 1507 1124 subto,
1531 1038 1569 1103 et
1591 1051 1804 1121 reponamus
1826 1033 1908 1101 illut
1930 1035 1969 1102 in
1993 1049 2191 1120 organeum
2215 1049 2350 1120 eorum,
2373 1039 2410 1102 et

562 1204 627 1255 nos
650 1187 725 1274 ipso
748 1205 905 1274 organeo
928 1189 1131 1256 conciemus
1153 1206 1307 1275 vonum,
1331 1188 1424 1256 sicut
1447 1185 1619 1254 meruerit
1642 1185 1689 1253 da
1711 1185 1854 1252 vinum:
1880 1183 1955 1271 ipso
1985 1185 2132 1251 missum
2164 1185 2257 1272 quod
2281 1185 2412 1254 ibidem

562 1341 721 1426 venerit,
745 1356 809 1407 nos
833 1339 936 1408 illum
958 1343 1161 1409 nutriemus
1183 1341 1379 1409 secundum
1401 1345 1524 1408 nostra
1546 1339 1658 1407 suerit
1681 1330 1980 1425 possivilitatem,¹
2004 1356 2116 1425 usque
2140 1337 2223 1406 dum
2247 1355 2310 1425 pro
2336 1339 2410 1426 ipse

561 1493 742 1560 vindemie
766 1491 898 1560 ibidem
921 1492 1080 1579 steterit,
1105 1497 1140 1560 et
1162 1491 1285 1560 demus
1308 1493 1342 1559 ei
1365 1492 1624 1578 palmentatica
1647 1494 1683 1560 et
1706 1490 1917 1560 terraticum
1940 1491 1982 1558 de
2005 1491 2098 1579 quod
2122 1490 2172 1558 ibi
2196 1491 2411 1560 seminatum

564 1643 685 1731 suerit,
718 1643 912 1710 secundum
944 1643 1234 1711 consuetudinem
1265 1642 1308 1710 de
1331 1645 1407 1730 ipso
1430 1643 1568 1730 locum,
1593 1647 1629 1712 et
1657 1644 1753 1710 omni
1785 1649 1941 1730 tempore
1964 1662 2049 1732 pars
2071 1643 2238 1712 iamdicte
2261 1642 2407 1712 ecclesie

564 1795 713 1882 eiusque
738 1801 890 1864 rectores
915 1796 1042 1864 inclita
1065 1795 1143 1882 ipsa
1165 1796 1333 1864 tradictio
1356 1816 1436 1864 cum
1460 1798 1538 1864 vice
1562 1797 1605 1864 de
1631 1797 1692 1864 via
1715 1815 1780 1865 sua
1803 1799 1907 1866 nobis
1937 1797 2140 1884 nostrisque
2162 1797 2329 1864 eredibus
2351 1796 2409 1864 de-

564 1946 705 2016 fensare
729 1948 775 2016 da
798 1947 914 2014 omnis
937 1948 1097 2015 homines
1121 1949 1287 2035 omnique
1310 1950 1493 2036 partibus,
1518 1952 1554 2016 et
1576 1965 1649 2014 non
1673 1947 1757 2016 illut
1779 1947 1882 2015 nobis
1905 1947 2030 2015 tollere
2053 1953 2116 2017 aut
2139 1953 2306 2017 contrane
2321 1967 2406 2036 que-

563 2103 632 2167 rat.
659 2103 791 2185 preter,
807 2098 838 2166 si
856 2099 899 2166 de
915 2117 983 2168 anc
1005 2103 1104 2168 terra
1127 2100 1387 2169 salernitanam
1410 2100 1606 2168 exierimus
1628 2117 1692 2186 pro
1715 2099 1825 2167 aliubi
1844 2099 1890 2168 ad
1906 2098 2115 2168 ebibendum
2130 2103 2410 2190 perrexerimus,

563 2255 753 2338 expectent
778 2270 841 2320 nos
863 2271 974 2339 usque
998 2271 1111 2322 annos
1133 2259 1226 2340 tres,
1251 2257 1287 2320 et
1311 2253 1342 2320 si
1367 2255 1501 2322 rebersi
1531 2252 1703 2321 fuerimus
1727 2251 1823 2350 infra
1848 2251 1916 2338 ipsi
1939 2253 2028 2321 anni
2052 2257 2088 2321 et
2112 2254 2328 2323 boluerimus
2351 2273 2408 2323 eos

564 2407 687 2470 tenere
710 2403 749 2470 in
771 2403 1014 2492 suprascripto
1036 2406 1199 2492 hordine,
1224 2405 1330 2474 liceat
1352 2423 1416 2472 nos
1440 2403 1522 2472 illut
1543 2403 1752 2490 recolligere
1775 2409 1811 2472 et
1833 2409 1969 2492 tenere,
1994 2407 2087 2473 sicut
2110 2404 2244 2472 dictum
2268 2411 2345 2494 cst;
2368 2411 2404 2476 et

564 2554 593 2618 si
620 2553 821 2624 laboratum
845 2557 927 2625 illut
949 2558 1215 2646 inbenerimus,
1239 2559 1346 2628 liceat
1368 2533 1468 2646 prius
1492 2559 1553 2626 ille
1575 2557 1636 2644 qui
1661 2575 1719 2624 eos
1742 2558 1982 2644 laboraberit,
2015 2560 2155 2626 tolleret
2178 2561 2309 2630 exinde
2333 2561 2407 2647 ipso

563 2707 735 2796 frudium,
758 2715 795 2778 et
819 2710 870 2778 sic
893 2710 975 2780 illut
998 2682 1269 2800 recolligamus3
1294 2717 1331 2780 et
1354 2711 1384 2778 si
1407 2712 1503 2780 infra
1527 2711 1602 2796 ipso
1626 2709 1858 2776 constitutum
1881 2707 2016 2775 rebersi
2042 2727 2112 2776 non
2139 2711 2331 2797 suerimuS,
2356 2729 2415 2799 po-

565 2866 729 2934 testatem
753 2863 867 2932 abead
890 2882 973 2950 pars
996 2863 1039 2935 de
1062 2864 1140 2950 ipsa
1163 2864 1312 2932 ecclesia
1335 2865 1469 2933 laceret
1489 2862 1620 2930 exinde
1644 2861 1766 2930 omnia
1788 2863 1881 2948 quod
1897 2862 2042 2931 boleret.
2061 2865 2160 2932 Unde
2177 2864 2215 2931 in
2231 2883 2271 2932 eo
2286 2865 2409 2936 ordine

565 3016 698 3102 guadia
721 3017 823 3084 nobis
846 3017 921 3102 ipse
943 3017 1055 3085 abbas
1079 3015 1176 3083 dedit
1198 3019 1234 3084 et
1257 3015 1451 3084 mediatore
1481 3017 1585 3084 nobis
1607 3014 1724 3102 posuit
1747 3019 1869 3102 petrus
1900 3019 2074 3104 presbiter
2098 3018 2196 3086 filius
2219 3021 2329 3090 nandi
2342 3043 2351 3108 ;
2376 3025 2411 3091 et

564 3186 627 3254 per
652 3169 730 3255 ipsa
752 3169 888 3257 guadia
911 3173 980 3238 etc.
1005 3171 1155 3238 Statuta
1177 3171 1292 3237 matta
1316 3170 1586 3256 trigintarium
1609 3169 1806 3236 solidorum
1828 3173 2217 3240 constantinianam.
2235 3181 2409 3246 verumta-

566 3337 648 3387 men
673 3338 738 3407 ego
761 3320 949 3390 iamdictus
972 3339 1149 3406 sparanus
1171 3321 1406 3408 compreensit
1427 3322 1471 3390 de
1495 3323 1573 3410 ipsa
1595 3326 1700 3392 rebus
1722 3325 1867 3394 tertiam
1891 3329 2042 3414 partem,
2066 3330 2103 3394 et
2130 3328 2198 3414 ipsi
2223 3330 2409 3418 iohannes,

567 3470 622 3539 leo
644 3476 681 3540 et
705 3474 841 3542 eicerus
865 3475 934 3544 due
957 3477 1075 3543 sortis.
1102 3479 1137 3543 et
1160 3493 1230 3543 unc
1252 3477 1396 3544 brebem
1421 3477 1547 3546 scribsi
1570 3495 1635 3564 ego
1658 3477 1839 3547 dauferius
1863 3479 2024 3549 notarius
2047 3481 2118 3566 qui
2135 3481 2297 3551 interlui.

609 3599 640 3714 †
664 3628 739 3714 Ego
760 3631 883 3714 petrus

609 3752 640 3868 †
664 3782 739 3870 Ego
760 3780 986 3848 sikembardo

610 3906 640 4022 †
665 3935 740 4022 ligo
763 3935 825 4020 qui
849 3951 959 4020 supra
982 3933 1078 4001 maio
1102 3933 1276 4019 presbiter
1300 3937 1336 4002 et
1358 3935 1480 4002 abbas.

1268 4188 1715 4202 ...ψ-ῃ*-

1356 4481 1621 4566 DLXVII.

1343 4743 1398 4818 A.
1426 4739 1477 4817 D.
1507 4739 1634 4822 1004.
1667 4751 1670 4760 “

612 4975 647 5115 †
672 5029 711 5095 ln
735 5027 879 5096 nomine
903 5027 1037 5095 domini
1061 5029 1297 5097 sextodecimo
1321 5047 1416 5100 anno
1441 5035 1668 5122 principatus
1690 5039 1809 5106 domni
1827 5043 1938 5110 nostri
1955 5045 2134 5130 guaimari
2152 5047 2298 5133 gloriosi
2317 5051 2412 5136 prin-

565 5181 669 5267 cipis,
694 5197 815 5249 mense
838 5181 974 5268 iunius,
999 5181 1154 5250 secunda
1172 5181 1376 5251 indictione.
1394 5191 1682 5257 memoratorium
1700 5192 1830 5260 lactum
1846 5214 1868 5262 a
1884 5213 1939 5262 me
1954 5196 2154 5266 dumnellus
2178 5202 2353 5288 presbiter
2377 5207 2411 5270 et

566 5337 676 5404 abbas
701 5337 850 5405 ecclesie
875 5339 996 5405 sancte
1019 5336 1133 5407 marie
1156 5338 1376 5424 pertinentes
1400 5343 1604 5427 supradicto
1627 5344 1746 5412 domni
1769 5347 1922 5435 principi
1954 5352 1990 5417 et
2014 5351 2162 5421 iohanni
2186 5356 2306 5423 comiti
2332 5375 2412 5445 ger·

567 5509 671 5559 mano
693 5493 786 5578 eiuS,
811 5511 851 5560 eo
875 5492 968 5580 quod
993 5497 1077 5560 ante
1101 5491 1292 5580 subscripti
1316 5493 1453 5562 idoneis
1475 5495 1665 5583 ominibuS,
1683 5516 1756 5567 una
1770 5517 1906 5568 mecum
1922 5501 2107 5590 iaquintus
2122 5508 2286 5578 notarius
2309 5511 2412 5578 advo·

567 5645 722 5712 catorem
748 5645 861 5731 ipsius
885 5645 1052 5732 ecclesie,
1077 5645 1268 5714 coniuctus
1291 5665 1370 5714 sum
1386 5666 1466 5715 cum
1481 5647 1589 5717 iudex
1603 5652 1729 5719 ebreus
1745 5651 1840 5720 filius
1857 5655 1938 5722 iude
1954 5657 2082 5726 medici
2098 5666 2241 5747 propter
2258 5669 2356 5732 terra
2371 5664 2413 5732 de

567 5795 665 5866 intus
688 5801 753 5867 hec
776 5801 960 5870 cibitatem
985 5802 1081 5870 inter
1105 5801 1182 5888 ipsa
1206 5800 1349 5870 iudaice
1364 5801 1605 5888 pertinentem
1622 5807 1733 5892 ipsius
1747 5809 1908 5896 ecclesie,
1924 5812 2016 5897 quod
2033 5815 2118 5881 ante
2133 5831 2171 5880 os
2188 5833 2301 5884 annos
2317 5817 2351 5884 ci
2370 5816 2415 5886 ad
