5376 7094
981 469 1386 542 DlPLOMdTlCUS
2025 465 2066 536 11

260 711 333 778 qua
358 692 560 763 damnietas
583 696 629 764 ad
655 698 723 784 ipsi
748 699 912 784 germani
939 715 1011 764 non
1035 699 1204 765 eveniret.
1230 698 1379 763 Etcum
1404 692 1489 760 iliuo
1512 693 1760 780 perreximus,
1785 696 1821 760 et
1843 691 1997 758 studiose
2020 689 2121 758 illum

260 844 496 932 providimus,
521 852 557 914 et
580 849 837 938 apretiavimus
859 855 943 918 exet
965 849 1158 917 vehentem
1180 851 1252 916 tari
1275 848 1407 934 biginti
1425 847 1623 933 quadtuor3
1640 846 1775 914 reversi
1793 861 1876 912 vero
1892 843 1935 910 de
1951 841 2038 911 illuc
2054 845 2120 912 hec

258 999 380 1066 omnia
402 1000 606 1086 supradicto
629 1001 775 1088 gloriosi
792 1002 948 1088 principi
966 1001 1228 1089 nuntiabimus,
1245 1001 1305 1068 ille
1322 1006 1442 1070 autern
1456 1001 1548 1070 talia
1563 1003 1884 1086 hanguoscentem,
1902 998 2116 1068 solutionem

257 1150 354 1220 dedit
377 1154 423 1221 ad
448 1155 518 1240 ipsi
540 1157 706 1240 germani
730 1161 830 1226 terra
855 1158 932 1242 ipsa
955 1156 1174 1224 vindendum
1197 1157 1255 1223 cui
1280 1156 1369 1238 vult,
1394 1161 1430 1222 et
1452 1153 1540 1221 mihi
1565 1151 1728 1221 iamdicti
1745 1150 1895 1262 iohanni
1912 1150 2024 1218 iudici
2040 1170 2121 1238 pre-

258 1305 351 1391 cepit
374 1306 469 1374 inter
494 1305 568 1374 illis
592 1309 785 1396 exendum,
802 1314 838 1378 et
854 1309 1001 1379 alderisi
1017 1309 1159 1377 notario
1175 1307 1332 1394 precepit
1348 1306 1526 1374 cartulam
1542 1305 1751 1372 vinditionis
1775 1303 1858 1372 inde
1875 1304 2118 1392 scrivendum,

257 1459 304 1524 ud
327 1461 461 1546 absque
485 1461 754 1532 damnationem
779 1466 870 1552 legis
893 1484 1040 1533 securus
1057 1463 1140 1532 inde
1155 1480 1315 1529 manere.
1333 1462 1377 1528 Et
1392 1461 1476 1528 dum
1491 1477 1602 1544 causa
1619 1460 1689 1527 ista
1705 1457 1890 1545 divulgata
1916 1459 1998 1544 fuit,
2015 1476 2119 1526 nemo

258 1611 346 1678 erad
369 1614 430 1697 qui
455 1615 546 1682 talia
570 1615 689 1686 facere
713 1617 866 1706 voleret;
892 1619 1084 1687 nobissimo
1109 1621 1230 1686 autem
1253 1615 1351 1682 venit
1374 1613 1419 1682 ad
1442 1630 1506 1680 nos
1530 1612 1635 1698 ligeri
1661 1611 1814 1678 clericus
1830 1611 1929 1678 fliius
1945 1613 2039 1680 leoni
2055 1613 2118 1698 qui

256 1761 352 1830 dixit
374 1765 505 1851 nobiS,
529 1768 576 1835 ud
601 1771 632 1837 si
657 1770 726 1857 ipsi
749 1772 913 1860 germani
936 1770 1204 1839 venumdederit
1227 1770 1260 1836 ei
1284 1769 1363 1853 ipsa
1387 1764 1522 1852 peciola
1547 1765 1710 1832 deterre
1743 1764 1785 1830 de
1809 1763 1978 1830 iamdicto
2003 1764 2119 1832 locum

256 1915 406 2004 uliaria,
432 1919 493 1986 ille
516 1927 636 1989 autern
661 1923 765 1991 daret
788 1925 840 1990 eis
856 1923 925 2010 ipsi
940 1925 1071 2015 biginti
1088 1923 1264 2009 quadtuor
1280 1921 1361 1990 auri
1378 1921 1464 2004 tari,
1481 1919 1584 1986 sicud
1599 1919 1679 2003 ipsa
1696 1923 1794 1985 terra
1810 1917 2012 2003 adpretiata
2027 1917 2116 1985 fuit:

258 2071 327 2156 ipsi
351 2075 515 2158 germani
540 2074 713 2143 dixerunt
735 2095 816 2143 cum
838 2077 971 2163 gaudio
993 2077 1082 2144 talia
1107 2077 1236 2145 facere.
1262 2095 1332 2161 quo
1355 2079 1418 2161 yta
1442 2075 1590 2158 sactum,
1614 2091 1680 2139 nos
1703 2072 1901 2159 supradicti
1918 2070 2065 2140 adelferi
2082 2078 2118 2139 et

260 2225 417 2309 guaiferi
433 2231 512 2312 post
528 2227 788 2294 absolutionem
804 2232 950 2315 accepta
966 2231 1014 2296 ha
1030 2230 1237 2314 supradicta
1253 2231 1427 2314 potestate
1444 2233 1493 2314 et,
1509 2230 1602 2296 sicut
1614 2226 1716 2293 nobis
1729 2244 1927 2312 congruum
1942 2231 2010 2310 est,
2028 2244 2119 2293 vone

259 2383 378 2446 nostre
393 2379 582 2448 volomtati
605 2400 668 2468 per
692 2384 787 2450 hanc
810 2382 988 2450 cartulam
1013 2387 1097 2450 ante
1121 2383 1238 2470 ipsum
1262 2381 1372 2449 iudex
1394 2384 1431 2448 et
1455 2379 1650 2466 subscripti
1665 2379 1812 2464 ydoneis
1830 2381 2036 2447 hominibus
2052 2397 2116 2466 pro

256 2534 461 2619 supradicto
478 2535 635 2603 devitum
652 2537 959 2622 venumdedimuS,
983 2536 1098 2622 adque
1123 2536 1169 2603 ad
1194 2553 1332 2620 semper
1355 2533 1531 2602 avendum
1548 2533 1838 2600 confirmavimus
1863 2533 1929 2599 tivi
1954 2533 2115 2602 iamdicti

259 2684 367 2771 ligori
391 2687 522 2756 clerico
544 2690 623 2775 ipsa
648 2689 819 2758 iamdicta
842 2689 979 2775 peciola
1001 2689 1044 2756 de
1068 2693 1166 2756 terra
1191 2691 1306 2757 bacua
1329 2689 1372 2756 de
1394 2687 1563 2756 iamdicto
1588 2688 1703 2754 locum
1729 2686 1862 2754 uliaria
1886 2707 1948 2772 per
1972 2706 2013 2754 ec
2030 2689 2115 2756 finis

257 2843 293 2908 et
316 2845 496 2911 mensurio
513 2867 520 2910 :
547 2865 569 2912 a
594 2844 745 2912 meridie
769 2844 840 2911 fine
855 2847 991 2930 nostra,
1009 2843 1108 2911 sicud
1123 2843 1258 2911 termiti
1274 2843 1348 2910 fleti
1366 2847 1465 2928 sunt,
1481 2846 1517 2908 et
1532 2840 1615 2907 inde
1631 2845 1716 2907 sunt
1732 2859 1845 2926 paxos
1861 2841 2014 2926 triginta
2031 2861 2113 2911 sex:

163 3003 165 3012 ’
257 2995 306 3060 ha
329 3000 432 3081 parte
456 2995 607 3064 orientis
631 2997 799 3064 similiter
816 2999 887 3064 fine
903 3001 1040 3082 nostra,
1065 2995 1163 3064 sicud
1187 2994 1323 3063 termiti
1347 2994 1421 3061 ficti
1446 2997 1545 3078 sunt,
1569 2996 1605 3060 et
1627 2991 1710 3058 inde
1726 2995 1810 3059 sunt
1825 2993 1922 3078 passi
1939 2990 2115 3079 quiuqua-

256 3148 359 3231 ginta
385 3153 484 3216 tres:
510 3151 558 3217 ha
581 3155 684 3236 parte
708 3149 939 3236 septemtrion
964 3151 1035 3216 dne
1059 3153 1207 3232 nostra,
1232 3148 1330 3214 sicud
1354 3148 1492 3215 termiti
1516 3144 1591 3212 ficti
1616 3148 1721 3228 sunt,
1745 3147 1781 3211 et
1805 3145 1886 3212 inde
1909 3151 1993 3214 sunt
2016 3150 2112 3233 passi

255 3303 499 3390 quadraginta
514 3309 608 3371 tres:
626 3307 674 3372 ha
690 3309 792 3390 parte
808 3303 1025 3371 hoccideutis
1042 3303 1207 3370 similiter
1222 3304 1294 3370 fine
1309 3303 1447 3386 nostra,
1463 3303 1499 3365 ct
1516 3299 1599 3365 inde
1616 3302 1701 3366 sunt
1716 3299 1812 3384 passi
1829 3299 1984 3385 triginta
2001 3301 2113 3385 quad-

255 3459 356 3540 tuor;
380 3461 494 3524 totum
517 3461 764 3526 mensuratum
789 3456 835 3525 ad
858 3475 1011 3542 paxsum
1033 3455 1095 3542 qui
1121 3457 1330 3541 singnatum
1354 3458 1408 3520 est
1432 3454 1472 3520 in
1496 3453 1684 3523 columnea
1702 3471 1903 3521 marmorea
1918 3452 1960 3520 de
1977 3454 2113 3522 heccle-

255 3609 310 3676 sia
334 3612 450 3678 sancti
476 3611 612 3678 mathei
636 3611 679 3678 de
705 3609 988 3696 archiepiscopio
1012 3610 1246 3676 salernitano.
1272 3609 1320 3673 Ec
1345 3623 1427 3673 vero
1451 3605 1553 3691 pecia
1577 3605 1619 3671 de
1642 3611 1741 3672 terra
1757 3624 1820 3692 per
1838 3606 2005 3674 iamdicte
2029 3607 2112 3676 finis

254 3765 289 3828 et
311 3764 493 3830 mensurie
518 3768 594 3831 tota
617 3769 653 3830 et
676 3762 804 3830 inolita
828 3780 910 3829 cum
934 3763 1056 3830 omnia
1080 3763 1176 3828 intro
1200 3779 1237 3828 se
1260 3761 1450 3828 arentibus
1473 3760 1709 3845 omnibusque
1728 3761 1805 3826 suis
1816 3763 2061 3848 pertinentiis
2077 3769 2115 3832 et

255 3931 335 3981 cum
350 3917 428 3983 rice
444 3916 486 3984 de
498 3917 559 3985 bia
575 3934 641 3984 sua
658 3917 724 3984 tihi
742 3915 902 3984 iamdicti
919 3915 1026 4001 ligori
1042 3914 1171 3982 clerico
1186 3912 1491 3998 venumdedimuS,
1509 3911 1555 3980 ad
1574 3913 1750 3980 securiter
1767 3917 1803 3980 et
1817 3913 1970 3982 firmiter
1986 3916 2112 3983 amodo

254 4073 288 4136 et
312 4087 450 4156 semper
473 4074 514 4137 tu
537 4071 662 4157 tuique
686 4069 853 4136 eredibus
877 4067 959 4136 illut
981 4066 1172 4152 avendum,
1195 4066 1450 4154 poxidendum,
1473 4066 1744 4154 dominandum,
1762 4068 1884 4136 omnia
1907 4069 2039 4136 exinde
2056 4071 2110 4138 fa-

252 4225 431 4309 ciendum,
456 4242 524 4309 que
539 4223 604 4290 tivi
629 4224 754 4308 tuique
766 4221 956 4288 heredibus
972 4219 1159 4306 placuerit.
1176 4220 1275 4288 Unde
1290 4239 1354 4307 pro
1369 4222 1651 4289 confirmandam
1668 4227 1704 4289 et
1719 4221 2011 4289 staviliscendam
2035 4242 2105 4291 ano

253 4379 413 4443 nostram
437 4374 703 4460 vindictionem,
729 4393 752 4441 a
775 4372 932 4460 presenti
956 4373 1073 4459 recepi
1089 4393 1112 4440 a
1128 4375 1163 4440 te
1178 4371 1340 4442 iamdicti
1356 4373 1464 4460 ligori
1480 4374 1610 4441 exinde
1627 4374 1696 4459 ipsi
1713 4374 1845 4460 biginti
1861 4372 2037 4458 quadtuor
2053 4380 2109 4444 ta-

252 4531 300 4615 ri,
325 4529 432 4599 sicuti
456 4535 555 4598 terra
580 4529 658 4615 ipsa
682 4525 886 4612 adpretiata
909 4527 977 4595 suit
992 4527 1031 4592 in
1046 4544 1168 4595 omnes
1182 4527 1452 4616 deliveratione,
1466 4527 1567 4594 sicud
1584 4529 1678 4595 inter
1694 4545 1759 4594 nos
1775 4528 1952 4596 convenit.
1970 4531 2017 4598 De
2033 4549 2106 4616 qua

253 4700 317 4750 nos
340 4683 540 4768 supradicti
565 4681 714 4752 adelferi
737 4685 772 4748 et
787 4679 943 4767 guaiferi
958 4679 1129 4765 guadiam
1143 4680 1209 4747 tivi
1225 4680 1387 4748 iamdicti
1403 4681 1511 4767 ligori
1530 4680 1706 4766 dedimus,
1725 4686 1761 4749 et
1775 4681 1948 4750 mediator
1964 4683 2030 4751 tibi
2046 4703 2106 4770 po-

256 4840 393 4906 suimus
416 4839 591 4906 iohannes
615 4835 778 4904 notarius
802 4833 898 4904 filius
921 4834 1099 4919 quondam
1122 4833 1352 4922 truppoaldi;
1377 4840 1412 4902 et
1434 4854 1498 4921 per
1515 4833 1593 4922 ipsa
1608 4835 1743 4921 guadia
1759 4836 2023 4924 hobligavimus
2040 4856 2105 4905 nos

254 4994 288 5057 et
310 4991 444 5060 nostris
467 4991 658 5068 heredibus
675 4991 800 5059 amodo
815 4993 850 5058 et
866 5007 1004 5076 semper
1020 4989 1267 5056 antistandum
1282 4993 1318 5056 et
1340 4988 1600 5056 defensandum
1624 4987 1690 5056 tivi
1713 4991 1837 5076 tuique
1861 4991 2025 5059 eredibus
2048 4993 2106 5060 in-

257 5141 341 5212 clita
365 5145 573 5230 supradicta
595 5151 718 5212 nostra
742 5144 958 5213 vindictione
981 5161 1062 5210 curn
1086 5142 1163 5210 hice
1178 5141 1222 5209 de
1238 5142 1297 5210 bia
1312 5160 1378 5209 sua
1393 5144 1442 5210 ha
1457 5160 1542 5228 pars
1558 5143 1740 5228 genetrice
1757 5147 1878 5211 nostre
1893 5148 1928 5211 et
1943 5144 1991 5212 da
2005 5149 2104 5214 horn·

253 5312 313 5364 nes
336 5299 474 5365 omines
497 5298 664 5383 omnique
685 5298 861 5384 partibus.
881 5299 925 5364 Et
948 5295 979 5363 si
1002 5294 1124 5363 taliter
1147 5293 1230 5361 illut
1252 5293 1351 5361 vobis
1374 5311 1446 5360 non
1469 5293 1785 5380 defensaverimus,
1811 5301 1874 5364 aut
1896 5296 1926 5362 si
1952 5315 2015 5363 nos
2039 5316 2102 5364 no·

258 5452 412 5538 strisque
436 5451 627 5520 heredibus
650 5471 713 5540 per
738 5453 995 5539 qualecumque
1018 5449 1158 5519 ratione
1181 5445 1418 5534 quesierimus
1441 5447 1522 5514 illut
1545 5449 1601 5515 vel
1624 5447 1754 5516 exinde
1777 5446 1875 5514 vobis
1890 5447 2013 5515 tollere
2037 5454 2101 5517 aut

257 5611 433 5693 contrare,
458 5611 522 5676 aut
545 5606 575 5674 si
600 5607 844 5693 quodcumque
860 5605 1087 5675 causationes
1103 5603 1185 5671 inde
1201 5603 1301 5670 vobis
1317 5602 1620 5690 proposuerimus,
1636 5619 1844 5688 componere
1859 5600 2100 5688 obligabimus

256 5777 318 5828 uos
341 5760 542 5848 supradicti
566 5760 713 5830 adelferi
737 5764 773 5828 et
796 5758 968 5846 guaiferi,
984 5764 1020 5828 et
1034 5759 1166 5827 nostris
1189 5757 1356 5827 eredibus
1378 5756 1447 5826 tivi
1470 5757 1596 5842 tuique
1612 5755 1778 5826 eredibus
1793 5754 1926 5842 biginti
1945 5757 2027 5826 auri
2044 5775 2100 5824 so-

440 5912 519 5971 touo
539 5929 565 5970 11
943 5999 947 6006 .
1778 5937 1784 5952 ·
1889 5909 1905 5966 3
