5334 7098
1008 555 1411 661 oiruouirious
2022 595 2090 666 rra

282 808 410 894 rimus,
435 807 550 878 licead
574 825 639 876 nos
662 807 744 876 illut
767 806 978 894 recolligere
1000 813 1036 875 et
1058 811 1180 877 tenere
1204 817 1238 879 et
1263 812 1425 882 lavorare
1455 832 1518 900 per
1542 813 1713 883 iamdicta
1745 815 1904 884 ratione:
1931 819 2073 886 tantum
2095 821 2128 887 si

284 965 366 1034 illut
388 965 588 1036 lavoratum
612 963 869 1049 invenerimus,
895 963 1012 1033 licead
1036 964 1108 1032 illis
1124 965 1178 1034 vel
1196 967 1256 1053 qui
1273 985 1330 1036 eos
1347 969 1561 1038 lavoraveril
1584 969 1658 1056 ipso
1673 986 1823 1058 annum,
1840 970 1958 1058 ipsum
1975 972 2135 1042 lrudium

289 1117 372 1186 inde
395 1115 618 1204 recolligere;
641 1120 678 1184 et
701 1116 732 1184 si
756 1116 802 1186 da
826 1117 894 1202 ipsi
917 1117 1101 1186 duodecim
1126 1119 1212 1186 anni
1237 1120 1494 1206 qualecumque
1518 1125 1675 1208 tempore
1699 1141 1763 1190 nos
1786 1122 1888 1192 illum
1913 1129 2036 1195 tenere
2061 1146 2134 1195 nou

285 1268 516 1356 voluerimuS,
542 1267 676 1338 liceant
699 1285 763 1335 nos
786 1266 842 1336 vel
866 1269 996 1335 nostris
1021 1270 1183 1338 aradibus
1214 1273 1296 1340 inde
1319 1273 1420 1341 exire
1443 1293 1523 1341 cum
1554 1275 1669 1341 omnis
1699 1281 1820 1344 nostra
1851 1277 1996 1348 movilia
2030 1299 2143 1350 causa

285 1419 377 1505 quod
402 1420 452 1486 ibi
478 1418 696 1505 abuerimus,
719 1424 756 1488 et
779 1420 831 1487 ire
856 1438 937 1487 cum
961 1438 1002 1488 eo
1027 1422 1086 1488 ubi
1109 1423 1211 1488 nobis
1235 1422 1451 1508 placuerint,
1467 1427 1502 1491 et
1517 1426 1594 1491 tota
1618 1425 1696 1510 ipsa
1718 1426 1823 1492 rebus
1846 1431 1993 1512 operata
2010 1431 2047 1494 et
2064 1429 2142 1494 cul-

286 1577 361 1641 tata
383 1577 420 1640 et
443 1573 544 1641 clusa
566 1574 755 1642 remittant
777 1574 823 1642 ad
846 1579 1053 1660 potestatem
1080 1574 1220 1640 illorum
1245 1574 1300 1640 vel
1323 1575 1366 1643 de
1390 1593 1512 1642 eorum
1536 1575 1694 1642 heredes.
1718 1576 1817 1644 Unde
1841 1596 1904 1664 per
1928 1579 2021 1648 bona
2044 1597 2140 1646 com-

288 1727 471 1794 benientia
495 1727 563 1813 ipsi
586 1725 764 1795 nominati
787 1729 910 1812 petrus
933 1724 1085 1794 clericus
1100 1732 1135 1794 et
1151 1726 1260 1796 abbas
1277 1731 1313 1793 et
1329 1725 1505 1794 landolfus
1527 1727 1662 1814 guadia
1686 1728 1787 1795 nobis
1809 1728 1999 1816 dederunt,
2016 1737 2052 1799 et
2069 1751 2145 1799 me-

290 1878 465 1948 diatorem
490 1878 593 1946 nobis
616 1881 813 1965 posuerunt
836 1879 1010 1947 iohannes
1033 1878 1129 1946 filius
1160 1880 1337 1966 quondam
1366 1882 1483 1950 mauri
1506 1883 1660 1950 abitator
1685 1884 1723 1948 in
1748 1881 1863 1950 locum
1886 1885 2053 1970 nucerie,
2079 1889 2146 1963 utiq

286 2033 332 2100 ad
362 2051 446 2102 casa
478 2033 623 2102 riczana
653 2033 808 2118 dicitur;
832 2037 867 2100 et
898 2051 961 2119 per
985 2033 1062 2119 ipsa
1087 2031 1220 2120 guadia
1250 2037 1313 2102 etc.
1345 2035 1492 2102 Stotuto
1522 2036 1637 2127 molta
1667 2038 1797 2122 eiqiolt
1826 2040 1911 2104 auri
1942 2039 2146 2106 solidorum

286 2186 672 2254 constantiniensem
698 2188 734 2253 et
759 2186 854 2252 hunc
880 2185 1021 2252 brebem
1046 2185 1171 2268 scripsi
1197 2203 1262 2271 ego
1287 2187 1461 2254 iohannes
1485 2187 1636 2254 clericus
1660 2193 1696 2254 et
1712 2189 1876 2258 nol-arius
1892 2189 1955 2273 qui
1974 2191 2140 2260 intertui.

333 2308 364 2424 †
388 2339 463 2424 Ego
484 2337 620 2425 nanigo

334 2463 364 2577 †
389 2471 455 2576 ego
477 2492 674 2560 mirandus.

1040 3041 1411 3122 DCXXXVII.

1074 3303 1128 3378 A.
1158 3301 1208 3378 D.
1238 3299 1359 3380 1010.

340 3543 374 3682 †
399 3597 438 3660 ln
463 3593 607 3661 nomine
630 3592 764 3660 domini
787 3592 954 3660 vicesimo
978 3593 1130 3659 secundo
1154 3611 1248 3660 anuo
1270 3593 1494 3680 principatus
1517 3595 1637 3662 domni
1655 3593 1766 3662 nostri
1783 3594 1967 3680 guaimari
1985 3595 2143 3680 glorioso

295 3747 471 3836 principe,
496 3748 615 3816 Mense
637 3749 835 3834 december,
853 3765 948 3816 nona
964 3747 1171 3814 indictione.
1197 3748 1485 3814 blemoratorium
1500 3746 1596 3814 factu
1612 3766 1634 3814 a
1651 3763 1705 3814 me
1721 3747 1837 3812 cicero
1853 3745 1927 3813 illio
1943 3749 2146 3832 braurone,

296 3921 337 3971 eo
359 3903 452 3990 quod
481 3908 566 3972 aute
587 3905 779 3990 subscripti
811 3907 918 3972 testes
943 3903 1171 3970 tradiderunt
1196 3900 1303 3967 michi
1328 3907 1366 3967 at
1389 3899 1581 3968 tenendum
1612 3903 1649 3966 et
1676 3899 1912 3968 laborandum
1935 3905 1971 3968 et
1995 3904 2143 3970 arbusto

296 4057 556 4144 pastenandum
579 4058 753 4126 iohannes
775 4055 948 4143 presbiter
972 4059 1008 4122 et
1031 4059 1152 4141 petrus
1175 4055 1349 4140 presbiter
1379 4053 1510 4122 rectori
1533 4052 1680 4122 ecclesie
1709 4055 1825 4122 sancti
1850 4055 1997 4122 martini
2013 4093 2031 4140 ,1
2047 4058 2142 4142 quod

296 4209 441 4298 quidam
464 4209 688 4298 guaimarius
709 4227 826 4277 comes
848 4207 945 4275 filius
968 4206 1116 4294 guidoni
1142 4207 1260 4275 comiti
1287 4227 1308 4274 a
1333 4209 1423 4272 nobo
1439 4207 1646 4274 fundamine
1669 4205 1873 4294 construxit
1896 4209 1935 4274 in
1952 4208 2060 4275 rebus
2076 4227 2144 4276 sua

298 4364 393 4433 ulter
414 4363 521 4433 dubio
544 4363 672 4450 lirinu,
695 4361 894 4450 propinquo
918 4360 1087 4431 carnaria
1109 4360 1328 4444 pertinentes
1344 4359 1387 4426 de
1404 4362 1548 4428 hactum
1569 4359 1829 4426 salernitanam
1853 4357 2050 4445 civitatem,
2071 4379 2148 4429 una

298 4520 402 4604 pecia
425 4519 469 4588 de
494 4526 593 4590 terra
616 4521 732 4588 bacua
756 4522 791 4588 et
813 4535 895 4585 cum
916 4513 1095 4602 aliquanti
1122 4513 1302 4598 castanei,
1331 4512 1422 4598 quod
1446 4529 1528 4598 pars
1552 4509 1664 4597 ipsius
1689 4513 1835 4579 ecclesie
1857 4515 1940 4580 abet
1965 4513 2003 4578 in
2027 4513 2144 4579 locum

297 4673 517 4760 campilianu
541 4673 775 4743 salernitanis
798 4669 944 4754 finibuS,
968 4687 1031 4753 per
1055 4670 1119 4734 hec
1144 4666 1226 4734 linis
1250 4639 1285 4732 et
1308 4666 1500 4732 mensurie:
1525 4666 1568 4732 de
1592 4683 1791 4752 unapars,
1819 4666 1911 4750 quod
1940 4669 1994 4734 est
2019 4687 2041 4734 a
2064 4688 2148 4752 pars

297 4825 612 4916 septemtrionalis,
636 4827 708 4894 fine
732 4825 844 4912 ipsius
867 4820 1027 4907 ecclesie,
1052 4822 1134 4887 inde
1159 4821 1253 4906 passi
1277 4822 1429 4888 sedecim
1452 4819 1555 4906 pedes
1578 4819 1659 4886 duo:
1678 4839 1799 4906 apars
1821 4819 1972 4888 orientis
1997 4822 2068 4888 llne
2088 4821 2151 4890 bia

299 4981 494 5067 ioionense,
517 4981 603 5048 sunt
626 4977 708 5046 inde
732 4975 830 5065 passi
854 4975 1047 5062 sexaginta
1072 4976 1184 5040 boeto:
1203 4993 1225 5040 a
1241 4993 1325 5059 pars
1348 4972 1497 5041 meridie
1514 4937 1584 5041 line
1600 4974 1757 5061 predicte
1771 4973 1933 5059 ecclesie,
1951 4974 2033 5041 inde
2050 4975 2148 5060 passi

298 5132 567 5222 quinquaginta
590 5137 676 5200 tres:
701 5151 724 5200 a
748 5149 832 5218 pars
855 5127 1074 5198 hoccidentis
1098 5128 1167 5194 line
1191 5128 1325 5213 prefate
1349 5127 1510 5211 ecclesie,
1525 5131 1561 5196 et
1577 5127 1658 5194 inde
1674 5131 1757 5196 sunt
1780 5129 1874 5214 passi
1898 5125 2146 5212 quadraginta

299 5306 376 5373 sex;
400 5291 437 5354 et
460 5285 661 5354 rebolbente
685 5284 724 5351 in
747 5302 831 5371 pars
855 5267 1002 5351 meridie
1033 5301 1095 5367 per
1126 5279 1332 5366 supradicta
1356 5279 1427 5345 line
1457 5276 1603 5345 ecclesie
1627 5280 1710 5344 sunt
1741 5278 1823 5346 inde
1846 5277 1940 5364 passi
1965 5277 2085 5344 decem
2109 5283 2146 5342 et

300 5444 425 5510 nobem
448 5445 485 5508 et
507 5437 663 5506 medium
687 5453 841 5522 passum.
858 5436 982 5504 Totum
1006 5437 1249 5502 mensuratum
1273 5439 1311 5500 at
1334 5433 1426 5498 iusto
1450 5448 1593 5517 passum
1610 5431 1762 5515 homini,
1785 5431 1863 5498 ideo
1880 5435 1954 5498 tota
1969 5433 2006 5496 et
2025 5427 2154 5495 inclita

301 5595 382 5680 ipsa
405 5594 507 5678 pecia
530 5591 573 5660 de
597 5593 696 5658 terra
719 5608 782 5676 per
807 5586 973 5656 iamdicte
1006 5587 1088 5653 linis
1110 5591 1146 5652 et
1169 5583 1370 5668 mensurio,
1395 5602 1476 5648 cum
1500 5583 1620 5651 omnia
1643 5581 1739 5650 intro
1762 5581 2013 5649 scatentibus
2036 5585 2154 5650 omni-

305 5747 442 5832 busque
466 5745 541 5813 suis
563 5740 803 5831 pertinentiis
828 5745 967 5808 etcum
991 5740 1068 5806 vice
1091 5739 1133 5805 de
1158 5739 1216 5805 via
1232 5756 1309 5821 sua,
1334 5737 1416 5805 illut
1438 5735 1548 5803 michi
1570 5735 1797 5805 tradiderunt
1821 5735 1859 5801 in
1883 5751 1923 5802 oc
1947 5735 2085 5820 ordine,
2113 5743 2155 5803 ut

303 5901 427 5971 amodo
451 5906 487 5968 et
511 5918 620 5987 usque
643 5895 827 5966 duodecim
852 5897 939 5965 anni
970 5893 1123 5977 conpleti
1154 5911 1219 5976 ego
1244 5897 1279 5958 et
1302 5911 1397 5958 meos
1423 5889 1569 5958 heredes
1601 5889 1766 5958 inclitum
1792 5888 1872 5957 illut
1904 5894 2023 5956 nostre
2056 5894 2155 5976 potc-
