5334 7098
574 572 642 644 170
1207 567 1381 638 donax
1418 562 1684 636 CAVENSIS

526 797 595 883 sie,
618 798 702 863 sunt
726 794 807 862 inde
831 791 923 880 passi
949 795 1105 861 centum:
1131 809 1153 858 a
1177 788 1438 858 sebtemtrionis
1463 789 1534 856 line
1558 787 1723 856 similiter
1748 787 1859 873 ipsius
1877 785 2037 873 ecclesie,
2061 791 2145 854 sunt
2172 786 2253 856 inde
2277 789 2376 874 passi

525 952 669 1017 centum
695 945 869 1034 triginta:
895 966 917 1014 a
941 963 1025 1032 pars
1049 942 1242 1010 occidentis
1266 943 1337 1009 dne
1359 939 1527 1007 similiter
1551 940 1664 1026 ipsius
1692 938 1860 1023 ecclesie,
1885 943 1968 1004 sunt
2001 939 2084 1006 inde
2108 940 2205 1024 passi
2231 943 2376 1007 centum

527 1082 688 1186 quinque
701 1123 707 1166 :
733 1119 755 1168 a
779 1118 863 1186 pars
886 1099 1035 1166 meridie
1060 1097 1130 1164 dne
1153 1095 1267 1182 ipsius
1290 1095 1438 1163 ecclesie
1461 1098 1496 1163 et
1520 1095 1759 1180 coniungente
1783 1112 1820 1160 se
1846 1095 1883 1160 in
1908 1092 1986 1178 ipsa
2011 1094 2130 1178 priore
2153 1093 2266 1178 fines,
2292 1097 2376 1160 sunt

520 1254 614 1323 ¹inde
637 1255 733 1340 passi
757 1259 900 1322 centum
924 1252 1055 1340 biginti
1081 1255 1230 1337 sebtem,
1247 1254 1359 1318 totum
1376 1249 1421 1318 ari
1445 1251 1538 1316 iusto
1561 1265 1704 1334 passum
1727 1244 1839 1314 omini
1865 1253 2123 1332 mensuratum3
2141 1264 2179 1312 eo
2197 1263 2278 1312 vero
2301 1264 2380 1331 pre-

526 1405 625 1473 dicta
648 1405 749 1491 pecia
773 1405 816 1474 de
840 1409 937 1472 terra
959 1421 1023 1490 per
1040 1401 1207 1470 iamdicto
1230 1401 1313 1468 fluis
1329 1406 1366 1468 et
1381 1401 1561 1467 mensuris
1585 1403 1700 1468 totum
1715 1403 1751 1466 et
1767 1399 1931 1466 inclitum
1950 1399 2031 1464 illut
2049 1418 2129 1464 cum
2144 1397 2266 1466 omnia
2283 1397 2378 1464 intro

526 1575 564 1626 se
589 1561 776 1627 abentibus
800 1563 939 1627 etcum
963 1558 1039 1626 vice
1062 1558 1104 1625 de
1130 1557 1190 1624 bia
1213 1575 1278 1623 sua
1301 1554 1382 1622 illut
1405 1554 1494 1621 milii
1520 1555 1593 1640 ipse
1609 1553 1791 1620 maraldus
1816 1569 1990 1619 unacum
2015 1552 2091 1636 ipso
2116 1545 2237 1637 ltetrus
2261 1569 2377 1617 comes

526 1707 571 1777 ad
593 1683 853 1795 pastonaudum
877 1710 1131 1778 abellanietum
1155 1725 1218 1793 pro
1241 1725 1324 1794 pars
1347 1710 1383 1774 et
1407 1707 1482 1774 vioe
1499 1705 1610 1792 ipsius
1633 1705 1780 1774 ecclesie
1805 1706 2046 1773 tradiderunt:
2064 1708 2210 1772 tantum
2227 1724 2288 1791 per
2305 1707 2374 1777 ista

525 1863 740 1932 tradictione
764 1865 1041 1932 reserbaberunt
1065 1862 1123 1928 bia
1149 1880 1258 1947 usque
1276 1861 1353 1945 ipsa
1370 1862 1474 1926 robus
1498 1859 1610 1945 ipsius
1625 1857 1786 1942 ecclesie,
1802 1856 1862 1943 qui
1882 1861 1934 1923 est
1950 1859 1995 1924 ab
2012 1857 2090 1942 ipsa
2106 1877 2189 1943 pars
2210 1859 2374 1946 meridie,

525 2015 572 2084 ad
596 2015 870 2104 ingrediendum
893 2021 929 2083 et
953 2013 1227 2102 regrediendum
1250 2003 1462 2098 pars‘ipsius
1478 2011 1625 2080 ecclesie
1641 2010 1834 2078 cumomni
1851 2028 1913 2077 sue
1930 2011 2155 2096 congruitate
2171 2012 2269 2077 omni
2286 2018 2376 2079 tem-

527 2185 612 2254 pore
636 2187 746 2254 usque
770 2168 848 2254 ipsa
872 2171 977 2235 retius
1000 2167 1111 2253 ipsius
1126 2165 1273 2232 ecclesie
1290 2184 1357 2250 que
1371 2167 1423 2232 est
1439 2165 1485 2232 ab
1501 2164 1580 2249 ipsa
1595 2181 1679 2248 pars
1695 2161 1971 2246 sebtemtrionis3
1990 2180 2074 2228 nam
2092 2161 2171 2247 ipsa
2188 2162 2376 2230 tradictio-

524 2339 582 2407 ne,
607 2321 699 2388 sicut
722 2321 893 2404 diximus,
919 2318 1084 2386 inclitum
1107 2317 1188 2384 illut
1211 2337 1293 2384 curn
1317 2318 1391 2384 vice
1415 2318 1457 2386 de
1474 2315 1535 2384 bia
1559 2314 1649 2383 mihi
1673 2314 1719 2382 ad
1742 2314 2001 2401 pastenandum
2024 2314 2252 2383 tradiderunt
2276 2315 2373 2383 abel-

523 2475 710 2561 lanietum,
733 2473 798 2542 tali
822 2473 959 2557 ordine,
989 2475 1028 2537 ut
1055 2471 1179 2539 amodo
1204 2477 1238 2538 et
1264 2489 1374 2556 usque
1398 2469 1563 2538 tridecim
1586 2470 1674 2538 anni
1702 2469 1865 2556 complcti
1892 2470 1937 2538 ad
1968 2475 2091 2537 nostra
2116 2469 2219 2536 etde
2244 2469 2376 2536 nostris
2430 2483 2436 2504 ·

523 2627 688 2694 eredibus
711 2628 785 2693 sint
808 2628 982 2711 potestate
1005 2642 1063 2691 eos
1088 2624 1279 2691 tenendum
1303 2628 1338 2689 et
1361 2623 1635 2709 dominandum,
1658 2628 1694 2691 et
1716 2623 1816 2689 lobee
1839 2629 1876 2690 et
1908 2623 2021 2690 omnis
2054 2627 2171 2690 nostre
2205 2622 2376 2692 utilitatis

524 2781 619 2848 iusta
642 2779 816 2848 rationem
843 2778 973 2846 ibidem
998 2777 1189 2861 faciamus,
1215 2783 1250 2843 ot
1273 2777 1303 2841 si
1329 2777 1543 2844 boluerimus
1560 2778 1692 2845 ibidem
1708 2779 1847 2845 mittere
1872 2777 2050 2844 ominibus
2073 2777 2118 2845 ad
2143 2777 2374 2844 residendum
2425 2735 2429 2742 Ι

523 2937 558 3001 et
582 2933 833 3017 laborandum,
858 2937 1067 3019 potestatem
1091 2933 1281 3016 abeamus,
1307 2939 1343 2996 ot
1366 2949 1432 3016 ego
1448 2930 1504 2996 vol
1520 2930 1607 2997 meis
1623 2931 1787 2997 creditus
1805 2935 1916 2998 toturn
1934 2928 2015 2997 illut
2032 2935 2260 3016 pastenemus
2278 2931 2377 3000 abel-

525 3086 697 3155 lanietum
729 3088 771 3154 de
803 3089 891 3153 bone
922 3084 1104 3172 abelleno,
1129 3092 1166 3153 et
1189 3103 1248 3152 cos
1277 3083 1471 3169 oultcmuS,
1501 3083 1594 3152 sicut
1625 3083 1818 3168 meruerit3
1849 3087 1885 3149 ct
1909 3089 2042 3169 quanto
2060 3083 2223 3152 attellano
2249 3085 2377 3152 amodo

524 3218 560 3306 e't
587 3257 698 3324 usque
713 3239 838 3304 nobem
855 3239 942 3306 anni
958 3237 1121 3323 completi
1140 3237 1270 3305 ibidem
1287 3237 1549 3322 collexerimus,
1566 3243 1601 3305 et
1617 3236 1779 3322 quicquit
1795 3237 2001 3307 annualiter
2020 3237 2151 3306 ibidem
2168 3239 2375 3322 fecerimus

527 3398 639 3459 totum
662 3397 781 3458 nostre
805 3391 853 3458 sit
878 3390 1064 3478 potestatis
1088 3395 1124 3456 et
1147 3391 1282 3457 nullam
1306 3388 1498 3457 sortionem
1522 3391 1603 3460 indo
1628 3393 1673 3459 ad
1698 3411 1780 3476 [lars
1798 3393 1909 3477 ipsius
1932 3392 2092 3475 ecclesio,
2118 3397 2236 3478 preter
2260 3397 2375 3459 terra-

527 3545 638 3614 ticum
660 3544 854 3612 secundum
878 3543 1167 3611 consuetudinem
1190 3542 1232 3610 de
1257 3545 1332 3629 ipso
1348 3543 1475 3610 locum.
1493 3543 1539 3610 ad
1555 3541 1719 3628 completi
1737 3548 1855 3611 autem
1874 3542 1942 3629 ipsi
1960 3545 2088 3610 nobem
2105 3545 2192 3610 anni
2211 3543 2377 3612 inantea

527 3718 639 3786 usque
665 3699 841 3784 quadtuor
865 3697 952 3766 anni
978 3697 1154 3783 completi,
1172 3703 1211 3764 ut
1226 3698 1349 3764 amodo
1365 3715 1401 3766 se
1418 3695 1619 3782 compleant
1643 3696 1711 3782 ipsi
1735 3695 1900 3763 tridecim
1923 3696 2025 3782 anni,
2050 3702 2186 3780 quante
2212 3697 2377 3768 abellane

527 3848 658 3918 ibidem
681 3851 950 3948 collexerimus,
975 3850 1121 3919 tertiam
1143 3857 1245 3938 parto
1276 3849 1358 3918 inde
1390 3852 1513 3917 secohe
1537 3850 1582 3916 ad
1613 3848 1737 3916 domus
1769 3852 1892 3916 nostra
1921 3849 2044 3915 demus
2078 3850 2123 3918 ad
2156 3869 2240 3935 pars
2265 3844 2399 3936 ipsius'

526 4003 691 4090 ecclesie,
716 4009 751 4070 et
774 4002 910 4087 relique
933 4002 1000 4068 due
1024 4002 1129 4068 sortis
1154 4000 1234 4066 illut
1257 4001 1359 4066 nobis
1390 4003 1578 4085 abeamus;
1604 4003 1648 4068 ad
1673 4003 1838 4088 completi
1864 4005 1984 4070 autem
2010 4001 2076 4087 ipsi
2102 4003 2265 4070 tridecim
2290 4003 2379 4072 anni

528 4175 592 4224 nos
616 4161 736 4226 autem
759 4157 815 4224 rel
838 4157 969 4223 nostris
991 4156 1156 4224 eredibus
1180 4159 1349 4224 abeamus
1374 4157 1412 4220 iu
1429 4161 1502 4222 tota
1527 4157 1604 4242 ipsa
1628 4159 1726 4223 terra
1752 4173 1813 4240 per
1838 4155 2010 4222 iamdicto
2033 4156 2115 4224 linis
2140 4162 2175 4224 ot
2199 4157 2378 4225 mensurio

527 4307 784 4377 abellanietum
809 4310 955 4394 tactum,
979 4311 1187 4394 operatum,
1214 4313 1250 4375 et
1282 4307 1470 4394 cultatum,
1499 4312 1535 4375 et
1558 4269 1699 4375 surium
1722 4308 1764 4374 de
1789 4311 1954 4394 superet
1978 4309 2021 4375 de
2045 4311 2191 4397 subter,
2216 4312 2309 4378 sicut
2331 4313 2375 4378 de

526 4465 646 4532 tantos
671 4481 785 4531 aranos
810 4464 905 4530 locus
929 4466 1005 4549 ipse
1028 4463 1215 4548 meruerit,
1239 4468 1278 4530 ut
1301 4466 1389 4530 beno
1412 4463 1543 4548 paread
1567 4463 1714 4546 lactum,
1740 4466 1775 4529 et
1792 4464 1864 4530 iam
1888 4463 1926 4528 in
1950 4467 2059 4532 antea
2083 4465 2181 4531 omni
2207 4467 2379 4552 tempore,

527 4615 609 4683 dum
637 4635 700 4683 nos
725 4617 777 4684 rel
802 4618 935 4684 nostris
958 4616 1121 4684 eredibus
1152 4617 1233 4683 illut
1257 4621 1379 4684 tenero
1403 4623 1438 4683 et
1471 4617 1634 4685 laborare
1664 4617 1881 4684 boluerimus
1912 4623 2014 4686 natos
2045 4624 2232 4704 nascente,
2264 4624 2378 4686 totum

527 4773 648 4836 nostre
672 4770 719 4835 sit
744 4767 931 4855 potestatis
954 4786 1012 4835 ecs
1036 4769 1229 4835 tenendum
1245 4775 1280 4836 et
1296 4769 1563 4855 dominandum,
1582 4775 1617 4838 et
1634 4770 1731 4836 sobee
1749 4775 1784 4838 et
1808 4769 1924 4836 omnis
1948 4775 2069 4837 nostre
2086 4770 2257 4842 utilitatis
2282 4775 2379 4841 iusta

528 4924 703 4990 rationem
727 4923 859 4991 ibidem
882 4923 1069 5009 faciamus,
1084 4929 1121 4991 et
1137 4928 1250 4990 totum
1270 4925 1346 5009 ipso
1361 4921 1617 4990 abellanietum
1641 4913 1859 5008 temporibus
1883 4923 1956 4990 suis
1981 4925 2180 4994 laboremus
2204 4935 2240 4996 et
2263 4929 2374 5014 culte-

528 5095 608 5145 mus
630 5077 672 5145 de
689 5097 794 5163 super
810 5084 845 5145 et
861 5079 903 5146 de
928 5081 1064 5164 subter,
1089 5079 1182 5148 sicut
1205 5081 1302 5146 locus
1327 5078 1400 5164 ipse
1419 5077 1608 5164 meruerit,
1625 5085 1661 5148 et
1681 5081 1757 5168 ipso
1781 5079 2035 5150 abellanietum
2061 5083 2278 5170 temporibus
2301 5086 2376 5152 suis

529 5230 740 5317 colligamus
755 5235 791 5299 et
813 5235 1029 5320 secchemuS,
1047 5237 1082 5301 et
1098 5232 1271 5302 iaciamus
1288 5236 1379 5303 scire
1402 5255 1485 5322 pars
1502 5235 1614 5322 ipsius
1638 5237 1784 5303 ecclesie
1802 5257 1824 5303 a
1840 5254 1908 5321 quo
1932 5236 2094 5304 abellane
2111 5237 2143 5304 ei
2161 5238 2378 5325 dederimus,

530 5389 570 5452 ut
593 5385 737 5472 dirigad
760 5387 891 5455 ibidem
906 5390 1054 5456 missurn
1070 5409 1188 5474 suum,
1206 5393 1241 5458 et
1257 5393 1328 5456 tote
1346 5391 1420 5476 ipse
1437 5391 1598 5460 abollaue
1616 5392 1661 5458 ad
1678 5393 1800 5458 domus
1816 5398 1938 5460 nostra
1960 5392 2174 5460 dividamusz
2203 5394 2278 5479 ipso
2297 5395 2379 5462 mis-

529 5559 609 5609 sum
633 5543 742 5611 tollad
766 5561 824 5611 eos
847 5546 990 5614 tertiam
1015 5552 1129 5634 parte,
1146 5549 1182 5614 et
1198 5563 1262 5612 nos
1279 5545 1332 5613 vel
1350 5547 1480 5612 nostris
1503 5546 1668 5613 eredibus
1684 5547 1848 5613 tollamus
1873 5545 2010 5631 relique
2027 5547 2096 5614 due
2112 5549 2238 5633 sortis;
2255 5555 2291 5615 et
2307 5569 2376 5633 que

528 5699 653 5766 amodo
677 5705 712 5766 et
737 5719 873 5788 semper
898 5700 1029 5768 ibidem
1059 5701 1379 5785 seminaberimus,
1413 5701 1535 5767 demus
1569 5700 1650 5766 indo
1675 5699 1720 5766 ad
1754 5717 1835 5786 pars
1861 5699 1972 5785 ipsius
1996 5687 2142 5769 ecclesie
2166 5703 2375 5772 terraticum

529 5853 720 5921 secundum
744 5855 1035 5923 consuetudinem
1058 5854 1101 5922 de
1118 5853 1192 5939 ipso
1216 5855 1345 5940 locum,
1361 5857 1397 5920 et
1414 5853 1488 5938 ipso
1504 5853 1665 5938 missum,
1689 5853 1748 5938 qui
1778 5852 1907 5918 ibidem
1931 5851 2108 5922 direxerit
2133 5856 2178 5922 ad
2203 5858 2378 5940 recipien-
