5376 7104
991 569 1399 648 DlPLOMATlCUS
2006 577 2077 649 285

272 802 365 891 quod
390 800 600 872 annualiter
623 820 708 889 pars
734 801 900 870 iamdicta
923 772 1043 873 nostre
1067 798 1214 868 ecclesie
1234 797 1323 866 illuc
1345 798 1520 868 direxerit
1544 819 1608 886 pro
1631 800 1706 886 ipse
1730 798 1909 888 abellane,
1936 800 2010 868 illis
2035 821 2119 871 eum

271 955 440 1026 nutriant
463 953 657 1024 secundum
679 972 779 1023 suam
804 953 1093 1040 possibilitatem,
1116 952 1227 1021 donec
1250 971 1314 1038 pro
1338 953 1413 1039 ipse
1437 949 1602 1020 abellane
1625 954 1872 1039 recipiendum
1897 954 2029 1023 ibidem
2048 959 2118 1024 ste-

271 1106 372 1193 terit3
397 1111 434 1176 et
456 1107 563 1195 quale
588 1111 744 1194 tempore
770 1107 817 1175 da
840 1105 909 1194 ipsi
932 1104 1115 1174 duodecim
1141 1104 1230 1174 anni
1255 1105 1294 1172 in
1319 1109 1428 1174 antea
1453 1105 1535 1174 illut
1558 1109 1680 1174 tenere
1697 1110 1733 1175 et
1750 1106 1914 1177 laborare
1939 1107 2124 1181 noluerint

274 1260 313 1327 in
337 1258 548 1348 supradicta
571 1258 733 1345 ratione,
764 1256 953 1326 remittant
982 1255 1064 1323 illut
1095 1255 1140 1326 ad
1171 1274 1253 1343 pars
1285 1256 1451 1326 iamdicta
1475 1260 1595 1326 nostre
1618 1259 1767 1328 ecclesie
1791 1263 1998 1347 operatum,
2022 1261 2122 1330 sicut

276 1410 351 1478 illis
374 1410 499 1479 diebus
522 1409 708 1498 meruerit,
723 1413 760 1477 et
777 1409 848 1477 illis
871 1407 985 1477 licead
1009 1406 1091 1476 inde
1115 1409 1217 1478 exire
1239 1427 1321 1477 cum
1343 1428 1452 1480 causa
1468 1429 1535 1480 sua
1558 1429 1626 1498 que
1649 1411 1700 1479 ibi
1717 1414 1872 1498 abuerit,
1890 1412 1969 1479 sine
1987 1417 2127 1483 contra-

274 1563 407 1635 rietate
431 1563 474 1633 de
497 1582 582 1651 pars
605 1563 763 1650 predicte
787 1568 906 1632 nostre
929 1563 1090 1630 ecclesie.
1115 1566 1163 1630 De
1187 1583 1259 1650 qua
1282 1583 1346 1651 per
1369 1566 1461 1636 bona
1484 1567 1746 1636 combenientia
1770 1568 1904 1654 guadia
1927 1567 2030 1635 nobis
2049 1569 2150 1656 ipse·

273 1725 396 1808 petrus
418 1719 529 1807 dedit,
546 1723 581 1787 et
599 1717 791 1787 mediatore
809 1717 911 1784 nobis
927 1717 1045 1802 posuit
1068 1722 1192 1804 petrus
1214 1717 1366 1787 clericus
1389 1719 1485 1787 illius
1501 1720 1680 1806 quondam
1697 1721 1792 1790 leoni
1815 1720 1877 1809 qui
1897 1721 2030 1790 residet
2048 1742 2129 1809 pro·

277 1873 417 1962 pinquo
446 1877 550 1959 porta
573 1872 678 1957 elini,
702 1877 738 1938 et
761 1889 824 1958 per
848 1870 969 1940 eadem
993 1870 1128 1958 guadia
1151 1874 1214 1939 eto.
1241 1874 1389 1941 statuta
1412 1877 1547 1942 mulcta
1569 1876 1700 1960 captati
1723 1877 1916 1943 solidorum
1940 1881 2026 1944 nard
2048 1895 2131 1946 con-

278 2029 605 2096 stantinianoram.
631 2029 753 2093 tamen
770 2023 975 2110 supradicta
991 2025 1096 2091 rebus
1112 2024 1146 2092 ei
1163 2022 1376 2093 tradidimus
1392 2045 1474 2094 cum
1489 2029 1565 2095 bice
1580 2028 1622 2096 de
1640 2029 1699 2096 bia
1714 2047 1796 2117 sua,
1813 2033 1849 2097 et
1864 2031 1960 2098 hunc
1977 2033 2124 2101 brebem

276 2181 404 2269 scripsi
428 2198 494 2268 ego
518 2178 720 2247 romoaldus
743 2179 920 2246 notarius

323 2308 353 2423 †
378 2337 454 2423 Ego
476 2335 648 2404 iohannes
672 2332 836 2402 notarius
859 2351 915 2400 me
939 2333 1133 2419 subscripsi

323 2460 354 2577 †
378 2491 453 2577 Ego
475 2493 599 2575 petrus
623 2489 787 2556 notarius
812 2501 875 2556 me'
892 2486 1084 2573 subscripsi

324 2614 355 2730 †
379 2645 453 2732 Ego
477 2642 674 2730 iaquintus.

1108 3223 1309 3306 DCCV.

1076 3490 1132 3567 A.
1161 3489 1211 3566 D.
1241 3484 1363 3566 1018.

333 3693 368 3833 †
392 3747 432 3813 ln
456 3746 600 3814 nomine
623 3745 758 3815 domini
782 3745 949 3814 bicesimo
973 3711 1065 3814 nono
1088 3765 1185 3816 anno
1208 3749 1431 3836 principatus
1454 3749 1574 3817 domni
1598 3747 1711 3814 nostri
1735 3745 1940 3834 guaimari,
1965 3751 2001 3815 et
2024 3747 2133 3816 tertio

286 3918 382 3970 anno
403 3899 632 3987 principatus
655 3899 778 3967 domni
800 3901 951 3970 iohanni
975 3902 1053 3969 eius
1076 3901 1169 3988 filie,
1192 3900 1337 3988 gloriosi
1362 3901 1595 3988 principibus
1621 3918 1740 3967 mense
1763 3901 1982 3986 februarius,
2007 3901 2130 3987 prima

290 4054 497 4122 indictione.
521 4054 813 4156 memoratorium
838 4054 937 4122 sactu
960 4073 983 4121 a
1006 4073 1062 4121 me
1086 4052 1180 4122 maio
1203 4053 1377 4140 presbiter
1399 4057 1436 4122 et
1459 4055 1570 4122 abbas
1594 4041 1747 4121 ecclesie
1766 4054 1880 4121 sancti
1899 4054 2067 4141 maximi,
2094 4073 2137 4122 eo

290 4208 383 4293 quod
406 4212 490 4277 ante
513 4208 706 4294 subscripti
731 4211 839 4276 testes
862 4227 925 4294 per
949 4207 1042 4275 bona
1065 4205 1340 4292 combenientia,
1366 4225 1439 4276 una
1461 4227 1599 4277 mecum
1624 4208 1763 4277 adesset
1787 4211 1908 4294 petrus
1932 4225 2049 4276 comes
2074 4209 2139 4294 qui

290 4366 344 4430 est
367 4362 556 4431 adbocator
580 4366 616 4431 et
639 4379 751 4430 unum
773 4361 815 4429 de
839 4359 990 4429 dominii
1015 4359 1129 4448 ipsius
1152 4358 1313 4447 ecclesie,
1336 4359 1549 4430 tradidimus
1566 4361 1642 4429 ursi
1658 4359 1732 4427 illio
1747 4360 1926 4448 quondam
1945 4360 2052 4447 ligori
2069 4364 2133 4447 qui

293 4517 360 4585 luit
383 4519 426 4588 de
450 4519 583 4608 amalfi,
607 4525 645 4590 et
669 4518 1054 4588 rossemanni'diaconi
1079 4527 1116 4590 et
1135 4517 1297 4606 iohanni,
1314 4519 1376 4604 qui
1396 4521 1479 4586 sunt
1494 4518 1596 4604 pater
1611 4522 1647 4586 et
1662 4517 1772 4604 illius,
1789 4520 1888 4585 terra
1900 4517 2144 4603 pertinentem

298 4672 412 4758 ipsius
433 4674 594 4760 ecclesie,
618 4675 711 4762 quod
735 4677 819 4744 abet
835 4675 934 4743 intus
957 4692 1026 4742 anc
1049 4674 1309 4746 salernitanam
1324 4673 1508 4744 cibitatem
1524 4694 1546 4743 a
1562 4691 1668 4761 super
1685 4673 1764 4760 ipsa
1780 4673 1932 4742 ecclesia
1948 4677 1984 4741 et
2000 4693 2023 4741 a
2039 4691 2147 4760 super

301 4831 417 4896 ortum
442 4830 600 4916 predicte
623 4831 785 4917 ecclesie,
803 4831 863 4897 ubi
881 4849 978 4899 nunc
994 4830 1067 4898 illis
1091 4848 1174 4900 casa
1196 4829 1369 4917 lingnitia
1393 4831 1526 4899 saetam
1549 4829 1673 4914 abunt,
1690 4826 1752 4913 qui
1768 4831 1821 4895 est
1845 4827 1923 4914 ipsa
1946 4831 2060 4915 terra,
2085 4826 2147 4895 ubi

316 5000 383 5070 psa
405 5003 489 5053 casa
513 4987 637 5071 abunt,
662 5003 725 5070 per
748 5005 788 5053 ec
812 4983 897 5052 finis
919 4989 956 5053 et
971 4985 1167 5053 mensuria:
1194 5003 1216 5053 a
1239 5003 1321 5071 pars
1345 4982 1493 5054 meridie
1517 4984 1588 5051 fine
1613 4982 1724 5069 ipsius
1748 4981 1911 5068 ecclesie,
1935 4981 2017 5050 inde
2042 4981 2150 5068 pedes

305 5137 427 5206 decom
451 5141 486 5206 et
509 5143 655 5225 septem:
674 5159 696 5206 a
712 5157 795 5226 pars
811 5139 1002 5208 occidentis
1018 5138 1183 5206 similiter
1199 5137 1270 5206 fine
1287 5136 1398 5222 ipsius
1414 5135 1573 5223 ecclesie,
1591 5135 1673 5203 inde
1689 5135 1794 5221 pedes
1810 5135 1968 5203 sidecim:
1987 5135 2151 5223 desuper

300 5293 468 5362 similiter
485 5295 556 5363 flne
582 5293 695 5380 ipsius
710 5294 871 5383 ecclesie,
889 5294 972 5363 inde
987 5294 1092 5380 pedes
1109 5291 1266 5362 sidecim:
1284 5313 1307 5362 a
1322 5309 1406 5380 pars
1421 5291 1569 5360 orientis
1585 5289 1749 5358 similiter
1766 5291 1837 5357 line
1853 5287 1965 5376 ipsius
1982 5289 2151 5378 ecclesie,

302 5447 384 5514 inde
407 5448 513 5537 pedes
529 5451 836 5540 quadtuordccim,
852 5455 969 5520 totum
985 5453 1230 5518 mensuratum
1247 5447 1291 5516 ad
1307 5445 1399 5515 iusto
1413 5445 1537 5532 pedem
1560 5463 1706 5512 manum
1730 5442 1854 5530 omini;
1872 5463 1912 5512 ec
1927 5461 2010 5510 vero
2026 5461 2151 5530 supra-

300 5601 400 5671 dicta
414 5607 515 5674 terra
531 5623 594 5693 per
611 5606 815 5693 supradicte
831 5606 914 5672 finis
928 5609 965 5672 et
988 5602 1168 5673 mensuris
1194 5601 1361 5670 inclitum
1386 5599 1467 5668 illut
1490 5617 1612 5668 eorum
1635 5597 1860 5685 tradidimus,
1885 5597 2041 5684 qualiter
2077 5598 2151 5668 illis

304 5755 381 5842 ipsa
398 5773 483 5828 casa
499 5759 629 5830 iactam
647 5761 774 5847 abunt,
791 5763 831 5827 ut
847 5759 922 5844 ipse
940 5776 1044 5824 ursus
1062 5775 1141 5825 cum
1159 5756 1275 5842 ipsum
1300 5755 1473 5823 iohannes
1496 5753 1570 5820 lllio
1593 5769 1656 5820 suo
1678 5755 1842 5820 tenerent
1866 5752 1942 5840 ipsa
1959 5753 2152 5823 medietate

300 5928 325 5978 a
355 5927 438 5994 pars
469 5910 676 5999 occidentis,
701 5916 737 5980 et
763 5911 837 5998 ipse
860 5926 1089 5982 rossemanno
1113 5907 1284 5977 diaconus
1309 5907 1386 5994 ipsa
1411 5905 1485 5975 alia
1509 5905 1697 5975 medietate
1714 5925 1735 5974 a
1752 5923 1836 5992 pars
1861 5904 2023 5994 orientis,
2050 5905 2089 5974 in
2111 5925 2153 5976 eo
