5376 7094
960 522 1362 600 urruoulrruus
1995 533 2038 606 31

234 767 334 836 pare,
359 750 395 816 et
418 747 609 815 circuitum
633 745 791 834 cludere,
816 751 852 816 et
875 746 1013 816 clusum
1036 748 1118 816 illut
1141 752 1287 837 abeant,
1310 750 1403 818 sicut
1427 753 1613 838 meruerit,
1628 755 1665 819 et
1687 754 1740 821 sic
1763 756 1876 822 totum
1892 754 1974 824 illut
1993 756 2090 825 labo-

237 919 320 969 rare
343 899 387 967 de
412 916 518 986 super
534 897 627 966 etde
643 900 760 984 subto,
782 897 875 965 sicut
890 899 1074 988 meruerit,
1092 903 1132 967 ut
1148 900 1337 988 proficiant
1352 905 1388 970 et
1404 919 1474 969 non
1491 902 1710 991 dispereant,
1725 907 1763 974 et
1778 923 1840 992 per
1857 922 1994 974 annum
2009 906 2092 977 illut

232 1055 372 1122 salbum
396 1053 528 1139 facere3
553 1059 587 1122 et
611 1070 673 1138 per
698 1051 875 1120 vindemie
899 1051 1036 1122 saciant
1060 1054 1162 1120 nobis
1187 1054 1242 1122 vel
1266 1075 1351 1142 pars
1374 1061 1496 1126 nostre
1519 1057 1667 1127 ecclesie
1690 1059 1797 1147 scire,
1815 1063 1857 1128 ut
1881 1060 2012 1130 ibidem
2039 1063 2093 1131 dl-

234 1211 397 1298 rigamus
421 1211 568 1310 missum
592 1211 766 1294 nostrum,
790 1210 826 1274 et
850 1206 923 1275 illis
946 1209 1051 1276 vinea
1076 1207 1154 1295 ipsa
1170 1207 1408 1294 vindemiare,
1432 1209 1526 1278 sicut
1548 1213 1728 1280 menuerit
1751 1217 1834 1299 apto
1857 1217 2030 1302 tempore,
2055 1221 2091 1284 et

236 1380 341 1450 poma
365 1359 448 1428 inde
473 1359 655 1446 colligere,
679 1363 715 1428 et
737 1359 852 1428 omnis
876 1362 1001 1428 vinum
1017 1365 1053 1429 et
1069 1378 1173 1448 poma
1199 1361 1330 1429 exinde
1354 1361 1476 1447 ibique
1492 1361 1538 1430 ad
1555 1361 1776 1448 palmentum
1801 1365 1895 1434 11111
1920 1384 1983 1435 111
1998 1368 2091 1437 dibi-

232 1515 398 1584 deremns
422 1533 485 1601 per
509 1514 748 1582 medietatem:
775 1530 839 1580 nos
863 1513 1029 1584 tollamus
1055 1513 1137 1580 illut
1152 1513 1392 1600 medietatem,
1410 1517 1447 1582 et
1462 1515 1536 1582 illis
1552 1514 1792 1604 medietatem,
1811 1518 1927 1603 ipsum
1943 1522 2092 1590 missum

237 1670 413 1753 nostrum,
436 1668 520 1740 dum
545 1685 609 1754 pro
633 1667 707 1753 ipse
730 1664 914 1734 vendemio
931 1665 1064 1734 ibidem
1087 1667 1241 1753 steterit,
1258 1665 1331 1734 illis
1346 1685 1428 1734 eum
1444 1667 1581 1734 notrire
1604 1667 1800 1736 secundum
1823 1689 1889 1740 sue
1914 1673 2091 1758 possibili-

236 1822 360 1906 tatem3
384 1819 431 1887 ad
455 1820 620 1907 completi
644 1825 764 1889 autem
787 1821 856 1907 ipsi
879 1823 956 1888 octo
980 1819 1068 1888 anni
1093 1817 1256 1904 completi
1282 1819 1389 1888 liceat
1412 1819 1487 1886 illis
1510 1819 1594 1887 inde
1617 1821 1720 1889 exire
1735 1841 1817 1890 cum
1841 1840 1907 1891 sua
1930 1824 2090 1914 mobilia,

234 1975 272 2039 et
303 1973 432 2042 inclita
463 1974 709 2062 suprascripta
740 1977 846 2043 rebus
877 1978 1024 2063 operata
1054 1973 1238 2042 remittere
1269 1970 1315 2039 ad
1338 1973 1547 2058 potestatem
1570 1973 1728 2059 predicte
1760 1977 1880 2043 nostre
1903 1977 2088 2047 hecclesie.

238 2126 332 2194 unde
354 2145 419 2214 pro
441 2129 564 2198 taliter
587 2131 722 2218 guadia
745 2130 835 2197 mihi
859 2128 956 2197 dedit
978 2129 1054 2215 ipse
1077 2126 1289 2212 1111111111,
1305 2129 1341 2193 11
1356 2124 1588 2194 mediatorem
1611 2125 1699 2193 mihi
1724 2127 1845 2212 posuit
1867 2129 2007 2217 sergius
2022 2131 2091 2200 cle·

235 2281 332 2349 ricus
355 2281 453 2349 filius
477 2283 645 2350 iohannis
667 2283 808 2370 olperti3
831 2286 866 2350 et
889 2300 952 2369 per
976 2282 1054 2368 ipsa
1077 2281 1213 2368 guadia
1236 2280 1409 2365 obligavit
1432 2297 1470 2346 se
1492 2283 1529 2346 et
1551 2296 1633 2345 suos
1657 2279 1795 2366 eredes,
1820 2285 1859 2350 ut
1882 2284 1913 2350 si
1933 2283 2090 2371 aliquit,

233 2435 279 2504 de
302 2437 395 2523 quod
418 2438 584 2524 superius
607 2434 754 2524 legitur,
779 2437 960 2502 remobere
985 2438 1048 2503 ant
1070 2439 1236 2501 contrare
1259 2433 1432 2518 quesierit
1454 2434 1491 2498 et
1513 2431 1605 2500 talia
1629 2433 1668 2499 in
1691 2452 1776 2520 pars
1800 2435 1914 2521 ipsius
1939 2437 2087 2504 ecclesie

236 2607 308 2658 non
333 2589 597 2678 adimpleberit,
622 2593 709 2658 tunc
731 2606 794 2676 per
818 2586 897 2674 ipsa
921 2588 1057 2676 guadia
1079 2603 1289 2672 componere
1314 2585 1487 2672 obligavit
1508 2604 1545 2652 se
1562 2590 1604 2654 et
1622 2605 1704 2654 suos
1726 2587 1848 2656 eredes
1872 2589 1961 2658 mihi
1978 2588 2034 2656 vel
2051 2591 2090 2658 in

185 2802 187 2806 .
236 2764 321 2831 pars
344 2747 458 2832 ipsius
480 2743 627 2814 ecclesie
650 2743 783 2831 biginti
808 2743 889 2813 auri
912 2742 1040 2810 solidos
1062 2739 1358 2810 costantinianos.
1376 2739 1420 2807 Et
1437 2744 1535 2809 hunc
1559 2745 1702 2811 brebem
1725 2743 1851 2828 scripsi
1875 2759 1941 2829 ego
1965 2744 2090 2810 iohan-

235 2916 300 3004 nes
323 2901 487 2969 notarius
511 2898 573 2986 qui
598 2897 758 2966 interfui.

282 3030 312 3147 †
336 3075 403 3143 ego
424 3055 628 3125 teudericus
652 3073 707 3122 me
730 3053 922 3140 subscripsi

281 3182 312 3298 †
336 3227 403 3298 ego
424 3213 558 3298 petrus,

1047 3751 1283 3832 DLVIII.

1014 4014 1069 4091 Α.
1097 4015 1149 4094 D.
1177 4009 1305 4092 1004.

284 4237 319 4376 †
344 4287 383 4352 ln
408 4280 553 4349 nomine
575 4277 711 4348 domini
727 4276 987 4366 quintodecimo
1003 4289 1099 4342 anno
1114 4272 1337 4360 principatus
1353 4271 1473 4338 domni
1489 4271 1604 4338 nostri
1619 4271 1802 4357 guaimari
1819 4272 1964 4356 gloriosi
1989 4271 2088 4357 prin·

229 4445 335 4532 cipis,
360 4457 481 4510 mense
505 4435 708 4520 ianuarius,
732 4432 888 4503 secunda
904 4429 1111 4500 indictione.
1130 4423 1422 4494 memoratorium
1439 4424 1574 4492 factum
1590 4444 1613 4492 a
1628 4423 1730 4490 nobis
1746 4423 1800 4491 leo
1816 4427 1852 4490 et
1868 4421 1991 4492 ianaci
2007 4441 2087 4510 ger-

228 4596 330 4667 mani
354 4592 420 4660 filii
446 4591 596 4662 iohanni
620 4565 841 4674 curiali,'e0
864 4583 957 4673 quod
980 4587 1064 4652 ante
1088 4577 1280 4666 supseripti
1304 4573 1441 4644 idoneis
1464 4574 1667 4641 hominibus
1698 4571 1862 4641 coniunti
1894 4591 2018 4643 sumus
2041 4573 2087 4644 ad

228 4771 323 4822 vona
347 4745 635 4819 convenientiam
666 4763 748 4812 curn
771 4737 1022 4810 constantinus
1045 4749 1240 4824 germanus
1263 4733 1382 4797 noster
1406 4727 1503 4795 filius
1525 4724 1679 4814 predicti
1711 4725 1885 4814 iohanni,
1919 4728 1966 4796 ad
1996 4726 2087 4796 divi-

229 4905 386 4977 dendum
412 4903 507 4972 inter
531 4918 596 4968 nos
619 4899 725 4968 rebus
750 4898 785 4964 et
808 4897 907 4962 terra
930 4909 1011 4960 cum
1034 4885 1185 4976 parietis
1214 4881 1379 4954 lrabritis
1400 4881 1444 4950 de
1468 4880 1567 4949 intus
1589 4898 1629 4947 ec
1653 4879 1857 4968 civitatem,
1880 4881 1943 4968 qui
1966 4886 2019 4951 est
2042 4883 2088 4951 ad

230 5063 310 5150 ipsa
333 5061 431 5126 lama
455 5053 516 5142 qui
541 5053 610 5120 luit
633 5051 747 5138 ipsius
771 5045 927 5135 genitori
952 5047 1088 5129 nostro,
1111 5044 1148 5110 et
1172 5041 1273 5107 terra
1294 5054 1376 5104 cum
1398 5032 1505 5102 vinea
1527 5036 1563 5102 et
1587 5035 1741 5101 bacuum
1756 5030 1799 5101 de
1816 5032 1932 5100 locum
1956 5035 2084 5121 veteri,

227 5220 265 5286 11
287 5219 388 5284 terra
411 5230 494 5279 cum
516 5211 702 5278 arbustum
724 5205 768 5273 de
790 5203 906 5270 locum
929 5198 1005 5287 sepi
1029 5195 1122 5285 quod
1147 5207 1332 5262 commune
1356 5190 1517 5274 abemuS,
1533 5191 1570 5255 et
1585 5186 1711 5256 statim
1727 5185 1818 5256 mihi
1834 5189 1994 5276 predicto
2010 5189 2089 5259 111-

228 5367 313 5437 1111
337 5363 513 5433 dederunt
538 5359 604 5446 ipsi
628 5358 682 5427 leo
705 5361 741 5426 et
764 5353 998 5423 constantinu
1022 5349 1200 5436 quadtuor
1223 5345 1366 5432 solidos;
1382 5344 1419 5411 et
1435 5360 1500 5430 ego
1519 5341 1666 5412 ianneci
1683 5359 1748 5430 pro
1764 5342 1891 5412 taliter
1916 5361 1979 5428 per
1996 5360 2087 5414 vona

227 5512 525 5585 convenientiam
548 5507 675 5580 statim
698 5505 829 5575 dividit
852 5501 1062 5590 supradicta
1084 5503 1191 5568 rebus
1213 5501 1250 5568 et
1273 5497 1352 5585 ipsa
1387 5499 1486 5564 terra
1517 5515 1599 5562 cum
1631 5492 1719 5581 ipsis
1749 5491 1900 5580 perietis
1923 5493 2087 5563 frabritis

230 5673 270 5742 in
293 5679 368 5742 tres
392 5669 513 5738 sortis.
532 5672 612 5738 Una
634 5663 826 5734 sortionem
848 5662 917 5730 leci
941 5678 1017 5729 esse
1032 5656 1195 5746 predicta
1212 5659 1312 5726 terra
1328 5674 1409 5722 eum
1425 5651 1494 5740 ipsi
1511 5651 1662 5740 parietis
1676 5651 1839 5720 frabritis
1854 5669 1935 5718 cum
1950 5657 2089 5738 quanta

234 5829 342 5896 rebus
366 5825 514 5892 abemus
540 5819 579 5886 in
604 5819 720 5887 locum
742 5814 834 5904 sepi,
858 5813 951 5902 quod
973 5809 1075 5879 nobis
1099 5809 1339 5897 pertinentem
1362 5809 1416 5876 est
1432 5827 1455 5877 a
1470 5809 1574 5893 parte
1597 5803 1748 5892 predicti
1772 5801 1931 5892 genitori
1954 5810 2087 5892 nostr03
