5310 7080
612 575 656 642 lb
1195 559 1198 566 ⁵
1259 573 1433 644 CODEX
1465 575 1732 651 cavensis

562 800 656 868 rocci
680 799 759 866 viro
783 797 882 867 illius
905 801 940 867 et
965 797 1088 866 credes
1112 799 1213 912 eius,
1237 802 1273 868 91
1296 799 1326 865 01
1351 798 1394 868 de
1417 803 1496 888 ipsa
1512 804 1694 874 adelchisa
1710 825 1778 892 que
1794 807 1863 874 1011
1886 805 1962 875 fllia
1986 810 2137 894 predicti
2159 809 2320 897 geldoni,
2337 828 2414 878 ere

561 951 625 1020 des
649 968 722 1018 non
746 949 881 1036 suerit,
905 949 1126 1018 1911190101
1149 953 1360 1035 potestatem
1385 951 1497 1038 ipsius
1529 954 1589 1023 leti
1615 961 1651 1025 et
1674 959 1717 1026 de
1741 957 1821 1026 9100
1842 958 1990 1045 91911901
2015 959 2108 1028 unde
2132 959 2208 1046 ipse
2231 961 2411 1029 maraldus

562 1105 738 1189 presbiter
761 1105 824 1189 qui
847 1107 1029 1171 natusest
1052 1103 1095 1170 de
1117 1105 1239 1171 eredes
1262 1105 1411 1190 predicti
1432 1110 1526 1177 rocci
1548 1113 1584 1176 et
1600 1110 1791 1200 adelchisa,
1816 1114 1958 1181 offeruit
1984 1113 2211 1182 medietatem
2233 1117 2310 1182 1010
2334 1114 2412 1200 ipsa
2483 1137 2486 1144 ·

562 1259 671 1324 rebus
693 1257 732 1322 in
749 1254 911 1342 predicta
926 1255 1078 1322 eeclesia
1094 1259 1197 1323 sante
1211 1257 1339 1324 marie.
1360 1259 1453 1326 unde
1471 1261 1592 1347 ibique
1607 1265 1812 1333 ostederunt
1828 1265 1895 1333 due
1910 1264 2049 1334 cartule
2065 1265 2276 1353 offertionis,
2301 1284 2409 1334 unam

561 1409 683 1477 emisit
706 1410 751 1480 ad
776 1428 860 1496 pars
884 1410 997 1497 ipsius
1020 1408 1181 1498 ecclesie,
1205 1415 1241 1478 et
1263 1412 1373 1480 aliam
1397 1415 1504 1481 talem
1528 1416 1621 1500 quod
1645 1418 1720 1502 ipse
1736 1417 1918 1485 maraldus
1941 1435 2003 1484 sue
2028 1417 2214 1503 potestatis
2238 1417 2402 1486 retinuit.

559 1565 653 1630 unde
676 1567 712 1631 et
735 1563 805 1650 ipsi
828 1563 993 1650 germani
1018 1563 1222 1631 ostederunt
1237 1583 1308 1632 una
1324 1566 1464 1634 cartula
1480 1569 1734 1657 continentem,
1750 1568 1907 1655 qualiter
1931 1571 2109 1638 martinus
2133 1571 2229 1636 filius
2253 1569 2404 1655 predicti

560 1713 621 1783 leti
645 1718 921 1785 venumdederat
945 1718 1050 1783 rebus
1074 1734 1139 1782 sua
1155 1715 1247 1800 qued
1263 1718 1366 1784 abuit
1383 1720 1420 1784 in
1437 1720 1595 1804 copercle
1610 1726 1646 1788 et
1664 1720 1702 1786 in
1719 1719 1985 1806 pellenczanum
2008 1727 2044 1788 91
2068 1721 2285 1807 silbuneino,
2312 1721 2403 1788 leoni

559 1875 595 1937 et
618 1871 853 1938 mandelebisi
877 1869 1040 1955 germani
1057 1866 1123 1932 filii
1141 1867 1300 1937 ademari
1319 1869 1454 1939 visavio
1471 1871 1629 1957 ipsorum
1644 1876 1823 1960 germani,
1842 1875 1933 1941 unde
1950 1873 2046 1941 inter
2064 1874 2136 1940 illis
2154 1875 2197 1941 de
2213 1894 2261 1942 ex
2284 1875 2406 1943 eadem

562 2027 667 2092 rebus
690 2025 810 2110 plures
834 2023 1058 2092 causationes
1082 2024 1242 2108 suerunt3
1267 2030 1320 2090 set
1338 2029 1531 2110 autequam
1548 2045 1610 2111 per
1627 2027 1742 2111 legem
1766 2025 1849 2094 illut
1865 2026 1959 2093 inter
1986 2047 2022 2094 se
2047 2027 2209 2113 finirent,
2236 2034 2408 2095 venerunt

557 2177 687 2244 exinde
711 2177 872 2244 advena
895 2177 1179 2262 combenientia,
1210 2177 1305 2243 unde
1329 2181 1364 2242 91
1389 2177 1456 2261 ipsi
1479 2177 1644 2263 germani
1669 2182 1705 2244 91
1728 2177 1795 2264 ipsi
1825 2178 1935 2244 abbas
1958 2181 1994 2243 91
2018 2177 2202 2244 maraldus
2226 2181 2405 2265 presbiter

557 2327 1016 2396 adcommunaverunttota
1032 2328 1111 2412 ipsa
1127 2328 1315 2411 rebusque
1338 2327 1406 2392 1011
1429 2293 1680 2412 11191110111911,
1697 2325 1739 2391 de
1755 2327 1891 2408 quanta
1915 2325 1987 2391 illis
2008 2327 2108 2392 medo
2131 2327 2174 2393 de
2200 2327 2278 2412 ipsa
2303 2331 2407 2396 rebus

555 2481 775 2548 dominaturi
800 2485 835 2547 et
859 2480 1053 2565 possessuri
1079 2483 1164 2544 sunt
1186 2497 1233 2544 ex
1248 2478 1436 2545 medietate
1452 2477 1609 2564 ipsorum
1625 2476 1803 2564 germani,
1820 2482 1855 2543 et
1871 2477 2058 2546 medietate
2083 2479 2126 2546 de
2151 2481 2268 2564 ipsum
2293 2484 2406 2550 abbas

447 2643 451 2649 '
556 2639 592 2702 et
616 2635 814 2719 predictum
838 2631 1036 2717 0101011100,
1061 2637 1096 2698 91
1120 2631 1158 2696 10
1183 2635 1291 2698 00190
1315 2648 1377 2714 per
1401 2635 1521 2716 partes
1537 2631 1675 2714 quanta
1690 2629 1870 2695 monimen
1895 2630 1937 2695 de
1962 2629 2040 2715 ipsa
2064 2633 2170 2696 rebus
2195 2649 2258 2717 per
2283 2639 2406 2718 partes

556 2743 665 2856 abere
687 2787 880 2874 potuerint,
906 2791 1016 2853 totam
1041 2785 1140 2854 illam
1163 2785 1349 2851 ostendere
1374 2801 1483 2868 usque
1508 2783 1553 2850 ad
1577 2801 1699 2849 veram
1722 2787 1757 2848 01
1780 2781 1975 2851 diffinitam
1998 2781 2113 2870 legem
2137 2789 2276 2852 etcum
2300 2787 2404 2854 alteri

557 2940 762 3008 hominibus
786 2939 845 3024 qui
863 2939 905 3005 de
922 2938 999 3024 ipsa
1016 2940 1121 3003 rebus
1139 2939 1279 3021 tenunt,
1298 2935 1517 3002 unanimiter
1534 2937 1664 3002 exinde
1680 2954 1831 3004 causare
1853 2937 1985 3019 absque
2002 2939 2098 3006 omni
2115 2938 2268 3006 eelludio
2294 2959 2405 3026 usque

524 3161 526 3166 ,
554 3092 602 3159 ad
628 3111 749 3159 veram
772 3095 808 3156 91
831 3091 1022 3158 diffinitam
1048 3090 1176 3174 legem,
1200 3093 1235 3153 et
1258 3087 1300 3153 de
1316 3089 1408 3173 quod
1424 3089 1466 3154 de
1483 3090 1562 3174 ipsa
1577 3093 1682 3156 rebus
1699 3090 1888 3157 advincere
1912 3091 2105 3176 potuerint,
2123 3092 2174 3158 vel
2193 3094 2399 3180 acquidere,

554 3265 617 3330 per
642 3245 798 3310 medium
823 3243 904 3310 illut
928 3243 1021 3309 inter
1045 3260 1081 3308 se
1105 3241 1275 3308 dividere:
1295 3241 1363 3325 ipsi
1380 3242 1545 3324 germani
1570 3259 1650 3307 eum
1674 3241 1896 3308 consortibus
1919 3243 1993 3307 suis
2017 3243 2145 3311 tollant
2169 3244 2250 3312 illut
2273 3247 2404 3314 medie-

555 3402 645 3484 tate,
670 3403 704 3465 et
731 3399 805 3482 ipse
830 3396 1013 3464 maraldus
1036 3397 1210 3481 presbiter
1234 3413 1313 3461 eum
1335 3395 1499 3480 partibus
1515 3393 1672 3478 predicte
1688 3391 1834 3460 90019019
1859 3393 2062 3480 medietate,
2088 3397 2291 3464 faciendum
2319 3398 2401 3466 inde

553 3567 617 3635 per
641 3501 761 3635 partes
784 3549 875 3634 quod
898 3548 1087 3616 voluerint.
1113 3548 1210 3615 Unde
1235 3547 1272 3612 in
1303 3566 1343 3612 eo
1368 3547 1516 3612 hordine
1549 3546 1595 3614 ad
1619 3545 1897 3630 cembenientia,
1922 3547 2015 3634 sieut
2038 3547 2218 3634 diximus,
2244 3549 2338 3616 inter
2364 3569 2400 3619 se

552 3705 812 3786 pervenierunt
835 3701 1139 3785 91190910011191
1163 3700 1391 3784 largietatem
1420 3703 1455 3765 91
1486 3696 1745 3766 absolutionem
1768 3699 2004 3784 suprascripti
2029 3701 2175 3786 gloriosi
2199 3701 2400 3793 principis,

552 3862 588 3923 et
612 3873 675 3942 per
699 3872 792 3922 vona
815 3853 1075 3920 combenientia
1107 3869 1170 3917 009
1195 3849 1399 3920 bolumtatis
1429 3850 1674 3937 guadiarunt,
1699 3851 1793 3918 inter
1818 3870 1855 3918 09
1885 3851 2014 3918 exinde
2038 3851 2107 3937 ipsi
2132 3856 2400 3939 germanicum

551 4007 711 4094 predicto
735 4025 798 4073 000
822 4007 1069 4074 adbocatorem
1084 4009 1277 4092 posuerunt
1293 4003 1503 4070 mediatores
1519 4022 1555 4070 09
1573 4002 1673 4090 ipsis,
1698 4006 1733 4068 et
1757 4003 1833 4088 ipse
1858 4005 1968 4070 abbas
1992 4009 2027 4072 91
2052 4005 2242 4073 iamdictus
2265 4011 2397 4078 maral-

550 4161 617 4228 dus
641 4163 836 4248 posuerunt
859 4159 1033 4228 mediator
1058 4160 1231 4226 iohannes
1255 4155 1430 4241 presbiter
1455 4155 1552 4222 1111110
1568 4155 1785 4240 maghenolfi
1807 4157 2022 4244 presbiteri;
2055 4163 2090 4226 et
2118 4178 2180 4245 per
2212 4161 2289 4248 ipsa
2312 4183 2399 4250 gua-

548 4315 612 4384 dia
638 4319 701 4382 etc.
728 4315 898 4398 Sequitur
921 4315 1086 4380 consecra
1108 4311 1293 4395 10101010,
1322 4312 1461 4375 statute
1483 4309 1598 4375 010110
1620 4311 1881 4394 pactaquepinta
1904 4313 1989 4376 ocri
2012 4313 2206 4380 solidorum
2229 4321 2396 4382 00001011-

550 4471 790 4535 centenorum.
816 4470 961 4549 tamen,
985 4463 1014 4528 si
1040 4462 1082 4528 de
1106 4461 1180 4530 alia
1204 4463 1308 4526 rebus
1333 4461 1490 4544 ipsorum
1506 4460 1671 4544 germani
1697 4459 1827 4546 aliquit
1851 4465 2032 4529 contentio
2055 4467 2306 4550 preposuerint
2331 4467 2398 4552 ipsi

545 4622 664 4688 abbas
688 4625 724 4687 et
750 4620 941 4687 iamdictus
956 4615 1139 4685 maraldus
1156 4615 1329 4701 presbiter
1350 4617 1385 4680 91
1398 4614 1563 4698 partibus
1579 4612 1690 4698 ipsius
1707 4612 1868 4701 ecclesie,
1886 4618 1921 4680 91
1938 4615 2006 4700 ipsi
2031 4619 2195 4702 germani
2219 4619 2396 4686 monimen

549 4790 675 4839 eorum
699 4769 892 4853 ostederit,
925 4765 1095 4851 quomedo
1117 4781 1189 4829 non
1213 4762 1339 4830 1010091
1368 4763 1410 4828 de
1434 4763 1597 4848 partibus
1625 4766 1685 4831 ubi
1716 4768 1790 4851 ipso
1814 4765 1995 4834 maraldus
2019 4769 2197 4853 presbiter
2221 4772 2396 4841 ereditare

548 4923 704 5008 deberet,
729 4926 764 4989 et
788 4939 850 5007 per
874 4921 988 5004 legem
1014 4916 1095 4982 illut
1110 4936 1190 4982 cum
1206 4919 1470 5013 sacramentum
1485 4917 1630 4986 firmare
1645 4918 1814 5003 potuerit,
1838 4919 2009 4986 securiter
2033 4919 2116 4988 illut
2139 4923 2207 4991 sivi
2230 4925 2395 5012 aberent,

547 5081 584 5144 et
610 5076 685 5162 ipse
708 5072 914 5141 nominatus
937 5069 1120 5139 maraldus
1144 5069 1318 5154 presbiter
1341 5066 1515 5154 obligavit
1531 5085 1568 5136 se
1584 5067 1726 5134 illorum
1742 5071 1921 5156 germani,
1947 5075 1986 5138 ut
2010 5072 2048 5138 in
2071 5092 2111 5140 ec
2135 5078 2395 5146 combenientia

546 5229 698 5296 firmiter
723 5227 895 5308 10091901,
919 5226 1169 5309 permanerent
1186 5221 1312 5286 'omnes
1335 5222 1514 5286 consortes
1536 5222 1668 5285 000091
1684 5217 1826 5287 illorum
1850 5221 2028 5310 eredibus,
2045 5227 2219 5294 91001090
2236 5230 2395 5300 11001090

545 5382 608 5470 1101
632 5400 696 5469 pro
719 5399 786 5450 sua
810 5383 912 5466 parte
935 5381 971 5444 et
995 5377 1119 5444 datum
1134 5378 1171 5441 91
1186 5389 1250 5459 pro
1267 5391 1351 5458 pars
1374 5376 1410 5438 et
1426 5373 1551 5440 datum
1568 5371 1681 5456 ipsius
1704 5373 1927 5443 consortibus
1941 5375 2020 5444 eius
2043 5380 2085 5446 de
2109 5400 2149 5449 ec
2173 5385 2395 5454 cembenien·

545 5534 599 5603 tia
621 5533 783 5600 emiserit
806 5529 1049 5616 quodcumque
1073 5523 1311 5607 causationes,
1343 5526 1379 5590 et
1402 5541 1465 5608 pre
1488 5541 1572 5607 pars
1596 5525 1708 5610 ipsius
1731 5525 1879 5596 90019019
1904 5533 1940 5596 91
1964 5531 2117 5617 predicti
2141 5536 2293 5605 maraldi
2317 5557 2395 5624 pre-

545 5653 672 5754 sbiteri
695 5685 760 5751 boe
783 5682 939 5751 scribere
963 5681 1111 5747 lecimus
1135 5683 1169 5745 19
1194 5675 1380 5744 dauferius
1404 5679 1577 5745 notarius.

590 5810 621 5924 †
646 5854 712 5923 ego
736 5837 797 5922 qui
823 5853 933 5921 supra
956 5831 1151 5901 adenolfus.
