5318 7102
626 515 649 584 d
1361 523 1725 598 uauluuuaura

574 741 693 813 Annos
719 740 867 815 feliciter
884 743 907 838 ¹)
935 746 1031 838 regni
1058 747 1163 818 caroli
1182 745 1424 840 gloriosissimi
1443 739 1547 844 regis,
1577 751 1612 820 in
1639 772 1758 822 mense
1785 743 1921 836 martio,
1943 751 2046 823 Facto
2064 752 2265 846 capitulare,
2287 755 2421 850 qualiter

619 903 836 998 congregatis
854 903 890 975 in
911 929 1019 980 unum
1039 907 1232 979 sinodalem
1252 911 1438 983 consilium
1465 909 1647 1006 episcopis,
1669 909 1859 996 abbatibus,
1881 908 2042 1004 Virisque
2060 909 2254 985 illustribus
2270 909 2295 1009 ²)
2321 919 2418 988 comi-

616 1054 722 1129 tibus.
750 1059 825 1132 Una
850 1084 931 1132 cum
956 1062 1113 1157 piissimo
1139 1067 1281 1139 domino
1307 1077 1425 1140 nostro
1451 1067 1643 1138 secundum
1671 1064 1726 1136 dei
1753 1067 1987 1154 uoluntatem,
2016 1091 2077 1163 pro
2103 1069 2218 1140 causis
2244 1075 2415 1164 oportunis

619 1227 873 1291 consenserunt
897 1221 1089 1294 decretum.

569 1372 614 1445 Ut
638 1396 759 1474 eorum
786 1377 1003 1472 subtraganis
1029 1383 1211 1478 episcopis,
1232 1385 1263 1456 ei
1282 1386 1474 1458 secundum
1501 1406 1651 1456 canones
1677 1380 1823 1454 subiecti
1850 1392 1944 1470 sunt,
1967 1391 2058 1455 elea
2078 1407 2242 1479 queerga
2268 1385 2416 1458 ministe-

616 1533 707 1606 rium
734 1534 874 1610 illorum
899 1543 1141 1615 emendatione
1166 1555 1394 1640 cognoscunt,
1423 1544 1544 1618 libenti
1570 1545 1685 1614 animo
1711 1543 1898 1616 emendent
1923 1544 2034 1638 adque
2059 1546 2235 1640 corrigant
2250 1544 2289 1643 Β).

568 1694 616 1766 De
642 1692 826 1788 episcopis,
855 1695 918 1768 Ubi
945 1721 1027 1771 vero
1053 1699 1222 1796 episcopis
1248 1703 1397 1774 ordinati
1424 1724 1491 1772 non
1520 1709 1613 1786 sunt,
1642 1699 1717 1772 sine
1741 1699 1902 1774 tarditate
1928 1701 2107 1773 ordinetur
2123 1701 2161 1798 ⁴).

564 1849 631 1938 Qui
657 1852 832 1945 regulares
859 1853 1012 1942 luerunt,
1041 1857 1084 1928 Ut
1110 1861 1323 1930 saecundum
1350 1859 1504 1955 regulam
1530 1859 1647 1930 uiuant
1669 1868 1703 1930 et
1722 1859 1928 1932 monasteria
1947 1859 2140 1955 puellarum
2158 1862 2352 1934 secundum
2370 1888 2415 1935 re·

610 2009 690 2102 gula
716 2011 924 2098 custodiant,
953 2021 987 2085 et
1012 2037 1216 2108 unaqueque
1243 2016 1412 2089 abbatissa
1438 2017 1473 2087 in
1500 2042 1561 2090 suo
1588 2020 1796 2090 monasterio
1823 2018 1898 2090 sine
1923 2019 2180 2092 intermissione
2206 2019 2362 2093 resedeat
2377 2017 2412 2116 5).

563 2167 608 2239 Ut
626 2165 790 2262 episcopi,
811 2169 1004 2264 presbiteri,
1025 2179 1059 2243 et
1076 2137 1209 2259 clerici,
1229 2173 1320 2245 lnfra
1347 2175 1486 2246 illorum
1506 2174 1677 2270 parochia,
1701 2177 1743 2248 de
1762 2201 1824 2249 suo
1843 2175 2049 2264 ministerio,
2078 2185 2280 2272 potestatem
2299 2177 2415 2251 habeat

609 2326 802 2398 secundum
829 2350 979 2398 canones
1004 2324 1043 2424 ‘).

559 2649 1036 2664 Μ

552 2915 568 2954 a
591 2898 648 2976 fol.
675 2897 776 2960 CCLI
782 2898 814 2959 V.
840 2899 885 2960 De
907 2901 988 2978 ipsis
1012 2907 1120 2962 autern
1142 2903 1297 2981 capitulis
1321 2905 1508 2964 accuratius
1530 2906 1712 2967 retulerunt
1734 2906 1866 2967 Pertius
1887 2907 2034 2988 (Archiv.
2058 2907 2096 2966 V.
2113 2907 2186 2968 257.
2203 2906 2290 2984 258.)
2312 2913 2343 2966 et
2357 2905 2413 2966 Bo-

549 3062 565 3098 a
590 3043 691 3104 relius
713 3045 784 3125 (Die
808 3045 1029 3126 capitularien
1052 3065 1124 3126 pag.
1151 3049 1268 3128 5153).
1294 3051 1354 3111 His
1375 3069 1461 3122 uero,
1486 3051 1601 3129 quibus
1624 3058 1790 3113 contentus
1814 3052 1943 3113 Codicis
1960 3051 2115 3114 Curensis
2137 3057 2262 3113 constat
2278 3053 2315 3112 in
2328 3067 2413 3111 mur-

549 3209 565 3246 «
589 3190 664 3266 gine
687 3191 834 3252 adiectae
855 3199 932 3252 suut
952 3192 1054 3254 Notae
1072 3197 1310 3272 paucissimae,
1342 3215 1483 3276 quarum
1512 3203 1716 3276 conspectum
1745 3199 1904 3259 dedimus.
1932 3196 2048 3257 Omnes
2066 3203 2200 3275 praeter
2216 3187 2364 3274 primam
2384 3201 2414 3254 et

548 3354 565 3392 a
589 3337 776 3406 secuudum,
801 3355 908 3398 meras
931 3338 1139 3417 allegationes
1161 3359 1201 3402 ecc
1223 3341 1337 3402 Edicto
1361 3341 1542 3423 legibusque
1564 3341 1806 3404 Beneuentanis
1829 3345 1997 3403 continent
2021 3363 2049 3400 u.

588 3481 611 3561 ¹)
632 3481 646 3541 Ι
670 3481 849 3561 Capitolari
873 3481 905 3541 di
930 3482 1024 3543 Carlo
1046 3483 1162 3562 Magno
1185 3487 1393 3568 cominciano
1410 3487 1439 3546 al
1455 3487 1571 3566 quinto
1594 3488 1666 3564 rigo
1689 3485 1721 3546 di
1744 3492 1862 3565 questo
1885 3485 1986 3563 foglio
2008 3484 2070 3546 198
2091 3489 2176 3544 recto
2199 3501 2260 3544 con
2277 3480 2406 3542 iniziale

544 3627 727 3689 maiuscola
745 3648 763 3689 a
780 3629 935 3692 rabeschi
953 3631 985 3690 di
1003 3631 1127 3693 diversi
1151 3633 1266 3694 colori.
1285 3635 1374 3714 Dopo
1397 3632 1429 3694 la
1450 3633 1564 3714 parola
1585 3631 1729 3695 feliciter
1752 3632 1807 3692 nel
1827 3637 1938 3692 nostro
1954 3628 2075 3692 Codice
2098 3645 2215 3690 manca
2229 3625 2407 3696 undecima

547 3792 565 3836 e
588 3774 646 3854 piu
668 3779 753 3835 sotto
778 3775 859 3856 dopo
874 3793 938 3840 uua
961 3794 1034 3841 cum
1049 3776 1195 3857 piissimo
1218 3777 1346 3843 domiuo
1367 3784 1483 3841 nostro
1506 3794 1622 3838 manca
1643 3794 1725 3856 pure
1744 3774 1867 3838 Carolo.
1884 3773 2114 3847 Quest’ultima
2131 3772 2245 3854 parole
2260 3769 2408 3834 neanche

545 3919 602 3982 nel
629 3919 765 3980 Baluzio
789 3921 817 3980 si
842 3921 952 4000 legge,
976 3942 1029 3984 ma
1053 3924 1108 3985 nel
1131 3923 1289 3986 Muratori
1313 3925 1342 3984 si
1366 3923 1506 4002 leggono
1531 3921 1693 3982 ambedue
1716 3920 1762 3997 (S.
1787 3920 1828 3981 R.
1852 3920 1881 3980 I.
1910 3919 1998 3980 Toni.
2023 3917 2103 3978 IP.
2127 3917 2162 3980 11
2179 3938 2258 4000 pag.
2282 3919 2348 3997 94).

476 4127 479 4134 Δ
517 4018 518 4022 =
588 4065 614 4144 ²)
635 4065 759 4138 Queste
782 4065 895 4146 parole
920 4068 1161 4148 congregatis...
1189 4067 1338 4150 virisque
1366 4067 1555 4131 illustribus
1585 4063 1792 4128 concordano
1821 4063 2081 4145 perfettamente
2112 4083 2172 4128 con
2203 4065 2316 4146 quelle
2346 4066 2405 4128 che

546 4209 576 4272 si
605 4209 744 4287 leggono
773 4208 828 4271 nel
857 4210 977 4274 Codice
1007 4215 1149 4274 Estense
1180 4214 1279 4274 citato
1309 4213 1361 4274 dal
1384 4209 1541 4274 Muratori
1563 4211 1648 4272 Nota
1669 4209 1699 4289 2)
1720 4226 1795 4290 pag.
1820 4227 1849 4269 c.
1874 4225 1902 4268 s.
1934 4208 2084 4274 Secundo
2114 4209 2145 4270 le
2176 4211 2266 4290 quali
2295 4211 2405 4291 parole

545 4374 625 4439 pare
642 4356 711 4436 'che
734 4361 851 4435 questo
876 4356 1024 4418 Concilio
1047 4358 1076 4418 si
1100 4359 1187 4419 losse
1210 4363 1326 4420 tenuto
1348 4359 1383 4418 iu
1405 4359 1520 4430 Roma;
1545 4375 1597 4417 ma
1618 4355 1738 4437 poiche
1762 4355 1856 4417 Carlo
1877 4354 1993 4434 Magno
2017 4376 2079 4418 nou
2105 4357 2140 4418 lu
2164 4315 2347 4420 altrimenti
2371 4359 2404 4419 in

543 4499 648 4564 Roma
670 4501 726 4562 nel
754 4519 845 4564 mese
871 4502 901 4562 di
926 4501 1032 4564 Marco
1062 4503 1234 4566 dell'anno
1256 4505 1300 4566 XI
1324 4504 1377 4564 del
1401 4522 1461 4565 suo
1489 4505 1604 4582 Regno
1633 4507 1675 4564 ne
1704 4502 1882 4574 Francico,
1908 4505 1949 4562 ne
1980 4501 2239 4579 Langobardico,
2269 4504 2404 4582 bisogna

544 4645 703 4726 piuttosto
727 4663 887 4726 supporre
912 4647 961 4736 col
985 4649 1155 4729 prelodato
1179 4653 1315 4714 Antore:
1343 4677 1357 4712 a
1385 4650 1570 4714 Concilium
1591 4650 1681 4709 istud
1702 4647 1849 4708 habitum
1869 4647 1973 4726 fuisse
1995 4649 2033 4706 in
2054 4646 2206 4711 Francia
2219 4653 2315 4714 Auno
2330 4649 2402 4720 779,

546 4813 561 4850 a
586 4793 642 4852 boc
664 4799 710 4852 est
732 4810 820 4852 anno
841 4791 890 4852 XI
908 4792 1013 4871 Repni
1036 4786 1205 4868 Francioi,
1234 4818 1272 4860 uc
1301 4799 1418 4859 deinde
1446 4797 1536 4860 illius
1562 4795 1691 4856 decreta
1713 4793 2034 4872 Langobardicorurn
2058 4793 2179 4875 Lepuur
2200 4799 2328 4877 corpori
2351 4798 2406 4859 act·

543 4961 560 4998 a
586 4939 657 5000 olitu
678 4956 718 4998 eu
739 4938 844 5014 ipsius
868 4937 977 5000 Caroli
994 4947 1181 5019 praecepto.
1205 4944 1321 5005 Eidem
1341 4963 1416 5005 uero
1437 4945 1628 5024 interfuisse
1648 4943 1779 5004 Italicos
1801 4960 1924 5021 quoque
1945 4939 2119 5020 Episcopus
2142 4951 2172 5004 et
2193 4943 2402 5023 Principesu

546 5107 562 5143 a
585 5102 661 5144 uero
682 5102 749 5143 non
772 5083 931 5145 abhorret.
956 5085 1099 5148 Lubbeus
1117 5094 1216 5164 putat
1237 5089 1385 5152 habiturn
1406 5091 1445 5150 in
1473 5089 1558 5150 Villa
1579 5087 1698 5158 Duria·
1721 5088 1914 5148 sirmondus
1935 5087 2111 5158 Herietulli¹
2129 5092 2316 5168 suspicatur
2331 5115 2358 5152 u.

585 5229 609 5310 ³)
632 5227 852 5308 Corrispoude
877 5227 907 5289 al
929 5231 969 5290 N.
993 5233 1011 5293 1
1036 5229 1088 5292 del
1111 5231 1194 5294 Mur.
1220 5253 1249 5293 o.
1274 5253 1303 5295 c.
1327 5251 1401 5314 pag.
1426 5254 1455 5295 c.
1480 5252 1508 5294 s,
1526 5235 1590 5296 Per
1613 5252 1677 5295 non
1700 5233 1853 5314 ripeterli
1877 5233 1965 5296 d'ora
1990 5235 2122 5297 innanzi
2153 5243 2322 5300 noteremo
2339 5238 2402 5300 sol-

542 5376 633 5434 tanto
657 5373 681 5433 il
705 5392 801 5434 nome
825 5373 879 5434 del
901 5371 1058 5435 Muratori
1082 5373 1123 5436 ed
1146 5375 1169 5435 il
1192 5377 1232 5439 N.
1258 5375 1287 5436 al
1311 5376 1408 5456 quale
1431 5379 1645 5460 corrisponde
1668 5381 1700 5442 la
1722 5381 1817 5459 legge
1841 5381 1956 5442 scritta
1979 5381 2034 5442 nel
2059 5387 2170 5445 nostro
2193 5383 2325 5447 Codice.

584 5517 609 5606 f)
630 5517 715 5579 Mur.
741 5520 782 5581 ΙΙ.

584 5661 609 5741 ⁸)
633 5663 854 5745 Corrispoude
878 5667 907 5728 al
931 5667 976 5728 III
1000 5668 1054 5730 del
1077 5668 1162 5730 Mur.

581 5807 609 5888 6)
629 5809 713 5872 blur.
738 5811 792 5873 IV.
