5376 7104
994 570 1400 647 orrnonnrloos
2010 570 2078 642 aar
2144 581 2147 588 ’

273 804 320 870 ab
344 801 422 889 ipsa
445 803 565 889 platea
589 805 624 868 et
648 802 720 870 fine
743 801 822 888 ipsa
844 799 1005 888 predicta
1029 799 1182 888 pustela,
1206 799 1289 868 inde
1303 802 1389 867 sunt
1404 816 1467 885 per
1482 796 1634 866 latitudo
1657 795 1762 882 pedes
1784 794 1905 862 decem
1929 798 1965 864 et
1988 800 2124 882 septem

274 960 311 1024 et
334 972 406 1022 uno
430 955 600 1024 semisse:
632 956 680 1022 lle
711 957 843 1040 quarta
866 957 1011 1022 hautem
1034 972 1141 1040 pars,
1172 953 1265 1039 quod
1296 953 1350 1019 est
1373 952 1419 1019 ab
1442 950 1517 1036 ipso
1539 965 1641 1015 muro
1664 947 1747 1015 nius
1769 949 1941 1034 prephate
1964 947 2133 1018 cibitatis

276 1106 426 1194 luceria,
449 1107 533 1174 inde
557 1111 641 1173 sunt
663 1123 727 1192 per
747 1075 934 1192 longitudo
949 1105 995 1173 ad
1016 1106 1139 1191 pedem
1164 1107 1298 1172 iustum
1322 1107 1568 1172 mensuratum
1586 1101 1742 1168 hominis
1757 1099 1946 1168 mediocris
1962 1118 2133 1188 persona,

276 1259 436 1346 qualiter
461 1259 500 1326 in
523 1259 595 1326 ista
619 1258 760 1326 cartula
783 1257 1033 1344 consignatum
1056 1261 1121 1342 est,
1140 1274 1250 1342 usque
1269 1256 1306 1322 in
1323 1253 1462 1342 prioras
1478 1254 1567 1320 fines
1583 1251 1688 1337 pedes
1712 1249 1976 1339 quinquaginta
1999 1255 2035 1319 et
2060 1271 2131 1319 uno

276 1412 432 1480 semisse.
458 1413 554 1480 Inter
578 1411 645 1480 iste
669 1429 823 1496 namque
846 1409 929 1477 finis
952 1413 989 1477 et
1012 1427 1190 1496 mensure,
1215 1427 1283 1494 que
1306 1408 1470 1494 superius
1492 1405 1654 1474 cernitur
1681 1409 1718 1472 et
1741 1403 1893 1491 legitur,
1924 1405 1967 1472 de
1990 1405 2063 1473 fine
2087 1406 2131 1472 in

277 1565 410 1652 finem,
436 1569 612 1652 quantum
634 1566 732 1632 infra
756 1564 977 1651 claupstrum
1001 1565 1079 1650 est,
1112 1563 1206 1632 unde
1229 1580 1294 1630 nec
1318 1562 1443 1649 nobis,
1474 1579 1540 1628 nec
1564 1561 1609 1628 ad
1633 1559 1797 1628 eredibus
1822 1559 1972 1646 nostris,
2003 1578 2128 1628 verum

275 1719 386 1786 etiam
409 1735 525 1804 neque
549 1719 594 1787 ad
617 1717 756 1784 nullum
788 1717 991 1804 quempiam
1013 1719 1166 1784 ominem
1184 1716 1234 1783 ibi
1250 1716 1371 1804 aliqua
1387 1715 1501 1802 portio
1518 1715 1781 1784 reserbabimus
1804 1715 2027 1802 requirendi;
2052 1718 2131 1800 Set,

277 1869 440 1953 qualiter
465 1872 519 1937 est
543 1871 588 1938 ab
612 1869 688 1956 ipso
712 1869 838 1955 casile,
865 1886 1038 1937 unacum
1063 1869 1130 1936 viis
1154 1874 1189 1937 et
1212 1868 1344 1938 anditis
1367 1867 1455 1954 suiS,
1479 1871 1618 1935 etcum
1642 1867 1803 1955 legitima
1827 1867 1992 1955 ingressa
2015 1870 2051 1935 et
2076 1887 2132 1936 re·

277 2041 405 2110 gressa
429 2041 517 2110 sua,
542 2026 578 2090 et
603 2042 682 2089 cum
707 2021 857 2091 inferius
880 2020 1112 2108 superiusque
1135 2022 1228 2110 suis,
1257 2041 1323 2090 nec
1353 2041 1425 2089 non
1449 2027 1587 2091 etcum
1612 2021 1686 2089 suis
1709 2022 1872 2088 omnibus
1896 2021 2129 2106 pertinentiis

278 2175 486 2264 integrum,
509 2175 608 2242 velut
630 2175 850 2262 prelegitur‚
876 2176 952 2260 ipso
975 2176 1133 2262 predicto
1157 2176 1436 2246 venundedimus
1460 2177 1526 2246 tibi
1551 2176 1747 2246 cuiusdicto
1771 2175 1991 2245 rossemanni
2015 2173 2134 2260 possi·

276 2328 445 2395 dendum.
471 2329 519 2395 De
536 2346 604 2413 quo
619 2345 683 2414 pro
707 2326 1063 2396 constabiliscendam
1087 2333 1194 2414 atque
1217 2328 1497 2398 confirmandam
1516 2333 1610 2399 hanc
1626 2335 1785 2398 nostram
1801 2327 2036 2396 vinditionem
2054 2346 2131 2394 rna-

277 2480 399 2549 nifesti
430 2499 577 2568 sumuS,
609 2483 701 2567 quod
725 2501 747 2550 a
771 2483 971 2568 presentem
1005 2483 1202 2568 recepimus
1234 2503 1256 2550 a
1286 2488 1322 2551 te
1350 2481 1413 2570 qui
1446 2483 1651 2570 supradicto
1674 2499 1903 2550 rossemanno
1928 2500 2038 2548 unum
2063 2501 2127 2549 aa·

228 2655 230 2658 ·
277 2653 378 2703 reum
403 2634 552 2702 solidum
576 2635 764 2704 sotericum
788 2634 1012 2704 holotarcho:
1037 2633 1178 2703 finitum
1201 2633 1354 2702 dicimus
1378 2639 1465 2721 aput
1480 2651 1543 2700 nos
1565 2636 1747 2721 receptum
1772 2634 1904 2702 habere
1929 2635 2045 2720 ipsum
2070 2654 2131 2702 su·

278 2788 478 2872 pradictum
502 2788 670 2873 pretium,
694 2790 747 2856 Ea
770 2785 906 2855 scilicet
928 2787 1083 2874 ratione,
1108 2792 1148 2855 ut
1171 2789 1295 2856 amodo
1312 2793 1347 2856 et
1360 2807 1498 2875 semper
1522 2788 1681 2857 eamdem
1705 2793 1865 2856 nostram
1891 2787 2127 2856 vinditionem

180 3003 183 3008 ,
278 2938 437 3026 integra,
454 2940 551 3008 velut
568 2939 780 3027 prelegitur,
797 2942 902 3010 abere
917 2945 954 3009 et
969 2941 1146 3027 possidere
1170 2940 1333 3028 baleatiS,
1350 2943 1394 3008 Et
1411 2940 1553 3010 faciatis
1569 2939 1711 3027 exinde,
1729 2941 2040 3026 quemammodum
2057 2941 2124 3008 tibi

276 3093 330 3160 rel
358 3093 404 3162 ad
428 3095 499 3162 tuis
522 3094 687 3162 eredibus
710 3095 896 3182 placuerit,
921 3096 999 3164 sine
1023 3097 1303 3166 contradictione
1327 3104 1449 3168 nostra
1464 3103 1499 3167 et
1515 3098 1557 3166 de
1573 3098 1705 3165 nostris
1728 3097 1906 3184 eredibus,
1931 3099 1983 3167 vel
2009 3099 2132 3168 euius·

278 3265 433 3333 cumque
457 3247 659 3316 hominibus
683 3250 964 3335 requisitionem.
989 3251 1088 3319 l'nde
1110 3250 1245 3338 guadio
1268 3251 1335 3319 tibi
1359 3251 1520 3318 dedimus
1543 3255 1578 3319 et
1600 3250 1828 3319 mediatorem
1853 3249 1918 3319 tibi
1944 3253 2132 3338 posuimus

279 3399 444 3486 iaquinto
469 3402 583 3470 filium
609 3405 751 3489 sesami,
769 3408 804 3471 et
820 3403 1020 3492 obligamus
1035 3423 1099 3470 nos
1115 3408 1152 3472 et
1168 3407 1308 3471 nostros
1330 3403 1529 3490 obligamus
1551 3403 1673 3471 eredes
1696 3403 1761 3470 tibi
1784 3405 1986 3474 cuiusdicto
2009 3425 2121 3474 rosse-

276 3553 403 3622 manni
426 3554 577 3642 emptori
593 3562 713 3625 nostro
728 3556 851 3643 tuique
867 3555 1044 3642 eredibus,
1062 3561 1101 3624 ut
1115 3558 1209 3625 hanc
1226 3559 1349 3626 nostra
1364 3557 1516 3625 vinditio
1533 3559 1691 3645 integra,
1708 3558 1805 3625 velut
1828 3558 2041 3645 prelegitur,
2060 3578 2129 3628 nos

279 3709 326 3776 ab
350 3710 514 3776 omnibus
538 3709 716 3777 ominibus
740 3711 786 3778 ab
809 3709 977 3796 omnique
1000 3711 1162 3797 partibus
1185 3710 1361 3780 antistare
1392 3717 1428 3780 et
1449 3711 1637 3780 defendere
1661 3711 1986 3804 debeamusouod
2009 3713 2039 3782 si
2064 3733 2129 3781 no-

277 3857 469 3950 luerimus,
495 3865 559 3931 aut
582 3865 613 3931 si
639 3881 703 3930 nos
726 3865 820 3950 ipsos
843 3882 905 3949 per
930 3862 1199 3950 qualiscumque
1223 3863 1335 3930 modis
1358 3863 1413 3931 vel
1438 3862 1649 3952 ingenium,
1679 3881 1741 3932 seu
1772 3883 1835 3951 per
1859 3866 2131 3960 qualiscumque

276 4015 421 4084 inuenta
445 4015 586 4084 ratione
603 4015 683 4082 illut
699 4035 766 4102 que
780 4017 992 4102 prelegitur,
1008 4017 1108 4083 vobis
1124 4021 1307 4088 retornare
1324 4020 1387 4086 aut
1403 4021 1584 4088 remobere
1601 4018 1850 4106 quesierimus,
1864 4037 1927 4088 seu
1942 4020 2132 4092 defensare

275 4167 521 4255 noluerimus,
552 4166 680 4255 primis
703 4167 860 4234 omnium
885 4168 1022 4253 questio
1046 4173 1170 4238 nostra
1192 4169 1313 4238 inanis
1335 4178 1371 4241 et
1394 4173 1506 4242 tacita
1529 4175 1623 4260 sint,
1648 4178 1684 4242 et
1706 4173 1854 4260 duplum
1879 4172 2129 4260 supradictum

276 4324 431 4408 pretium
455 4322 554 4390 vobis
577 4339 784 4408 componere
807 4321 1032 4409 placitamuS,
1056 4326 1092 4390 et
1115 4321 1153 4389 in
1176 4328 1284 4393 antea
1307 4325 1409 4393 taciti
1434 4331 1471 4394 et
1494 4325 1687 4412 contempti
1710 4345 1919 4395 maneamus
1942 4344 2005 4411 per
2033 4325 2130 4392 invi·

276 4476 344 4563 tis,
368 4479 404 4544 et
428 4477 591 4563 quicquit
614 4477 880 4544 remelioratam
906 4495 980 4544 esse
1004 4479 1168 4563 paruerit
1192 4498 1254 4566 per
1278 4484 1434 4548 vestrum
1458 4483 1628 4569 laborem,
1652 4501 1718 4568 sup
1733 4480 1997 4548 estimationem
2016 4480 2125 4568 pretii

275 4631 376 4698 uobis
399 4632 643 4700 restituamus.
668 4634 716 4700 Ile
739 4630 889 4698 colludio
913 4633 1045 4718 autem,
1068 4629 1099 4698 si
1125 4651 1147 4700 a
1171 4633 1231 4700 bos
1254 4631 1385 4718 pulsati
1409 4633 1602 4723 fuerimus,
1632 4635 1678 4703 ad
1701 4637 1828 4704 sancta
1852 4633 1907 4701 dei
1933 4635 2127 4723 evangelia

276 4786 375 4853 robis
400 4785 675 4874 satisfaciemus,
699 4788 752 4855 ita
774 4789 814 4854 ut
835 4789 997 4854 nostrum
1020 4803 1092 4852 non
1115 4787 1162 4854 sit
1183 4786 1394 4877 colludium,
1419 4809 1481 4876 per
1504 4789 1653 4858 eandem
1685 4789 1819 4878 guadio
1848 4793 1884 4859 et
1915 4788 2126 4859 iamdictam

274 4940 519 5029 mediatorem,
543 4942 604 5028 qui
629 4958 665 5009 se
688 4940 818 5045 tribuit
840 4941 939 5008 vobis
962 4941 1006 5010 ad
1029 4941 1292 5028 pignerandum
1314 4925 1434 5011 omnia
1457 4960 1567 5010 eausa
1589 4959 1654 5011 sua
1678 4941 1839 5029 legitima
1861 4947 1897 5011 et
1921 4943 2127 5030 inlegitima

275 5092 427 5180 tamdiu,
453 5093 563 5162 donec
587 5111 650 5182 per
673 5093 796 5161 invitis
819 5093 1066 5180 adinpleamus
1087 5093 1185 5160 vobis
1207 5094 1302 5163 iusta
1326 5093 1405 5161 uius
1428 5097 1559 5162 testum
1581 5095 1731 5164 cartule.
1757 5093 1866 5171 Quem
1891 5099 1925 5164 te
1949 5095 2125 5164 deusdede

275 5245 448 5315 diaconus
463 5249 499 5316 et
513 5247 678 5316 notarius
693 5248 788 5314 hanc
803 5247 977 5315 cartulam
1002 5249 1120 5315 nostre
1142 5245 1351 5315 vinditionis
1366 5245 1523 5316 scribere
1539 5245 1756 5334 rogabimus.
1775 5251 1902 5317 Actum
1921 5247 1960 5315 in
1976 5246 2127 5316 civitate

279 5396 412 5465 lucerie
437 5403 473 5466 et
497 5399 644 5467 interfui
669 5400 787 5466 Mense
810 5403 846 5466 et
871 5397 1066 5466 indictione
1088 5399 1324 5486 superscripsi
1348 5398 1514 5468 feliciter.

322 5523 352 5638 †
377 5554 453 5640 Ego
477 5553 537 5640 qui
562 5571 672 5640 supra
695 5550 805 5620 silitto
829 5553 945 5650 iudice
1571 5508 1576 5518 .

321 5679 351 5793 †
376 5707 451 5795 Ego
474 5707 628 5794 agelfrid

321 5831 351 5944 †
377 5859 452 5944 Ego
475 5861 556 5944 poto
579 5863 680 5927 teste.
