5376 7094
614 530 660 600 ae
1108 505 1122 526 '
1262 521 1436 598 consu
1461 521 1725 594 m‘vnusrs

566 769 674 840 quam
696 751 859 840 accipere
883 753 1138 838 querebamuS,
1162 749 1287 818 melior
1310 752 1402 818 esset
1425 748 1563 836 exilia,
1581 749 1712 836 quibus
1734 748 1821 817 dare
1845 748 2049 816 bolebamus
2074 747 2233 816 baliente
2256 749 2419 838 quinque

566 904 710 994 solidos,
735 922 886 990 cumque
909 905 953 974 ad
978 907 1101 972 nostra
1123 902 1306 989 presentia
1329 903 1494 970 rebersus
1518 903 1644 971 fuisset
1666 905 1703 970 et
1727 903 1779 971 ita
1802 901 1904 970 nobis
1928 903 2151 989 nuntiasset,
2176 901 2255 970 ideo
2279 904 2422 970 rectum

566 1058 689 1141 paruit
713 1057 813 1124 nobis
829 1056 1009 1126 cambium
1024 1055 1143 1144 ipsum
1158 1055 1313 1126 faciendi
1329 1076 1338 1140 3
1363 1061 1398 1124 et
1415 1055 1492 1124 ideo
1508 1056 1606 1124 iusta
1623 1055 1864 1122 institutionis
1879 1054 2037 1124 eiusdem
2057 1053 2147 1141 legis
2163 1055 2338 1122 interesse
2362 1056 2422 1120 bo-

566 1212 730 1280 cabimus
754 1213 868 1280 lecet
892 1213 987 1280 maio
1011 1211 1190 1282 iudicibus
1211 1211 1255 1279 de
1278 1209 1483 1296 supradicto
1507 1209 1623 1276 locum
1647 1208 1794 1276 nucerie
1817 1211 1853 1276 et
1876 1207 2069 1294 subscripti
2094 1206 2213 1275 idonei
2238 1211 2358 1294 testes,
2375 1209 2423 1275 ud

565 1381 605 1430 oc
628 1367 714 1450 quot
739 1365 834 1436 inter
861 1364 964 1433 nobis
989 1366 1114 1433 ordine
1139 1363 1386 1433 bicariationis
1408 1363 1647 1448 firmaremus,
1671 1359 1767 1426 omni
1791 1363 1949 1448 tempore
1974 1362 2075 1428 firme
2099 1359 2334 1448 stabilemque
2350 1381 2422 1430 ma·

568 1521 698 1604 neret;
723 1522 759 1586 et
781 1519 865 1585 dum
888 1517 1038 1605 predicti
1065 1517 1200 1585 iudices
1222 1521 1259 1583 et
1283 1515 1477 1602 supscripti
1502 1519 1611 1583 testes
1627 1514 1892 1601 interfuissent,
1909 1515 1988 1582 ideo
2004 1515 2228 1582 firmabimus
2245 1517 2341 1584 inter
2357 1533 2421 1582 no-

567 1670 621 1740 bis
644 1675 822 1743 cambium
848 1676 965 1760 ipsum
988 1676 1086 1742 iusta
1109 1673 1231 1742 eadem
1248 1673 1376 1759 legem,
1396 1673 1585 1757 propterea
1601 1687 1667 1757 ego
1683 1669 1913 1756 supradictus
1930 1670 2104 1739 iohannes
2120 1673 2228 1740 abbas
2247 1690 2319 1741 una
2340 1691 2420 1738 cum

565 1843 776 1895 consensum
801 1829 913 1916 ipsius
937 1830 1107 1915 prepositi
1123 1847 1164 1898 ac
1180 1831 1434 1896 monachorum
1449 1825 1607 1894 eiusdem
1625 1826 1739 1892 nostri
1755 1822 1979 1910 monasterii,
1996 1827 2032 1890 et
2050 1825 2240 1893 interesset
2258 1825 2356 1894 iusta
2372 1827 2420 1893 le-

566 1999 648 2064 gem
670 1983 821 2067 predicti
846 1983 982 2051 iudices
1006 1989 1042 2051 et
1067 1984 1184 2052 idonei
1210 1987 1331 2069 testes,
1357 1984 1393 2049 et
1417 1998 1480 2066 pro
1504 1981 1645 2048 firmam
1669 1977 1905 2046 stabilitatem
1928 1995 2068 2043 mecum
2086 1979 2217 2044 abente
2233 1983 2335 2064 petro
2351 1979 2419 2046 cle-

567 2133 643 2200 rico
666 2137 702 2202 et
726 2137 866 2204 notario
889 2136 1138 2205 adbocatorem
1161 2134 1320 2202 eiusdem
1342 2132 1455 2200 nostri
1481 2131 1706 2217 monasterii,
1728 2148 1792 2217 per
1816 2149 1856 2198 oc
1880 2130 2049 2198 bidelicet
2072 2130 2246 2217 scriptum
2269 2131 2420 2202 vicaria·

454 2355 457 2362 ,
568 2287 682 2354 tionis
704 2288 830 2355 ordine
854 2289 949 2357 iusta
976 2289 1089 2375 legem
1112 2289 1273 2355 dedimus
1296 2290 1332 2353 et
1355 2285 1568 2353 tradidimus
1590 2286 1690 2352 vobis
1712 2283 1864 2371 predicti
1888 2283 1982 2370 petri
2006 2284 2161 2370 clerico,
2186 2287 2221 2350 et
2245 2285 2417 2373 iohanni,

567 2440 604 2504 et
628 2441 752 2526 sande,
775 2445 812 2508 et
836 2441 1008 2509 deocdede
1032 2442 1177 2528 integra
1201 2441 1279 2528 ipsa
1302 2445 1405 2507 curte
1429 2440 1472 2507 de
1494 2437 1700 2524 supradicto
1723 2437 1839 2503 locum
1862 2437 1981 2504 salara
2004 2437 2137 2502 finibus
2153 2435 2235 2503 uius
2259 2439 2417 2525 nucerie,

566 2597 655 2676 quot
672 2595 837 2678 superius
854 2594 1086 2680 patefecimus
1102 2593 1305 2680 pertinente
1322 2611 1397 2659 esse
1413 2591 1570 2659 eiusdem
1585 2592 1701 2658 nostri
1718 2592 1926 2660 monasterii
1943 2594 1979 2656 et
1997 2591 2128 2676 quibus
2147 2589 2224 2676 ipsa
2240 2594 2348 2658 rebus
2365 2597 2418 2660 est

567 2764 630 2832 per
654 2765 693 2814 ec
717 2747 800 2814 finis
823 2752 859 2815 et
884 2750 1090 2816 mensurie:
1116 2769 1137 2816 a
1162 2765 1245 2834 pars
1268 2746 1463 2814 occidentis
1487 2747 1558 2812 fine
1583 2747 1642 2814 bia
1665 2744 1822 2832 publica,
1848 2764 1910 2831 per
1933 2745 2011 2831 ipsa
2034 2745 2094 2813 via
2117 2752 2203 2813 sunt
2219 2749 2313 2833 passi
2331 2767 2419 2833 qua-

567 2902 737 2988 draginta
765 2905 902 2970 nobem:
928 2923 949 2970 a
973 2919 1057 2988 pars
1080 2901 1381 2988 septemtrionalis
1406 2899 1477 2966 fine
1500 2899 1544 2967 de
1567 2900 1689 2967 eredes
1714 2898 1906 2982 benedicti,
1925 2898 2007 2965 inde
2032 2905 2115 2966 sunt
2139 2902 2237 2986 passi
2261 2901 2418 2986 triginta

566 3059 602 3122 et
624 3073 708 3124 sex:
734 3077 756 3124 a
780 3075 866 3144 pars
888 3055 1037 3124 orientis
1060 3057 1130 3122 fine
1155 3055 1197 3123 de
1220 3055 1342 3121 eredes
1365 3053 1486 3122 domni
1510 3051 1697 3138 ademari,
1727 3053 1822 3120 sicut
1853 3053 1935 3120 inde
1968 3053 2203 3122 terminatum
2228 3059 2308 3139 est,
2332 3059 2417 3122 sunt

564 3208 653 3277 inde
676 3209 772 3296 passi
797 3209 918 3278 decem
943 3214 979 3277 et
1003 3214 1081 3276 octo
1105 3214 1141 3276 et
1165 3208 1320 3278 medium
1343 3225 1516 3294 passum3
1547 3227 1610 3295 per
1643 3208 1765 3279 eadem
1789 3208 1860 3276 fine
1884 3209 2004 3275 domni
2028 3209 2186 3277 ademari
2213 3207 2417 3277 rebolbente

567 3361 606 3427 in
630 3363 796 3448 partibus
818 3362 969 3430 orientis
995 3363 1078 3429 inde
1101 3366 1186 3428 sunt
1210 3361 1306 3448 passi
1331 3361 1530 3448 duodecim3
1555 3363 1761 3431 rebolbente
1785 3365 1823 3431 in
1847 3363 2010 3451 partibus
2034 3364 2182 3431 meridie
2207 3382 2270 3450 per
2293 3364 2416 3432 eadem

565 3513 637 3583 fine
660 3515 781 3582 domni
803 3516 962 3584 ademari
988 3520 1024 3584 et
1047 3515 1131 3582 iride
1155 3519 1242 3581 sunt
1265 3515 1362 3601 passi
1389 3514 1520 3602 viginti
1547 3519 1582 3583 et
1605 3534 1694 3601 sex;
1726 3517 1770 3584 ab
1796 3516 1873 3603 ipsa
1897 3535 1980 3603 pars
2004 3515 2153 3584 meridie
2176 3516 2313 3584 modico
2337 3523 2415 3586 tan-

566 3675 678 3754 gente
702 3670 741 3736 in
765 3670 844 3756 ipsa
866 3671 938 3738 fine
960 3671 1081 3737 domni
1104 3669 1262 3740 ademari
1287 3671 1323 3736 et
1346 3669 1430 3736 inde
1453 3669 1596 3738 exiente
1626 3689 1690 3757 per
1720 3669 1792 3738 fine
1815 3669 1993 3737 benedicti
2017 3670 2079 3756 qui
2105 3669 2174 3736 suit
2198 3671 2274 3738 thio
2298 3677 2415 3740 vestro

564 3823 663 3894 filius
685 3823 780 3890 idem
803 3822 995 3910 benedicti,
1020 3825 1103 3892 inde
1127 3843 1165 3892 se
1188 3824 1431 3908 coniungente
1454 3823 1493 3888 in
1517 3823 1595 3909 ipsa
1618 3823 1679 3892 bia
1702 3824 1823 3909 priora
1839 3822 1912 3890 fine
1929 3827 2015 3890 suut
2031 3822 2113 3890 inde
2138 3825 2234 3910 passi
2259 3825 2415 3910 triginta

562 3981 600 4046 et
623 3995 700 4064 sen,
724 3980 840 4044 totum
864 3979 910 4046 ad
933 3978 1028 4044 iusto
1052 3997 1197 4065 passum
1220 3976 1357 4044 homini
1382 3979 1437 4044 est
1460 3978 1730 4061 mensuratum,
1754 3975 1848 4043 unde
1871 3975 1914 4042 de
1938 3976 2123 4046 nominate
2145 3996 2225 4046 mea
2247 3977 2412 4047 traditio·

564 4149 610 4200 ne
632 4149 698 4200 nec
721 4133 845 4220 nobis,
869 4151 984 4219 neque
1007 4134 1052 4202 ad
1075 4136 1176 4220 parte
1199 4133 1313 4220 ipsius
1335 4131 1447 4200 nostri
1480 4129 1713 4214 monasterii,
1744 4146 1809 4196 nec
1835 4127 2048 4215 cuicumque
2071 4129 2178 4200 alteri
2204 4131 2417 4226 abendum‚

562 4284 699 4354 nullam
723 4285 998 4372 reserbabimuS‚
1023 4287 1139 4354 setin
1163 4287 1347 4372 integrum
1371 4303 1548 4354 unacum
1574 4282 1727 4350 inferius
1751 4287 1787 4350 et
1811 4282 1991 4370 superius,
2008 4287 2142 4351 etcum
2167 4286 2244 4352 bice
2268 4288 2311 4355 de
2335 4289 2413 4376 ipsa

562 4442 644 4527 bia,
668 4445 704 4508 et
728 4460 810 4508 cum
834 4441 956 4509 omnia
979 4440 1075 4507 intro
1098 4457 1136 4507 se
1159 4437 1350 4508 abentibus
1373 4437 1450 4505 suis
1472 4437 1705 4525 pertinentiis
1728 4439 1828 4505 vobis
1852 4439 2050 4527 supradicti
2073 4442 2238 4527 germani
2262 4444 2414 4514 vicaria-

561 4593 674 4658 tionis
696 4593 822 4660 ordine
845 4593 941 4662 iusta
965 4592 1081 4679 legem
1103 4591 1267 4659 dedimus
1290 4593 1327 4659 et
1343 4590 1571 4678 tradidimus²
1587 4591 1764 4659 abendum
1782 4594 1818 4659 et
1833 4591 2097 4678 possidendum,
2114 4594 2168 4662 vel
2187 4597 2307 4665 omnia
2332 4599 2415 4667 inde

562 4745 781 4833 faciendum,
805 4745 959 4832 qualiter
983 4745 1190 4829 bolueritis3
1215 4763 1279 4831 pro
1302 4763 1466 4830 quaene
1490 4752 1612 4814 nostra
1634 4747 1771 4816 vicaria
1787 4746 1984 4834 recepimus
2007 4765 2029 4814 a
2054 4749 2114 4813 bos
2139 4748 2179 4814 in
2202 4749 2354 4819 cambiu'
2368 4753 2411 4819 ad

563 4919 649 4986 pars
672 4900 831 4968 eiusdem
858 4901 973 4968 nostri
998 4901 1209 4970 monasterii
1234 4901 1380 4986 integra
1404 4899 1612 4987 supradicta
1627 4905 1729 4969 curte
1746 4907 1866 4969 restra
1882 4901 1924 4968 de
1942 4900 2064 4968 eadem
2081 4900 2195 4970 locum
2211 4905 2415 4991 tabellaria,

561 5055 606 5123 de
629 5055 724 5122 sicut
747 5073 810 5141 per
835 5059 957 5124 vestra
981 5056 1121 5126 cartula
1145 5056 1190 5124 ad
1213 5073 1297 5142 pars
1314 5056 1473 5122 eiusdem
1488 5055 1603 5121 nostri
1620 5055 1828 5124 monasterii
1844 5055 2021 5124 abendum
2037 5055 2322 5146 confirmastitis,
2347 5079 2415 5148 que

561 5213 645 5280 abet
668 5207 751 5275 finis
775 5211 811 5276 et
828 5210 1011 5277 mensurie
1028 5209 1106 5296 ipsa
1117 5214 1242 5307 'restra
1259 5208 1491 5277 traditionem
1508 5231 1516 5274 :
1533 5231 1555 5278 a
1573 5227 1657 5295 pars
1674 5209 1869 5277 occidentis
1893 5211 1964 5277 fine
1987 5215 2124 5299 uestra,
2149 5217 2233 5296 quot
2257 5215 2414 5283 retinent

561 5365 708 5434 marinu
730 5363 821 5430 liber
845 5365 962 5449 homo,
986 5361 1069 5430 inde
1094 5367 1178 5430 sunt
1200 5361 1297 5448 passi
1319 5362 1450 5449 viginti
1474 5368 1509 5430 et
1533 5367 1607 5431 tres
1628 5369 1664 5432 et
1679 5365 1785 5451 pedes
1807 5365 1876 5432 duo
1900 5369 1936 5432 et
1958 5365 2139 5434 simmisse
2155 5386 2281 5455 unum3
2299 5370 2413 5436 rebol-

563 5521 669 5587 bente
691 5520 730 5586 in
755 5518 832 5605 ipsa
856 5535 940 5604 pars
964 5515 1155 5584 occidentis
1178 5533 1241 5602 per
1263 5516 1386 5584 eadem
1410 5517 1481 5584 fine
1506 5517 1619 5605 ipsius
1644 5519 1805 5606 marini,
1836 5525 1871 5588 et
1901 5521 1984 5588 inde
2008 5525 2093 5590 sunt
2117 5523 2214 5610 passi
2239 5524 2412 5594 tredecim

561 5675 598 5740 et
621 5672 726 5758 pedes
750 5671 840 5758 duo;
864 5668 1031 5739 similiter
1056 5668 1260 5738 rebolbente
1284 5671 1322 5738 in
1347 5672 1425 5757 ipsa
1449 5690 1533 5758 pars
1559 5673 1755 5742 occidentis
1787 5691 1851 5759 per
1882 5675 1954 5742 fine
1977 5675 2090 5746 alfani
2114 5675 2213 5744 filius
2237 5678 2413 5764 maraldi‚

557 5827 647 5893 sunt
670 5823 754 5894 inde
776 5825 870 5913 passi
896 5817 1189 5912 quadtuordecim
1212 5827 1249 5892 et
1271 5825 1446 5896 simmisse
1471 5845 1602 5912 unum3
1626 5829 1832 5897 rebolbente
1858 5831 1896 5898 in
1920 5831 2083 5918 partibus
2107 5831 2258 5902 orientis
2282 5853 2346 5922 per
2373 5837 2414 5902 fi-
