5318 7102
576 554 621 623 56
1277 556 1640 628 capitularii-r

522 775 657 851 Placuit
682 779 794 866 nobis,
824 788 861 853 ut
887 780 988 852 liberi
1007 781 1165 853 homines
1183 780 1242 874 qui
1262 803 1330 852 non
1350 789 1488 876 propter
1506 787 1741 876 paupertatem
1761 781 1821 852 sed
1839 778 2063 851 dubitandam
2078 777 2265 874 reipublice
2283 781 2378 852 irau-

570 936 733 1010 dulenter
757 939 780 1033 ¹)
807 939 896 1010 banc
915 938 1094 1033 ingeniose
1113 961 1168 1008 res
1187 961 1266 1009 suas
1284 937 1433 1010 eeclesia
1451 937 1624 1034 delegant,
1654 961 1780 1034 easque
1807 939 1920 1010 denuo
1938 959 2103 1035 successo
2123 944 2161 1009 ut
2177 935 2321 1009 tendant
2338 937 2374 1030 ²),

568 1097 753 1192 recipiunt,
783 1105 820 1171 ut
845 1119 1024 1191 quousque
1050 1095 1124 1189 ipsa
1149 1120 1204 1168 res
1230 1096 1416 1191 possedant
1441 1095 1574 1170 hostem
1602 1113 1635 1172 et
1654 1099 1805 1194 reliquas
1826 1096 1986 1193 publicas
2012 1096 2213 1168 functiones
2230 1094 2373 1179 saciant,

567 1256 660 1348 quod
686 1257 779 1328 iussa
804 1257 918 1329 lacere
944 1254 1186 1350 neglesserint‚
1207 1255 1385 1328 licentiam
1404 1255 1637 1354 distringendi
1655 1260 1840 1333 comitibus
1867 1240 2101 1355 permittimus
2128 1279 2189 1352 per
2207 1256 2298 1350 ipsas
2317 1277 2373 1324 res

564 1426 722 1490 nostrum
749 1442 817 1490 non
844 1419 1030 1491 resistente
1055 1417 1269 1502 emunitate,
1300 1427 1337 1490 ut
1362 1425 1513 1491 statutus
1539 1426 1572 1490 et
1598 1419 1731 1492 utilitas
1758 1419 1856 1514 regni
1884 1416 2125 1489 huiuscemodi
2153 1413 2376 1486 adinventio-

566 1575 668 1648 nibus
694 1599 764 1648 non
792 1575 986 1649 infirmetur
1010 1567 1048 1675 ³).

516 1733 699 1821 Volumus,
728 1745 766 1808 ut
792 1735 941 1806 similem
968 1759 1166 1807 mensuram
1192 1737 1226 1806 in
1254 1735 1375 1830 laycali
1394 1737 1529 1822 ordine,
1550 1735 1592 1806 de
1611 1737 1675 1807 lrac
1693 1760 1729 1832 re
1747 1745 1918 1820 servetur,
1942 1734 2108 1807 videlicet
2125 1735 2164 1828 ⁸),
2187 1741 2224 1804 ut
2242 1734 2270 1803 si
2289 1733 2369 1825 quis

568 1893 711 1966 alterius
736 1897 955 1991 proprietate,
977 1895 1036 1988 qui
1054 1895 1190 1967 bostem
1216 1896 1329 1966 lacere
1355 1903 1478 1991 potest,
1508 1897 1628 1966 merita
1645 1891 1669 1990 ⁸)
1697 1902 1768 1982 ant,
1796 1895 1886 1988 quod
1914 1893 2065 1980 absistis,
2094 1892 2196 1964 modo
2223 1893 2264 1963 ad
2291 1913 2373 1963 eum

565 2056 786 2149 pervenerit,
814 2056 914 2148 eique
942 2055 983 2124 ad
1010 2055 1176 2127 utendum
1203 2077 1261 2127 eas
1287 2053 1469 2141 dimiserit,
1499 2057 1528 2128 si
1554 2056 1744 2151 neglegens
1770 2057 1811 2127 ad
1838 2032 1936 2127 hoste
1962 2054 2080 2140 luerit,
2110 2077 2170 2148 per
2197 2055 2286 2147 ipsas
2313 2075 2371 2122 res

565 2215 683 2286 comiti
710 2215 974 2310 distringantur,
1003 2223 1041 2286 ut
1068 2217 1103 2285 in
1130 2237 1348 2308 quocumque
1375 2214 1512 2310 publica
1537 2239 1606 2286 non
1635 2216 1831 2286 minoretur
1858 2211 1991 2286 utilitas
2008 2214 2047 2308 θ).

513 2373 729 2468 precipimus
755 2375 797 2444 de
824 2374 878 2444 his
904 2374 1067 2447 fratribus
1094 2373 1152 2466 qui
1179 2375 1215 2444 in
1242 2375 1383 2458 nostris,
1411 2384 1446 2446 et
1472 2376 1625 2446 romanis
1652 2373 1791 2461 finibus,
1821 2382 1964 2469 paterna
1990 2397 2052 2446 sou
2079 2382 2247 2459 materna,
2276 2376 2370 2467 quod

564 2557 655 2604 unus
680 2557 800 2604 eorum
827 2531 1066 2604 ecclesiastico
1094 2529 1217 2603 militie
1244 2532 1288 2603 sit
1308 2533 1523 2627 mancipatus
1541 2541 1575 2605 et
1593 2534 1638 2606 ita
1657 2534 1711 2605 his
1729 2534 1787 2627 qui
1806 2531 2009 2604 seculariter
2028 2531 2177 2604 militare
2191 2530 2372 2616 debuerat,

563 2702 600 2766 ut
625 2715 661 2764 se
689 2695 729 2763 ad
757 2692 958 2764 defensione
986 2692 1084 2786 regni
1110 2691 1219 2763 nostri
1246 2691 1398 2763 subtraat
1425 2691 1459 2761 in
1487 2691 1614 2763 nostris
1641 2690 1766 2762 finibus
1793 2701 1887 2786 parte
1914 2691 2105 2762 substantie
2141 2691 2176 2759 in
2212 2691 2371 2784 portione

558 2855 735 2946 suscipere
761 2853 1047 2936 dissimulaverit,
1068 2861 1106 2924 ut
1124 2852 1218 2924 circo
1236 2855 1259 2946 1)
1279 2861 1316 2923 ut
1334 2873 1445 2944 neque
1473 2853 1515 2922 ad
1536 2851 1655 2922 comiti
1683 2849 1843 2943 distringi
1872 2850 1997 2935 valeat,
2027 2848 2085 2920 ubi
2112 2851 2258 2920 comites
2284 2873 2370 2920 suus

558 3035 639 3084 eum
665 3014 852 3098 inuenerit,
880 3012 1022 3082 licentia
1048 3013 1080 3082 ei
1107 3012 1336 3105 distringendi
1364 3013 1604 3084 concedimus.
1633 3012 1682 3085 lta
1717 3020 1753 3084 ut
1787 3014 1938 3106 primum
1965 3011 2203 3084 lideiussorem
2231 3011 2369 3095 donet,

563 3196 672 3266 usque
699 3171 739 3244 ad
766 3172 928 3266 placitum
956 3197 1057 3244 snum
1092 3179 1127 3242 et
1154 3169 1306 3242 bannum
1333 3179 1490 3242 nostrum
1516 3181 1710 3265 componat.
1740 3169 1775 3241 Si
1802 3195 1883 3242 vero
1910 3170 2148 3244 fideiussorem
2176 3194 2245 3242 non
2273 3173 2373 3242 inve·

563 3331 667 3419 nerit,
694 3331 817 3404 tandiu
835 3330 899 3403 sub
918 3332 1073 3404 custodia
1091 3329 1209 3402 comiti
1229 3338 1398 3414 teneatur,
1420 3353 1599 3424 quousque
1618 3328 1819 3401 fideiussore
1847 3329 2014 3413 inveniat,
2044 3336 2102 3400 aut
2127 3330 2281 3401 bannum
2310 3354 2373 3402 no-

566 3501 675 3565 strum
704 3494 857 3564 solutum
884 3493 1006 3566 habeat
1031 3496 1068 3588 ⁸).

516 3852 651 3862 ,-.---.
661 3852 823 3859 --...-.
837 3850 968 3857 ———-

555 4119 579 4206 't
600 4126 719 4186 lnvece
744 4125 775 4185 di
799 4125 858 4189 sed
880 4123 1092 4188 dubitandam
1114 4120 1297 4204 reipublice
1319 4121 1550 4186 fraudulenter
1573 4122 1596 4182 ii
1619 4121 1702 4182 Mur.
1729 4123 1789 4182 ha:
1815 4122 1872 4186 sed
1894 4122 1933 4185 ch
1957 4120 2127 4187 vitandam
2152 4122 2368 4203 Reipublicae

511 4271 695 4338 utilitatem
717 4270 959 4335 fraudulenter.

554 4418 577 4498 ²)
600 4419 722 4492 Questo
744 4433 897 4481 successo
919 4423 958 4480 ut
979 4413 1119 4480 tendant
1142 4433 1205 4475 non
1229 4415 1257 4474 si
1281 4415 1425 4493 capisce;
1443 4415 1472 4474 si
1497 4415 1630 4477 emendi
1654 4415 1704 4478 eol
1728 4422 1813 4478 testo
1836 4418 2058 4480 bluratoriano
2076 4419 2109 4477 in
2126 4419 2180 4480 cui
2205 4419 2234 4478 si
2250 4419 2363 4497 legge:

510 4565 574 4627 sub
597 4535 705 4628 censu
719 4563 871 4628 utendas.

551 4710 576 4788 ⁸)
596 4709 680 4772 Mur.
705 4711 805 4772 XXII.

552 4857 577 4937 *ι
599 4855 625 4918 Il
648 4863 734 4918 testo
755 4855 976 4917 Muratoriano
1000 4856 1053 4916 ha:
1077 4862 1116 4918 ut
1137 4853 1235 4916 simul
1256 4853 1289 4915 in
1311 4852 1423 4918 laicali
1444 4853 1559 4918 ordine
1581 4854 1621 4917 de
1643 4855 1705 4918 hac
1728 4869 1765 4917 re
1787 4861 1964 4930 servetur,
1992 4854 2152 4920 videlicet
2174 4863 2233 4920 oto.
2258 4878 2310 4919 ma
2336 4861 2360 4920 il

511 4999 590 5066 Cori.
615 5003 755 5063 Estense
780 5001 941 5064 concorda
963 5003 997 5062 in
1020 5007 1136 5080 questo
1159 4999 1255 5078 luogo
1279 4999 1328 5062 col
1353 5000 1441 5072 Cam,
1467 5001 1585 5081 poiche
1610 4999 1772 5061 ambedue
1796 5001 1923 5062 hanno:
1948 5008 1987 5065 ut
2008 5001 2125 5070 similis
2148 5019 2304 5066 mansura
2326 5005 2363 5066 in

512 5147 627 5211 laicali
648 5147 764 5212 ordine
787 5149 827 5212 de
850 5150 911 5212 hae
934 5165 972 5210 re
994 5154 1152 5212 servetur
1175 5145 1336 5211 videlicet
1357 5154 1415 5208 etc.

556 5293 581 5376 ⁸)
603 5295 736 5370 merita,
762 5297 894 5356 emerit.

551 5440 577 5521 θ)
598 5442 682 5504 Mur.
707 5439 823 5502 XXIII.

551 5589 576 5670 ¹)
598 5587 762 5663 [iccirco.
787 5587 924 5650 idcirco.

551 5735 576 5818 ⁸)
598 5739 662 5801 Per
684 5741 802 5816 questa
824 5736 938 5814 legge,
964 5734 1025 5796 ebe
1050 5727 1264 5808 corrispcnde
1288 5728 1317 5789 al
1340 5730 1379 5790 N.
1404 5729 1503 5790 XXIV
1534 5729 1586 5790 del
1619 5737 1702 5792 testo
1724 5730 1947 5794 llnratoriano
1976 5732 2038 5813 (CI.
2071 5735 2116 5796 ib.
2151 5751 2222 5815 pag.
2248 5738 2309 5799 139
2333 5739 2367 5800 le

509 5884 574 5946 due
596 5884 680 5946 Note
704 5883 755 5964 23)
777 5901 795 5943 e
817 5883 880 5962 24).
