5318 7102
639 545 685 617 50
1338 544 1703 618 ouPtTULnutn

589 766 772 856 Volumus,
802 777 840 842 ut
865 791 945 842 cum
971 767 1118 842 collecta
1144 775 1167 865 ¹)
1195 768 1250 842 vel
1276 769 1386 842 scutis
1412 769 1447 840 in
1474 769 1599 864 placita
1624 771 1734 842 comis
1761 769 1868 843 nullis
1894 775 2071 864 presumat
2089 767 2221 854 venire;
2240 769 2270 841 si
2288 793 2434 865 presum-

641 927 760 1022 pserit,
789 926 942 1002 bannum
969 935 1153 1023 componat
1177 927 1214 1022 ²).

587 1085 636 1155 De
662 1085 924 1159 sanctimoniale
951 1085 1098 1158 leminea
1123 1086 1322 1172 statuimus,
1351 1086 1381 1157 si
1408 1085 1616 1160 adulterium
1643 1087 1804 1176 lecerint,
1833 1097 1867 1160 et
1894 1087 2076 1158 inventum
2102 1085 2246 1170 suerint,
2267 1106 2322 1156 res
2339 1107 2433 1179 quam

634 1243 771 1333 habent,
800 1245 902 1319 fiscos
928 1246 1117 1333 socientur,
1147 1268 1293 1342 persone
1318 1267 1401 1318 vero
1428 1269 1549 1318 eorum
1576 1247 1621 1318 sit
1647 1247 1682 1317 in
1709 1253 1878 1342 potestate
1895 1245 2061 1342 episcopi,
2091 1244 2126 1315 in
2145 1245 2247 1316 cuius
2265 1242 2435 1338 parrochia

637 1414 703 1492 est,
733 1413 770 1478 ut
797 1405 832 1476 iu
860 1406 1070 1478 monasterio
1096 1405 1328 1478 intromittant
1353 1403 1389 1500 ⁸).

587 1562 775 1652 Volumus,
805 1574 842 1637 ut
868 1565 1020 1660 episcopi
1047 1562 1226 1637 abbatibus
1252 1588 1371 1637 eorum
1398 1563 1559 1638 habentos
1583 1561 1607 1661 ⁸)
1635 1564 1780 1637 habeant
1806 1575 1840 1638 et
1865 1563 2013 1660 pleniter
2041 1563 2174 1635 iustitia
2200 1563 2329 1635 saciant
2364 1573 2436 1636 ante

637 1725 765 1798 comite
792 1749 855 1798 suo
880 1721 918 1820 ⁵).

588 1883 635 1956 De
662 1885 820 1958 homines
846 1886 905 1980 qui
931 1909 986 1958 res
1004 1911 1084 1960 suas
1103 1887 1344 1961 alienaverunt
1369 1885 1579 1981 ubicumque
1598 1893 1632 1958 et
1651 1909 1755 1982 super
1773 1887 1951 1974 resedunt,
1971 1883 2157 1980 distringat
2174 1907 2235 1955 eos
2253 1908 2367 1958 comes
2384 1907 2438 1980 per

638 2041 759 2114 scubia
777 2046 802 2138 θ)
830 2042 979 2138 publica,
1008 2045 1100 2117 sicut
1124 2045 1180 2116 lex
1205 2044 1362 2118 continet
1386 2039 1423 2139 ¹).

585 2203 798 2292 statuimus,
827 2206 856 2277 si
883 2205 970 2277 liber
996 2206 1098 2279 homo
1124 2209 1277 2304 seipsum
1303 2208 1344 2279 ad
1371 2209 1553 2281 servitium
1580 2207 1736 2316 implicat
1762 2231 1822 2304 pro
1849 2205 2022 2302 aliquibus
2049 2231 2090 2277 cx
2116 2207 2233 2278 causis
2260 2205 2367 2278 libera
2390 2211 2436 2278 le-

634 2363 727 2436 mine
753 2364 884 2452 habuit,
913 2375 971 2439 aut
997 2347 1148 2440 infantes
1175 2367 1271 2463 ipsis,
1300 2367 1336 2438 in
1362 2390 1484 2450 eorum
1510 2367 1667 2441 libertate
1693 2375 1918 2463 permaneat,
1959 2373 1994 2438 et
2020 2365 2093 2461 ipsa
2119 2365 2249 2438 mulier
2276 2367 2434 2438 del'uncta

633 2523 776 2612 luerint,
804 2534 839 2597 et
865 2524 932 2598 alia
957 2526 1087 2598 semina
1113 2525 1179 2599 sibi
1205 2527 1452 2622 complacuerit
1477 2521 1514 2623 ⁸),
1543 2527 1754 2607 seruientem
1780 2526 1893 2622 ipsum
1920 2526 1955 2596 in
1982 2525 2126 2598 servitio
2152 2529 2410 2620 permanente).

583 2683 799 2779 Quicumque
825 2685 919 2756 enim
945 2685 1032 2758 liber
1058 2686 1175 2772 homo,
1194 2685 1261 2758 hut
1280 2686 1406 2758 comite
1433 2709 1509 2772 suo,
1529 2687 1595 2759 hut
1613 2686 1655 2758 ad
1674 2685 1844 2758 ministris
1861 2685 1937 2757 eius
1956 2685 1997 2756 ad
2015 2685 2159 2780 patriam
2178 2684 2433 2758 defendendam

633 2844 683 2915 ire
710 2844 912 2940 neglexerit,
942 2855 975 2919 ct
1001 2846 1191 2918 exercitum
1219 2846 1461 2941 supervenerit
1487 2847 1529 2919 ad
1555 2848 1657 2920 istius
1683 2849 1794 2943 regni,
1823 2847 1868 2920 Ut
1893 2845 2080 2920 stationem
2097 2842 2148 2942 ¹⁰),
2169 2845 2224 2918 uel
2254 2849 2434 2920 contrarie·

633 3011 740 3078 tatem
766 3002 921 3076 fidelium
947 3015 1147 3078 nostrorum
1173 3005 1320 3100 capitale
1347 3005 1524 3078 subiaceat
1550 3005 1773 3093 sententiam,
1802 3006 1963 3078 similiter
1989 3005 2259 3092 observandum,
2282 3007 2312 3078 si
2330 3007 2433 3079 vocati

633 3163 764 3236 luerint
790 3165 944 3237 auditum
974 3165 1196 3238 inimicorum
1223 3175 1421 3238 nostrorum
1448 3165 1648 3238 adventum.
1674 3165 1716 3236 Et
1742 3163 1789 3236 ita
1807 3165 1993 3260 contigerit
2010 3165 2101 3261 quod
2119 3163 2216 3239 hoste
2236 3191 2308 3239 non
2326 3189 2434 3262 super·

586 3541 963 3550 ..Ἣ-
971 3543 1026 3550 -4-

626 3817 648 3896 ⁸)
669 3815 696 3875 Il
719 3815 802 3876 Mur.
827 3815 881 3876 ha:
905 3821 944 3878 ut
966 3833 1039 3880 cum
1061 3815 1226 3891 collectis,
1251 3816 1415 3878 monella
1438 3815 1574 3895 Notati)
1596 3831 1669 3895 pag.
1694 3815 1755 3877 137
1778 3815 1898 3878 scrire:
1923 3837 1938 3874 n
1957 3814 2034 3878 Cod.
2059 3817 2169 3890 Esten,
2194 3818 2291 3880 habet
2312 3823 2349 3882 ut
2369 3833 2436 3881 cum

583 3982 598 4019 n
624 3959 776 4036 collecta,
800 3962 895 4034 idest,
920 3980 993 4023 cum
1017 3963 1219 4024 adunatione
1241 3963 1419 4033 hominum,
1444 3961 1538 4038 quasi
1559 3961 1626 4021 vim
1647 3960 1812 4030 illaturus,
1839 3965 1895 4021 aut
1916 3959 2042 4034 ludici,
2067 3968 2125 4022 cut
2147 3962 2340 4027 aduersario
2363 3985 2389 4023 u.

625 4108 650 4189 ²)
670 4107 755 4170 Mur.
779 4109 817 4168 V.

623 4253 647 4335 ³)
669 4257 794 4329 Questa
816 4253 911 4332 legge
943 4253 1109 4316 concorda
1138 4252 1188 4316 col
1213 4255 1253 4314 N.
1277 4253 1320 4313 VI
1343 4252 1516 4325 delitum,
1542 4253 1564 4313 il
1589 4252 1686 4332 quale
1717 4253 1751 4312 in
1778 4253 1900 4314 sinedi
1934 4271 2011 4315 essa
2040 4255 2100 4316 ha:
2124 4255 2217 4318 utin
2239 4256 2433 4322 monasterio

580 4399 760 4465 mittantur
783 4420 848 4463 uon
869 4400 1108 4476 intromittent,
1133 4420 1225 4464 come
1250 4399 1292 4460 ha
1315 4397 1339 4460 il
1363 4404 1475 4462 nostro
1498 4399 1590 4472 Cod,
1616 4403 1657 4460 ne
1679 4397 1960 4474 intromittantur,
1979 4419 2071 4463 come
2097 4401 2120 4462 il
2144 4401 2221 4465 Cod.
2247 4405 2362 4466 Esten.
2386 4405 2438 4466 Di·

583 4549 699 4612 chiara
720 4551 775 4632 poi
798 4551 829 4612 lo
852 4556 960 4611 stesso
982 4551 1155 4623 Muratori,
1180 4549 1234 4611 chi
1258 4549 1352 4608 siano
1374 4553 1492 4627 queste
1515 4545 1663 4618 Moniali,
1680 4544 1765 4608 unde
1782 4545 1811 4606 si
1827 4545 1919 4626 parla
1942 4545 2031 4608 nella
2052 4549 2206 4630 predetta
2227 4539 2436 4630 legge,riella

579 4695 664 4758 Nota
685 4695 715 4775 7)
738 4695 783 4756 ib.
809 4718 824 4754 <r
849 4697 967 4776 Apitur
997 4697 1067 4757 heic
1090 4695 1135 4757 da
1156 4695 1199 4756 iis
1226 4693 1442 4766 Moniulihus,
1468 4693 1610 4772 quaein
1632 4691 1699 4780 suis
1730 4691 1864 4754 aedibus
1890 4694 1994 4756 citam
2022 4695 2177 4775 cpebcnt,
2208 4697 2320 4776 quales
2349 4713 2432 4758 nunc

581 4863 596 4900 α
622 4847 708 4913 suot,
732 4861 815 4920 quae
837 4841 1027 4906 tertiariae
1049 4849 1080 4905 et
1101 4841 1320 4906 Pinzocherae
1344 4840 1557 4918 appellantur
1581 4863 1608 4898 u.

621 4987 645 5068 ⁸)
670 4987 789 5050 Invece
813 4987 846 5049 di
868 4987 1030 5054 habentos
1054 4989 1077 5050 il
1100 4991 1184 5050 Mur.
1209 4990 1269 5050 ha:
1294 4987 1481 5051 advocatos

624 5131 649 5210 ⁵)
671 5131 755 5193 Mur.
780 5131 850 5192 Vll.

621 5277 646 5357 ⁸)
668 5277 788 5340 lnvece
812 5278 844 5338 di
867 5295 929 5359 per
950 5277 1065 5343 scubia
1086 5277 1218 5360 publica
1242 5277 1265 5338 il
1287 5277 1371 5342 Mur.
1396 5279 1449 5340 ha:
1474 5297 1535 5359 per
1556 5279 1712 5344 excubias
1734 5279 1904 5359 publicus.

620 5423 644 5504 τ)
666 5423 749 5504 uui.
775 5425 860 5484 uni.
1524 5391 1531 5410 ’

538 5583 543 5594 ·
622 5565 789 5648 ⁸)1nrece
814 5567 846 5629 di
869 5569 932 5631 sibi
955 5567 1193 5650 complacuerit
1216 5567 1239 5629 il
1260 5571 1346 5631 hlur.
1372 5570 1425 5630 ha:
1451 5569 1514 5633 sibi
1537 5571 1755 5650 copulaverit.

619 5712 645 5794 ⁰)
666 5714 750 5777 hlur.
774 5717 789 5776 Ι
812 5715 900 5778 delle
924 5715 1025 5796 Leggi
1049 5718 1082 5778 di
1106 5717 1249 5780 Lutario.

620 5859 799 5940 ¹⁰p1nvece
823 5863 856 5924 di
879 5870 918 5928 ut
940 5865 1117 5930 stationem
1141 5864 1162 5925 il
1187 5863 1270 5926 Mur.
1296 5865 1349 5926 ha:
1376 5863 1606 5930 vastationem.
