5376 7104
1013 591 1419 667 DIPLOM'ATICUS
2023 595 2092 667 919

281 786 403 858 sentia
428 783 588 858 mirandi
610 783 723 856 iudici
748 789 784 856 et
807 785 873 857 alii
896 789 1006 858 testes
1029 805 1092 876 per
1115 790 1210 859 hauc
1233 786 1408 860 cartulam
1432 805 1496 858 nos
1518 786 1717 880 supradicti
1743 789 1858 859 mater
1888 791 1928 858 et
1956 786 2057 858 illius
2080 787 2144 857 do-

282 957 411 1014 namus
437 939 554 1028 adque
577 939 623 1012 ad
646 957 784 1027 semper
809 940 1013 1012 babendum
1035 941 1325 1012 confirmavimus
1347 942 1414 1012 tibi
1436 941 1499 1030 qui
1522 959 1633 1030 supra
1655 939 1846 1030 grimoaldi
1877 945 2073 1031 cognatum
2099 947 2137 1012 et

283 1095 364 1165 tbio
386 1099 549 1166 nostrum
572 1095 688 1164 filiurn
710 1095 868 1188 garolali
892 1099 970 1168 tola
995 1101 1031 1168 et
1053 1097 1180 1167 inclita
1202 1099 1281 1185 ipsa
1303 1103 1428 1168 nostra
1450 1096 1641 1166 medietate
1664 1096 1708 1166 do
1730 1096 1810 1184 ipsa
1840 1094 1944 1182 pecia
1967 1095 2011 1166 de
2033 1100 2133 1167 terra

285 1269 348 1336 per
373 1250 579 1340 supradicte
601 1250 685 1320 finis
701 1254 737 1320 et
751 1253 947 1338 mensurio,
964 1269 1045 1320 cum
1060 1253 1182 1320 omnia
1197 1251 1294 1320 intro
1308 1269 1346 1320 se
1361 1250 1577 1322 habentibus
1591 1253 1628 1318 et
1643 1250 1719 1318 suis
1735 1249 1980 1339 pertinentiis,
2004 1254 2139 1321 etcum

284 1403 365 1472 vice
387 1402 431 1472 de
455 1402 516 1470 via
540 1419 619 1490 sua,
644 1402 690 1474 ad
714 1403 887 1472 securiter
910 1407 946 1472 el
967 1401 1119 1472 firmiter
1141 1400 1266 1472 amodo
1288 1403 1325 1471 et
1348 1417 1485 1488 semper
1501 1401 1542 1467 tu
1557 1399 1684 1486 tuique
1700 1399 1903 1489 heredibus,
1928 1406 1964 1472 et
1979 1400 2039 1471 cui
2059 1421 2139 1474 car-

282 1555 363 1626 tula
387 1555 459 1624 ista
482 1555 521 1622 iu
543 1571 691 1624 manum
714 1555 890 1643 paruerit,
914 1571 973 1624 eos
995 1554 1213 1642 habendum,
1237 1552 1497 1642 possidendum,
1514 1551 1784 1642 dominandum,
1799 1555 1920 1626 omnia
1934 1555 2065 1636 exinde
2085 1555 2140 1624 fa·

281 1709 451 1780 ciendum
476 1710 569 1797 quod
591 1709 791 1780 volueritis.
813 1710 914 1779 Unde
935 1728 1000 1799 pro
1023 1713 1089 1780 hoc
1111 1709 1243 1778 donum
1266 1709 1365 1778 vobis
1387 1707 1674 1778 confirmandum
1696 1710 1803 1780 iuxta
1825 1709 1940 1799 legem
1956 1710 2138 1800 launegilt

286 1883 309 1932 a
333 1870 369 1936 te
392 1865 525 1935 exinde
548 1865 747 1954 recepimus
770 1865 956 1935 duodecim
979 1863 1061 1934 auri
1084 1865 1155 1935 tari
1179 1863 1264 1932 boni
1288 1865 1328 1933 iu
1351 1861 1467 1932 omnis
1489 1861 1762 1952 deliveratione,
1792 1863 1885 1933 sicut
1907 1865 2002 1934 inter
2033 1867 2142 1936 uobis

284 2016 480 2105 combenit3
504 2018 547 2086 de
570 2036 642 2104 qua
665 2035 729 2086 nos
752 2017 949 2106 supradicti
972 2017 1083 2088 sende
1108 2021 1145 2087 et
1166 2017 1261 2087 mari
1286 2017 1376 2084 bone
1399 2019 1521 2086 nostre
1543 2014 1738 2086 voluntatis
1761 2014 1897 2104 guallia
1918 1981 1986 2086 ti'ui
2010 2006 2141 2108 supra-⁶

286 2169 381 2240 dicto
405 2171 596 2260 grimoaldi
620 2173 803 2261 dedimus,
827 2178 863 2243 et
884 2173 1119 2244 mediatorem
1138 2172 1206 2242 tibi
1229 2175 1412 2262 posuimus
1434 2173 1629 2263 gaudiosus
1653 2173 1751 2242 lilius
1774 2175 1955 2264 gualperti
1974 2195 1984 2263 3
2007 2180 2132 2246 tamen

284 2321 359 2410 ipse
382 2325 579 2413 gaudiosus
599 2330 654 2396 est
678 2327 775 2396 illius
798 2329 874 2397 ursi
898 2328 1092 2417 gualperti3
1123 2331 1160 2397 et
1182 2345 1246 2416 per
1275 2329 1355 2414 ipsa
1384 2325 1521 2416 guadia
1549 2331 1614 2396 etc.
1647 2327 1795 2396 statuto
1827 2332 1945 2398 multo
1975 2333 2134 2418 triptota

281 2485 371 2552 curi
394 2483 590 2552 summum
611 2485 1002 2554 constantiniouorum.
1028 2483 1072 2553 Et
1095 2480 1219 2552 taliter
1244 2483 1401 2552 scribere
1425 2481 1633 2571 rogavimus
1657 2487 1692 2556 te
1714 2483 1888 2554 iohannes
1917 2483 2071 2556 clericus
2097 2492 2134 2556 et

283 2634 459 2724 notarius,
482 2610 592 2706 hacto
612 2637 695 2706 nius
711 2637 872 2706 nucerio.

323 2764 359 2878 †
385 2793 461 2880 ligo
482 2794 543 2880 qui
569 2811 678 2882 supra
700 2793 887 2864 mirandus
910 2793 1021 2864 iudex

186 2995 188 2999 -
326 2918 454 3034 †Ego
478 2953 630 3016 amatus.

978 3202 1423 3212 ...m-*m

999 3493 1389 3576 DCLXXXIII.

1056 3753 1111 3831 A.
1137 3751 1189 3830 D.
1216 3749 1338 3831 1015.

324 3993 360 4132 †
384 4045 425 4114 ln
448 4045 593 4115 nomine
614 4042 749 4114 domiui
772 4043 942 4116 bicesimo
964 4047 1066 4114 sexto
1087 4059 1183 4116 anuo
1205 4042 1429 4132 principatus
1452 4040 1573 4112 domni
1602 4042 1717 4112 nostri
1747 4041 1944 4131 guaimarii
1975 4042 2125 4131 gloriosi

276 4196 467 4286 principis,
490 4215 609 4267 mense
632 4196 835 4284 ianuarino,
857 4194 1104 4267 tertiadecima
1126 4195 1336 4265 indictione.
1360 4195 1652 4267 Memoratorium
1673 4191 1808 4265 lactum
1832 4211 1929 4264 ame
1946 4194 2037 4266 falco
2052 4193 2131 4262 tllio

284 4350 487 4441 alexandri,
509 4369 552 4422 eo
575 4351 668 4440 quod
691 4357 776 4424 ante
798 4353 982 4441 presentia
1003 4349 1174 4422 romoaldi
1197 4347 1308 4419 iudici
1334 4351 1371 4420 et
1393 4349 1457 4420 alii
1481 4353 1588 4419 testea
1610 4365 1674 4438 per
1697 4349 1793 4417 bona
1821 4345 2125 4418 combenientiam

276 4505 431 4576 tradidit
452 4507 566 4577 michi
586 4506 632 4579 ad
654 4506 848 4578 tenendum
871 4511 908 4578 ot
930 4505 1167 4577 laborandum
1189 4504 1286 4575 maio
1307 4503 1383 4572 illic
1404 4501 1572 4574 domnelli
1603 4519 1682 4572 una
1708 4501 1811 4588 pecia
1842 4500 1885 4570 de
1916 4504 2017 4571 terra
2038 4519 2127 4618 curn·

276 4663 424 4732 arbusto
447 4664 610 4752 bitatum,
635 4663 727 4750 quod
750 4663 852 4733 abuit
874 4663 914 4731 in
937 4663 1052 4730 locum
1075 4660 1218 4747 sololle,
1243 4658 1302 4727 ubi
1327 4657 1471 4747 proprio
1493 4656 1540 4726 ad
1563 4655 1703 4726 cerbitu
1719 4653 1866 4743 dicitur,
1882 4657 2026 4726 rotense
2043 4656 2125 4724 liui-

276 4815 358 4904 bus,
382 4817 443 4905 qui
468 4823 522 4888 est
543 4837 606 4905 per
629 4837 670 4887 ec
693 4816 777 4886 linis
800 4821 837 4888 et
858 4818 1051 4887 mensurio:
1076 4815 1122 4886 da
1143 4815 1307 4903 partibus
1330 4813 1481 4881 orientis
1504 4809 1576 4878 flue
1605 4809 1649 4878 de
1678 4809 1800 4879 eredes
1829 4809 1996 4900 sparani,
2027 4809 2125 4880 sicut

278 4971 419 5040 termiti
441 4969 515 5040 ficti
541 4975 684 5040 suntet
707 4989 788 5058 sepo
810 4969 997 5059 discernit,
1022 4973 1108 5037 sunl
1132 4967 1215 5036 inde
1238 4965 1332 5054 passi
1355 4963 1615 5052 quadraginta:
1640 4963 1687 5032 da
1700 4965 1865 5051 partibus
1881 4964 2030 5035 meridie
2045 4965 2120 5034 fine

275 5119 367 5190 unde
393 5120 477 5189 olim
500 5121 566 5190 biti
589 5122 672 5210 fuit,
696 5122 758 5210 qui
781 5140 870 5210 erga
893 5122 970 5210 ipsc
992 5119 1092 5189 ribus
1114 5118 1308 5207 descendit,
1327 5123 1419 5202 ,sunt
1441 5115 1525 5186 inde
1540 5117 1635 5207 passi
1651 5119 1797 5186 centum
1813 5118 1960 5206 biginti:
1977 5118 2025 5188 da
2038 5139 2121 5206 par-

272 5272 369 5346 tibus
392 5275 587 5345 occidentis
609 5275 681 5344 line
704 5275 765 5344 bia
787 5274 943 5363 puplica,
966 5279 1051 5343 sunt
1072 5273 1155 5344 inde
1178 5275 1276 5361 passi
1298 5271 1451 5362 triginta
1466 5273 1547 5342 duo:
1564 5271 1611 5341 da
1625 5274 1790 5359 partibus
1812 5273 2121 5360 septemtrionalis

273 5429 345 5500 line
368 5429 524 5498 sortione
546 5427 653 5496 ciceri
678 5432 714 5499 et
728 5428 831 5498 aurie
847 5429 971 5496 uxoris
994 5444 1071 5515 sue,
1087 5445 1155 5513 que
1178 5425 1248 5495 suit
1270 5424 1345 5496 fllia
1368 5425 1523 5513 iaquinti
1550 5425 1753 5515 presbiteri,
1769 5428 1864 5496 sieut
1886 5425 2023 5496 termiti
2040 5427 2115 5498 ficti

275 5585 373 5672 sunt,
397 5583 480 5654 inde
503 5593 587 5653 sunt
609 5585 705 5672 passi
729 5580 930 5669 nonaginta
954 5579 1112 5669 quinque
1133 5586 1170 5651 et
1193 5582 1316 5670 pedem
1340 5601 1466 5671 unum3
1490 5587 1526 5652 ct
1549 5583 1752 5652 rebolbente
1774 5599 1838 5670 per
1868 5581 1947 5670 ipsa
1977 5583 2049 5654 tine
2075 5583 2116 5654 in

124 5831 129 5840 ¹
273 5735 438 5822 partibus
460 5733 612 5804 meridie
633 5731 728 5822 passi
751 5732 832 5820 du03
856 5737 893 5804 et
916 5732 1047 5802 iterum
1072 5734 1274 5806 rebolbente
1298 5737 1337 5805 in
1361 5735 1524 5823 partibus
1547 5737 1696 5806 orientis
1712 5753 1776 5822 per
1792 5734 1864 5804 fine
1880 5736 2035 5825 ipsorum
2054 5754 2120 5806 no-

270 5887 399 5960 minati
422 5889 478 5956 vir
500 5895 537 5960 et
559 5906 663 5975 uxor,
688 5891 783 5958 sicut
808 5887 942 5958 termiti
965 5887 1039 5959 ficti
1063 5894 1160 5978 sunl,
1184 5897 1221 5960 et
1243 5891 1501 5982 coniungentes
1525 5891 1563 5959 iu
1580 5881 1700 5978 priore
1722 5889 1796 5961 fluo
1810 5897 1895 5962 suut
1917 5890 2001 5963 indo
2017 5892 2114 5982 passi

462 6049 533 6104 Tou.
555 6061 589 6102 ru.
1895 6047 1930 6107 32
