5310 7080
619 497 667 610 se
1255 533 1430 604 consu
1464 534 1730 607 cluensis

571 767 696 831 nostra
714 780 838 846 causa,
863 765 899 827 et
924 761 977 826 ire
1001 757 1062 826 ubi
1088 756 1317 845 boluerimus,
1344 761 1379 826 et
1404 755 1529 826 inclita
1552 760 1758 845 supradicta
1782 761 1879 828 illius
1902 759 2116 829 tradiotione
2137 778 2218 828 cum
2243 763 2319 847 ipsa
2334 779 2418 831 casa

569 917 664 983 bona
680 915 845 982 conciata
859 913 1084 980 remittamus
1098 910 1143 978 ad
1159 911 1332 996 potestate
1356 909 1511 995 predicte
1535 910 1695 978 ecclesie.
1720 915 1757 978 et
1773 929 1836 996 per
1852 913 1945 980 bona
1960 911 2224 982 combenientia
2250 930 2314 996 per
2339 911 2422 998 ipsa·

572 1067 709 1153 guadia
734 1063 909 1150 obligabit
932 1082 969 1132 se
992 1063 1066 1149 ipse
1090 1063 1201 1129 abbas
1224 1063 1260 1130 et
1282 1078 1500 1128 successores
1523 1079 1605 1128 suos
1628 1066 1664 1129 et
1686 1081 1769 1149 pars
1794 1041 1907 1150 ipsius
1932 1063 2079 1132 ecclesie
2102 1063 2226 1134 amodo
2249 1067 2285 1129 et
2307 1080 2419 1156 usque

571 1220 647 1304 ipso
671 1219 904 1284 constitutum
929 1217 1115 1284 defensare
1140 1213 1241 1280 nobis
1265 1213 1466 1299 nostrisque
1490 1213 1654 1281 eredibus
1675 1215 1800 1284 inclita
1818 1215 1896 1302 ipsa
1912 1236 1980 1285 sua
1996 1215 2226 1302 tradietione,
2242 1234 2323 1282 cum
2341 1215 2417 1284 bice

570 1371 613 1437 de
638 1370 698 1439 bia
721 1388 787 1438 sua
811 1374 950 1436 etcum
974 1367 1051 1434 bice
1075 1367 1117 1432 de
1142 1365 1201 1432 bia
1226 1365 1271 1432 ad
1295 1365 1439 1432 fontane
1467 1365 1619 1452 indeque
1646 1370 1884 1455 pertinentem
1914 1369 2027 1456 ipsius
2055 1368 2202 1436 ecclesie
2232 1368 2278 1435 da
2304 1367 2418 1434 omnis

568 1525 703 1591 omines
730 1523 897 1608 omnique
924 1522 1107 1610 partibus3
1137 1521 1281 1604 quodsi
1306 1520 1429 1588 taliter
1452 1523 1515 1587 etc.
1542 1522 1690 1587 Stetuta
1712 1524 1827 1588 intuta
1849 1525 1979 1607 cipinti
2010 1525 2095 1588 auri
2118 1521 2311 1590 solidorum
2335 1538 2416 1588 cou-

572 1680 895 1746 stantinionoeune.
922 1679 957 1742 et
981 1679 1077 1742 hunc
1107 1677 1249 1740 brebem
1282 1672 1409 1759 scripsi
1431 1691 1496 1758 ego
1520 1674 1676 1742 ademari
1705 1677 1868 1742 notarius
1891 1675 1953 1760 qui
1980 1675 2141 1742 interlui.

620 1806 748 1921 †Eg·o
774 1835 835 1918 qui
860 1849 968 1918 supra
992 1831 1085 1899 maio
1107 1829 1283 1916 presbiter
1309 1833 1344 1895 et
1369 1830 1480 1896 abbas

617 1959 647 2075 †
674 1989 748 2073 Ego
769 1992 890 2073 petrus
913 1986 1088 2072 presbiter
1111 1990 1143 2052 et
1170 1985 1396 2070 primicerius

612 2111 642 2227 †
668 2142 743 2228 Ego
766 2141 950 2226 iaquintus

611 2268 642 2383 †
668 2296 742 2378 ligo
765 2295 923 2363 ioannes

1314 2897 1660 2977 DLXXXIX.

1345 3158 1400 3233 A.
1429 3153 1479 3231 D.
1502 3151 1630 3232 1006.

612 3454 859 3522 Sacramentum
879 3452 983 3518 buius
1000 3453 1234 3516 instrumenti
1250 3451 1421 3514 uetustate
1436 3449 1542 3514 eresi:

610 3553 646 3694 †
671 3627 688 3668 «
715 3607 854 3672 Decimo
877 3611 1000 3672 octavo
1015 3622 1109 3672 anno
1126 3603 1349 3688 principatus
1365 3599 1562 3668 Guaimarii
1585 3599 1651 3664 filii
1668 3599 1845 3684 quondam
1861 3597 2059 3666 Guaimarii
2077 3599 2263 3687 principis
2290 3617 2410 3668 mense

564 3783 581 3822 «
611 3760 822 3845 Septembri,
847 3757 973 3843 quinta
997 3757 1204 3824 indictione.
1231 3752 1374 3821 Locatie
1400 3752 1436 3817 in
1462 3757 1670 3838 perpetuum
1695 3752 1894 3820 medietatis
1918 3755 2099 3820 terrarum
2114 3757 2154 3820 tu
2169 3756 2239 3822 loco
2258 3757 2410 3824 Nuceria

564 3937 582 3976 «
609 3915 649 3978 in
671 3913 902 3978 Barbaciunu
925 3931 947 3978 a
973 3910 1160 3977 (tonsorato
1184 3907 1423 3990 subdiacon0‚
1453 3923 1526 3973 una
1554 3923 1635 3970 cum
1666 3907 1793 3972 Amato
1824 3881 1947 3972 iudice·
1965 3909 2000 3972 et
2024 3905 2222 3992 advocate,
2247 3905 2411 3976 adstante

567 4087 585 4131 «
613 4065 791 4132 Adelferio
807 4065 948 4147 abbate,
961 4063 1055 4130 facta
1067 4060 1271 4128 Costantino
1287 4055 1533 4144 amalplritano
1550 4075 1613 4142 pro
1630 4055 1821 4126 medietate
1838 4057 1914 4123 vini
1931 4061 1966 4124 ct
1983 4057 2208 4124 fructuum.»

608 4221 716 4285 Finis
739 4221 870 4284 teocius:

610 4371 706 4439 Unde
729 4387 793 4456 pro
816 4368 938 4435 taliter
961 4385 1024 4452 per
1049 4363 1297 4430 convenientia
1323 4383 1385 4448 pro
1408 4379 1493 4448 pars
1511 4375 1546 4429 et
1563 4361 1640 4428 vice
1665 4363 1778 4448 ipsius
1803 4363 1951 4429 ecclesie
1976 4363 2110 4448 guadia
2135 4362 2236 4428 nobis
2259 4365 2333 4448 ipse
2357 4377 2412 4428 co-

560 4526 745 4593 stantinus
768 4523 865 4590 dedit
888 4527 923 4589 et
947 4521 1179 4588 mediatorem
1202 4519 1303 4584 nobis
1321 4515 1419 4602 posui
1437 4515 1540 4601 guiso
1557 4513 1631 4580 filio
1647 4514 1826 4598 quendam
1842 4514 2006 4599 martini,
2030 4520 2067 4582 et
2090 4531 2151 4600 per
2176 4515 2254 4600 ipsa
2277 4513 2411 4602 guadia

562 4675 737 4762 obligavit
759 4694 797 4743 se
822 4675 895 4759 ipse
920 4674 1142 4740 costantinus
1166 4675 1201 4738 et
1225 4688 1305 4737 suos
1330 4669 1465 4752 eredes3
1490 4667 1581 4752 quod
1606 4667 1636 4732 si
1662 4665 1784 4734 taliter
1807 4672 1871 4734 eto.
1897 4667 1993 4743 Quod
2017 4667 2146 4753 scripsi
2170 4685 2235 4752 ego
2259 4665 2409 4735 romoal-

561 4833 628 4898 dus
653 4830 826 4896 notarius.

610 4955 639 5070 †
665 4999 730 5068 ego
755 4979 915 5046 ademari
939 4977 1103 5046 notarius
1127 4995 1182 5042 me
1206 4974 1399 5058 subscripsi

605 5108 635 5222 †
661 5153 726 5220 ogo
749 5131 951 5201 smaracdus
973 5131 1137 5198 notarius
1162 5147 1214 5194 rne
1239 5125 1450 5212 subscripsi.
