<?xml version="1.0" encoding="UTF-8"?>
<!DOCTYPE html PUBLIC "-//W3C//DTD XHTML 1.0 Transitional//EN"
    "http://www.w3.org/TR/xhtml1/DTD/xhtml1-transitional.dtd">
<html xmlns="http://www.w3.org/1999/xhtml" xml:lang="en" lang="en">
 <head>
  <title>
</title>
<meta http-equiv="Content-Type" content="text/html;charset=utf-8" />
  <meta name='ocr-system' content='tesseract 3.04.00' />
  <meta name='ocr-capabilities' content='ocr_page ocr_carea ocr_par ocr_line ocrx_word'/>
</head>
<body>
  <div class='ocr_page' id='page_1' title='image "./codexdiplomatic05aragoog_0286.png"; bbox 0 0 5376 7104; ppageno 0'>
   <div class='ocr_carea' id='block_1_1' title="bbox 987 533 2071 615">
    <p class='ocr_par' dir='ltr' id='par_1_1' title="bbox 987 533 2071 615">
     <span class='ocr_line' id='line_1_1' title="bbox 987 533 2071 615; baseline 0.01 -11"><span class='ocrx_word' id='word_1_1' title='bbox 987 533 1390 610; x_wconf 78' lang='lat' dir='ltr'>DIPLOMATICUS</span> <span class='ocrx_word' id='word_1_2' title='bbox 1999 543 2071 615; x_wconf 71' lang='lat'><strong>245</strong></span> 
     </span>
    </p>
   </div>
   <div class='ocr_carea' id='block_1_2' title="bbox 270 755 2124 2526">
    <p class='ocr_par' dir='ltr' id='par_1_2' title="bbox 270 755 2124 2067">
     <span class='ocr_line' id='line_1_2' title="bbox 270 755 2118 854; baseline 0.006 -31"><span class='ocrx_word' id='word_1_3' title='bbox 270 755 413 826; x_wconf 83' lang='lat' dir='ltr'><strong>tendere</strong></span> <span class='ocrx_word' id='word_1_4' title='bbox 435 757 639 826; x_wconf 80' lang='lat' dir='ltr'>debeamus.</span> <span class='ocrx_word' id='word_1_5' title='bbox 665 758 761 834; x_wconf 85' lang='lat' dir='ltr'><strong>Quod</strong></span> <span class='ocrx_word' id='word_1_6' title='bbox 777 759 807 826; x_wconf 91' lang='lat' dir='ltr'><strong>si</strong></span> <span class='ocrx_word' id='word_1_7' title='bbox 826 759 1056 845; x_wconf 89' lang='lat' dir='ltr'><strong>noluerimus,</strong></span> <span class='ocrx_word' id='word_1_8' title='bbox 1073 765 1137 828; x_wconf 90' lang='lat' dir='ltr'><strong>aut</strong></span> <span class='ocrx_word' id='word_1_9' title='bbox 1152 761 1180 828; x_wconf 92' lang='lat' dir='ltr'><strong>si</strong></span> <span class='ocrx_word' id='word_1_10' title='bbox 1198 780 1261 829; x_wconf 89' lang='lat' dir='ltr'><strong>uos</strong></span> <span class='ocrx_word' id='word_1_11' title='bbox 1279 763 1365 850; x_wconf 85' lang='lat' dir='ltr'><strong>ipsis</strong></span> <span class='ocrx_word' id='word_1_12' title='bbox 1388 781 1452 850; x_wconf 89' lang='lat' dir='ltr'><strong>per</strong></span> <span class='ocrx_word' id='word_1_13' title='bbox 1474 763 1600 854; x_wconf 86' lang='lat' dir='ltr'><strong>quobis</strong></span> <span class='ocrx_word' id='word_1_14' title='bbox 1624 763 1811 853; x_wconf 83' lang='lat' dir='ltr'>ingenium</span> <span class='ocrx_word' id='word_1_15' title='bbox 1835 769 1930 836; x_wconf 90' lang='lat' dir='ltr'><strong>hanc</strong></span> <span class='ocrx_word' id='word_1_16' title='bbox 1953 770 2118 836; x_wconf 89' lang='lat' dir='ltr'><strong>nostram</strong></span> 
     </span>
     <span class='ocr_line' id='line_1_3' title="bbox 270 909 2121 1006; baseline 0.008 -32"><span class='ocrx_word' id='word_1_17' title='bbox 270 909 509 980; x_wconf 90' lang='lat' dir='ltr'><strong>vinditionem</strong></span> <span class='ocrx_word' id='word_1_18' title='bbox 524 912 623 980; x_wconf 90' lang='lat' dir='ltr'><strong>vobis</strong></span> <span class='ocrx_word' id='word_1_19' title='bbox 639 914 825 979; x_wconf 90' lang='lat' dir='ltr'><strong>retornare</strong></span> <span class='ocrx_word' id='word_1_20' title='bbox 848 914 912 979; x_wconf 92' lang='lat' dir='ltr'><strong>aut</strong></span> <span class='ocrx_word' id='word_1_21' title='bbox 936 914 1117 980; x_wconf 87' lang='lat' dir='ltr'><strong>remobere</strong></span> <span class='ocrx_word' id='word_1_22' title='bbox 1140 914 1389 1002; x_wconf 86' lang='lat' dir='ltr'><strong>quesierimus,</strong></span> <span class='ocrx_word' id='word_1_23' title='bbox 1406 917 1531 1003; x_wconf 89' lang='lat' dir='ltr'><strong>primis</strong></span> <span class='ocrx_word' id='word_1_24' title='bbox 1555 917 1714 987; x_wconf 91' lang='lat' dir='ltr'><strong>omnium</strong></span> <span class='ocrx_word' id='word_1_25' title='bbox 1730 921 1867 1006; x_wconf 79' lang='lat' dir='ltr'>questio</span> <span class='ocrx_word' id='word_1_26' title='bbox 1891 924 2015 990; x_wconf 91' lang='lat' dir='ltr'><strong>nostra</strong></span> <span class='ocrx_word' id='word_1_27' title='bbox 2038 921 2121 990; x_wconf 90' lang='lat' dir='ltr'><strong>ina-</strong></span> 
     </span>
     <span class='ocr_line' id='line_1_4' title="bbox 270 1062 2118 1151; baseline 0.005 -20"><span class='ocrx_word' id='word_1_28' title='bbox 270 1065 329 1132; x_wconf 93' lang='lat' dir='ltr'><strong>nis</strong></span> <span class='ocrx_word' id='word_1_29' title='bbox 354 1067 391 1133; x_wconf 90' lang='lat' dir='ltr'><strong>et</strong></span> <span class='ocrx_word' id='word_1_30' title='bbox 413 1065 526 1134; x_wconf 87' lang='lat' dir='ltr'><strong>tacita</strong></span> <span class='ocrx_word' id='word_1_31' title='bbox 549 1066 637 1151; x_wconf 89' lang='lat' dir='ltr'><strong>sint,</strong></span> <span class='ocrx_word' id='word_1_32' title='bbox 661 1067 698 1132; x_wconf 92' lang='lat' dir='ltr'><strong>et</strong></span> <span class='ocrx_word' id='word_1_33' title='bbox 720 1065 838 1134; x_wconf 89' lang='lat' dir='ltr'><strong>decem</strong></span> <span class='ocrx_word' id='word_1_34' title='bbox 862 1062 963 1134; x_wconf 89' lang='lat' dir='ltr'><strong>aurei</strong></span> <span class='ocrx_word' id='word_1_35' title='bbox 988 1065 1092 1133; x_wconf 89' lang='lat' dir='ltr'><strong>solidi</strong></span> <span class='ocrx_word' id='word_1_36' title='bbox 1115 1068 1333 1135; x_wconf 87' lang='lat' dir='ltr'><strong>constantini</strong></span> <span class='ocrx_word' id='word_1_37' title='bbox 1352 1085 1415 1135; x_wconf 92' lang='lat' dir='ltr'><strong>nos</strong></span> <span class='ocrx_word' id='word_1_38' title='bbox 1430 1074 1466 1137; x_wconf 90' lang='lat' dir='ltr'><strong>et</strong></span> <span class='ocrx_word' id='word_1_39' title='bbox 1481 1073 1618 1138; x_wconf 89' lang='lat' dir='ltr'><strong>nostros</strong></span> <span class='ocrx_word' id='word_1_40' title='bbox 1642 1069 1764 1139; x_wconf 89' lang='lat' dir='ltr'><strong>eredes</strong></span> <span class='ocrx_word' id='word_1_41' title='bbox 1794 1073 1895 1140; x_wconf 88' lang='lat' dir='ltr'><strong>vobis</strong></span> <span class='ocrx_word' id='word_1_42' title='bbox 1919 1073 2118 1142; x_wconf 89' lang='lat' dir='ltr'><strong>cuiusdicto</strong></span> 
     </span>
     <span class='ocr_line' id='line_1_5' title="bbox 271 1217 2117 1308; baseline 0.007 -23"><span class='ocrx_word' id='word_1_43' title='bbox 271 1218 422 1303; x_wconf 79' lang='lat' dir='ltr'><strong>emptori</strong></span> <span class='ocrx_word' id='word_1_44' title='bbox 456 1221 579 1285; x_wconf 90' lang='lat' dir='ltr'><strong>nostro</strong></span> <span class='ocrx_word' id='word_1_45' title='bbox 602 1217 800 1304; x_wconf 88' lang='lat' dir='ltr'><strong>vestrisque</strong></span> <span class='ocrx_word' id='word_1_46' title='bbox 824 1217 988 1285; x_wconf 90' lang='lat' dir='ltr'><strong>eredibus</strong></span> <span class='ocrx_word' id='word_1_47' title='bbox 1019 1235 1228 1304; x_wconf 86' lang='lat' dir='ltr'><strong>componere</strong></span> <span class='ocrx_word' id='word_1_48' title='bbox 1259 1220 1486 1308; x_wconf 88' lang='lat' dir='ltr'><strong>obligamus,</strong></span> <span class='ocrx_word' id='word_1_49' title='bbox 1515 1227 1552 1291; x_wconf 88' lang='lat' dir='ltr'><strong>et</strong></span> <span class='ocrx_word' id='word_1_50' title='bbox 1583 1225 1752 1293; x_wconf 88' lang='lat' dir='ltr'><strong>inantea</strong></span> <span class='ocrx_word' id='word_1_51' title='bbox 1786 1225 1887 1294; x_wconf 90' lang='lat' dir='ltr'><strong>taciti</strong></span> <span class='ocrx_word' id='word_1_52' title='bbox 1910 1231 1947 1296; x_wconf 89' lang='lat' dir='ltr'><strong>et</strong></span> <span class='ocrx_word' id='word_1_53' title='bbox 1978 1229 2117 1298; x_wconf 81' lang='lat' dir='ltr'><strong>confusi</strong></span> 
     </span>
     <span class='ocr_line' id='line_1_6' title="bbox 273 1367 2120 1463; baseline 0.006 -27"><span class='ocrx_word' id='word_1_54' title='bbox 273 1387 480 1440; x_wconf 87' lang='lat' dir='ltr'><strong>maneamus</strong></span> <span class='ocrx_word' id='word_1_55' title='bbox 503 1387 566 1455; x_wconf 91' lang='lat' dir='ltr'><strong>per</strong></span> <span class='ocrx_word' id='word_1_56' title='bbox 592 1370 716 1437; x_wconf 86' lang='lat' dir='ltr'><strong>invitis</strong></span> <span class='ocrx_word' id='word_1_57' title='bbox 738 1388 801 1456; x_wconf 91' lang='lat' dir='ltr'><strong>per</strong></span> <span class='ocrx_word' id='word_1_58' title='bbox 823 1367 1030 1455; x_wconf 87' lang='lat' dir='ltr'><strong>supradicta</strong></span> <span class='ocrx_word' id='word_1_59' title='bbox 1052 1369 1186 1456; x_wconf 90' lang='lat' dir='ltr'><strong>guadia</strong></span> <span class='ocrx_word' id='word_1_60' title='bbox 1210 1375 1245 1440; x_wconf 91' lang='lat' dir='ltr'><strong>et</strong></span> <span class='ocrx_word' id='word_1_61' title='bbox 1268 1371 1476 1440; x_wconf 81' lang='lat' dir='ltr'><strong>iamdictam</strong></span> <span class='ocrx_word' id='word_1_62' title='bbox 1500 1373 1744 1463; x_wconf 81' lang='lat' dir='ltr'><strong>mediatorem,</strong></span> <span class='ocrx_word' id='word_1_63' title='bbox 1770 1376 1834 1462; x_wconf 90' lang='lat' dir='ltr'><strong>qui</strong></span> <span class='ocrx_word' id='word_1_64' title='bbox 1852 1395 1890 1447; x_wconf 91' lang='lat' dir='ltr'><strong>se</strong></span> <span class='ocrx_word' id='word_1_65' title='bbox 1906 1379 2036 1447; x_wconf 78' lang='lat' dir='ltr'><strong>tribuit</strong></span> <span class='ocrx_word' id='word_1_66' title='bbox 2059 1399 2120 1447; x_wconf 91' lang='lat' dir='ltr'><strong>vo·</strong></span> 
     </span>
     <span class='ocr_line' id='line_1_7' title="bbox 270 1520 2121 1621; baseline 0.005 -32"><span class='ocrx_word' id='word_1_67' title='bbox 270 1522 324 1589; x_wconf 90' lang='lat' dir='ltr'><strong>bis</strong></span> <span class='ocrx_word' id='word_1_68' title='bbox 349 1521 394 1592; x_wconf 90' lang='lat' dir='ltr'><strong>ad</strong></span> <span class='ocrx_word' id='word_1_69' title='bbox 417 1521 707 1609; x_wconf 84' lang='lat' dir='ltr'><strong>pingnerandum</strong></span> <span class='ocrx_word' id='word_1_70' title='bbox 730 1521 849 1589; x_wconf 91' lang='lat' dir='ltr'><strong>omnia</strong></span> <span class='ocrx_word' id='word_1_71' title='bbox 865 1520 1043 1621; x_wconf 85' lang='lat' dir='ltr'><strong>pingnera</strong></span> <span class='ocrx_word' id='word_1_72' title='bbox 1065 1539 1131 1588; x_wconf 91' lang='lat' dir='ltr'><strong>sua</strong></span> <span class='ocrx_word' id='word_1_73' title='bbox 1147 1520 1308 1608; x_wconf 87' lang='lat' dir='ltr'><strong>legitima</strong></span> <span class='ocrx_word' id='word_1_74' title='bbox 1323 1528 1359 1590; x_wconf 92' lang='lat' dir='ltr'><strong>et</strong></span> <span class='ocrx_word' id='word_1_75' title='bbox 1374 1523 1577 1610; x_wconf 79' lang='lat' dir='ltr'><strong>inlegitima</strong></span> <span class='ocrx_word' id='word_1_76' title='bbox 1594 1527 1769 1614; x_wconf 89' lang='lat' dir='ltr'><strong>tampdiu‚</strong></span> <span class='ocrx_word' id='word_1_77' title='bbox 1786 1528 1895 1597; x_wconf 91' lang='lat' dir='ltr'><strong>donec</strong></span> <span class='ocrx_word' id='word_1_78' title='bbox 1911 1549 1974 1617; x_wconf 90' lang='lat' dir='ltr'><strong>per</strong></span> <span class='ocrx_word' id='word_1_79' title='bbox 1993 1531 2121 1600; x_wconf 90' lang='lat' dir='ltr'><strong>invitis</strong></span> 
     </span>
     <span class='ocr_line' id='line_1_8' title="bbox 274 1672 2120 1762; baseline 0.004 -18"><span class='ocrx_word' id='word_1_80' title='bbox 274 1674 535 1762; x_wconf 82' lang='lat' dir='ltr'><strong>adimpleamus</strong></span> <span class='ocrx_word' id='word_1_81' title='bbox 558 1672 657 1740; x_wconf 89' lang='lat' dir='ltr'><strong>vobis</strong></span> <span class='ocrx_word' id='word_1_82' title='bbox 681 1675 777 1742; x_wconf 87' lang='lat' dir='ltr'><strong>iusta</strong></span> <span class='ocrx_word' id='word_1_83' title='bbox 801 1672 882 1739; x_wconf 91' lang='lat' dir='ltr'><strong>uius</strong></span> <span class='ocrx_word' id='word_1_84' title='bbox 905 1677 1044 1743; x_wconf 82' lang='lat' dir='ltr'><strong>tentum</strong></span> <span class='ocrx_word' id='word_1_85' title='bbox 1068 1672 1218 1740; x_wconf 87' lang='lat' dir='ltr'><strong>cartule.</strong></span> <span class='ocrx_word' id='word_1_86' title='bbox 1251 1674 1362 1750; x_wconf 85' lang='lat' dir='ltr'><strong>Quem</strong></span> <span class='ocrx_word' id='word_1_87' title='bbox 1384 1680 1418 1742; x_wconf 85' lang='lat' dir='ltr'><strong>te</strong></span> <span class='ocrx_word' id='word_1_88' title='bbox 1449 1677 1620 1746; x_wconf 89' lang='lat' dir='ltr'><strong>deusdede</strong></span> <span class='ocrx_word' id='word_1_89' title='bbox 1651 1679 1839 1748; x_wconf 86' lang='lat' dir='ltr'><strong>diaconum</strong></span> <span class='ocrx_word' id='word_1_90' title='bbox 1872 1685 1908 1750; x_wconf 90' lang='lat' dir='ltr'><strong>et</strong></span> <span class='ocrx_word' id='word_1_91' title='bbox 1939 1684 2120 1752; x_wconf 90' lang='lat' dir='ltr'><strong>notarium</strong></span> 
     </span>
     <span class='ocr_line' id='line_1_9' title="bbox 272 1825 2124 1921; baseline 0.006 -27"><span class='ocrx_word' id='word_1_92' title='bbox 272 1829 345 1898; x_wconf 87' lang='lat' dir='ltr'><strong>ban</strong></span> <span class='ocrx_word' id='word_1_93' title='bbox 369 1827 545 1896; x_wconf 90' lang='lat' dir='ltr'><strong>cartulam</strong></span> <span class='ocrx_word' id='word_1_94' title='bbox 569 1829 689 1894; x_wconf 89' lang='lat' dir='ltr'><strong>nostre</strong></span> <span class='ocrx_word' id='word_1_95' title='bbox 724 1825 937 1894; x_wconf 87' lang='lat' dir='ltr'><strong>blnditionis</strong></span> <span class='ocrx_word' id='word_1_96' title='bbox 960 1825 1182 1894; x_wconf 89' lang='lat' dir='ltr'><strong>basscribere</strong></span> <span class='ocrx_word' id='word_1_97' title='bbox 1207 1827 1411 1912; x_wconf 82' lang='lat' dir='ltr'><strong>rogabimus</strong></span> <span class='ocrx_word' id='word_1_98' title='bbox 1434 1831 1556 1896; x_wconf 89' lang='lat' dir='ltr'><strong>actum</strong></span> <span class='ocrx_word' id='word_1_99' title='bbox 1580 1831 1619 1896; x_wconf 93' lang='lat' dir='ltr'><strong>in</strong></span> <span class='ocrx_word' id='word_1_100' title='bbox 1643 1829 1787 1900; x_wconf 88' lang='lat' dir='ltr'><strong>civitate</strong></span> <span class='ocrx_word' id='word_1_101' title='bbox 1810 1832 1971 1921; x_wconf 91' lang='lat' dir='ltr'><strong>luceria,</strong></span> <span class='ocrx_word' id='word_1_102' title='bbox 1997 1835 2061 1911; x_wconf 85' lang='lat' dir='ltr'><strong>Qui</strong></span> <span class='ocrx_word' id='word_1_103' title='bbox 2086 1839 2124 1905; x_wconf 89' lang='lat' dir='ltr'><strong>et</strong></span> 
     </span>
     <span class='ocr_line' id='line_1_10' title="bbox 272 1977 1304 2067; baseline 0 -21"><span class='ocrx_word' id='word_1_104' title='bbox 272 1981 438 2067; x_wconf 82' lang='lat' dir='ltr'><strong>interlui,</strong></span> <span class='ocrx_word' id='word_1_105' title='bbox 462 1981 581 2048; x_wconf 90' lang='lat' dir='ltr'><strong>Mense</strong></span> <span class='ocrx_word' id='word_1_106' title='bbox 605 1982 640 2048; x_wconf 89' lang='lat' dir='ltr'><strong>et</strong></span> <span class='ocrx_word' id='word_1_107' title='bbox 664 1977 859 2046; x_wconf 87' lang='lat' dir='ltr'><strong>indictione</strong></span> <span class='ocrx_word' id='word_1_108' title='bbox 882 1979 1117 2064; x_wconf 85' lang='lat' dir='ltr'><strong>superscripsi</strong></span> <span class='ocrx_word' id='word_1_109' title='bbox 1142 1977 1304 2048; x_wconf 82' lang='lat' dir='ltr'><strong>feliciter.</strong></span> 
     </span>
    </p>

    <p class='ocr_par' dir='ltr' id='par_1_3' title="bbox 319 2105 906 2221">
     <span class='ocr_line' id='line_1_11' title="bbox 319 2105 906 2221; baseline 0.002 -22"><span class='ocrx_word' id='word_1_110' title='bbox 319 2105 349 2220; x_wconf 90' lang='lat'>†</span> <span class='ocrx_word' id='word_1_111' title='bbox 375 2133 450 2220; x_wconf 86' lang='lat' dir='ltr'><strong>Ego</strong></span> <span class='ocrx_word' id='word_1_112' title='bbox 473 2135 534 2221; x_wconf 92' lang='lat' dir='ltr'><strong>qui</strong></span> <span class='ocrx_word' id='word_1_113' title='bbox 558 2151 668 2220; x_wconf 88' lang='lat' dir='ltr'><strong>supra</strong></span> <span class='ocrx_word' id='word_1_114' title='bbox 692 2137 767 2202; x_wconf 91' lang='lat' dir='ltr'><strong>olto</strong></span> <span class='ocrx_word' id='word_1_115' title='bbox 790 2132 906 2201; x_wconf 88' lang='lat' dir='ltr'><strong>iudice</strong></span> 
     </span>
    </p>

    <p class='ocr_par' dir='ltr' id='par_1_4' title="bbox 318 2257 668 2373">
     <span class='ocr_line' id='line_1_12' title="bbox 318 2257 668 2373; baseline 0 -21"><span class='ocrx_word' id='word_1_116' title='bbox 318 2257 348 2372; x_wconf 92' lang='lat'>†</span> <span class='ocrx_word' id='word_1_117' title='bbox 373 2287 448 2372; x_wconf 87' lang='lat' dir='ltr'><strong>Ego</strong></span> <span class='ocrx_word' id='word_1_118' title='bbox 473 2291 554 2373; x_wconf 93' lang='lat' dir='ltr'><strong>poto</strong></span> <span class='ocrx_word' id='word_1_119' title='bbox 577 2289 668 2355; x_wconf 90' lang='lat' dir='ltr'><strong>teste</strong></span> 
     </span>
    </p>

    <p class='ocr_par' dir='ltr' id='par_1_5' title="bbox 319 2411 637 2526">
     <span class='ocr_line' id='line_1_13' title="bbox 319 2411 637 2526; baseline 0 -22"><span class='ocrx_word' id='word_1_120' title='bbox 319 2411 350 2526; x_wconf 91' lang='lat'>†</span> <span class='ocrx_word' id='word_1_121' title='bbox 374 2440 448 2524; x_wconf 89' lang='lat' dir='ltr'><strong>Ego</strong></span> <span class='ocrx_word' id='word_1_122' title='bbox 471 2439 637 2525; x_wconf 83' lang='lat' dir='ltr'><strong>agellrid.</strong></span> 
     </span>
    </p>
   </div>
   <div class='ocr_carea' id='block_1_3' title="bbox 995 2595 1413 2604">
    <p class='ocr_par' dir='ltr' id='par_1_6' title="bbox 995 2595 1413 2604">
     <span class='ocr_line' id='line_1_14' title="bbox 995 2595 1413 2604; baseline 0.005 -2"><span class='ocrx_word' id='word_1_123' title='bbox 995 2595 1413 2604; x_wconf 70' lang='lat'>-—-.-——-———-—————-..</span> 
     </span>
    </p>
   </div>
   <div class='ocr_carea' id='block_1_4' title="bbox 1042 2791 1354 3097">
    <p class='ocr_par' dir='ltr' id='par_1_7' title="bbox 1042 2791 1354 3097">
     <span class='ocr_line' id='line_1_15' title="bbox 1042 2791 1354 2872; baseline -0.006 -2"><span class='ocrx_word' id='word_1_124' title='bbox 1042 2791 1354 2872; x_wconf 88' lang='lat' dir='ltr'>DCLXXX.</span> 
     </span>
     <span class='ocr_line' id='line_1_16' title="bbox 1052 3016 1339 3097; baseline -0.017 -2"><span class='ocrx_word' id='word_1_125' title='bbox 1052 3018 1106 3095; x_wconf 88' lang='lat' dir='ltr'><strong>A.</strong></span> <span class='ocrx_word' id='word_1_126' title='bbox 1135 3017 1186 3094; x_wconf 92' lang='lat' dir='ltr'><strong>D.</strong></span> <span class='ocrx_word' id='word_1_127' title='bbox 1215 3016 1339 3097; x_wconf 85' lang='lat'><strong>1014.</strong></span> 
     </span>
    </p>
   </div>
   <div class='ocr_carea' id='block_1_5' title="bbox 321 3194 2125 3337">
    <p class='ocr_par' dir='ltr' id='par_1_8' title="bbox 321 3194 2125 3337">
     <span class='ocr_line' id='line_1_17' title="bbox 321 3194 2125 3337; baseline 0.006 -26"><span class='ocrx_word' id='word_1_128' title='bbox 321 3194 420 3333; x_wconf 84' lang='lat' dir='ltr'><strong>†ln</strong></span> <span class='ocrx_word' id='word_1_129' title='bbox 444 3246 586 3313; x_wconf 90' lang='lat' dir='ltr'><strong>nomine</strong></span> <span class='ocrx_word' id='word_1_130' title='bbox 610 3245 743 3313; x_wconf 90' lang='lat' dir='ltr'><strong>domini</strong></span> <span class='ocrx_word' id='word_1_131' title='bbox 768 3246 934 3314; x_wconf 88' lang='lat' dir='ltr'><strong>bicesimo</strong></span> <span class='ocrx_word' id='word_1_132' title='bbox 958 3249 1058 3314; x_wconf 83' lang='lat' dir='ltr'><strong>sexto</strong></span> <span class='ocrx_word' id='word_1_133' title='bbox 1087 3263 1182 3313; x_wconf 92' lang='lat' dir='ltr'><strong>anuo</strong></span> <span class='ocrx_word' id='word_1_134' title='bbox 1214 3243 1435 3331; x_wconf 89' lang='lat' dir='ltr'><strong>principatus</strong></span> <span class='ocrx_word' id='word_1_135' title='bbox 1472 3243 1590 3312; x_wconf 91' lang='lat' dir='ltr'><strong>domni</strong></span> <span class='ocrx_word' id='word_1_136' title='bbox 1620 3245 1733 3312; x_wconf 90' lang='lat' dir='ltr'><strong>nostri</strong></span> <span class='ocrx_word' id='word_1_137' title='bbox 1768 3247 1946 3332; x_wconf 82' lang='lat' dir='ltr'><strong>guaimari</strong></span> <span class='ocrx_word' id='word_1_138' title='bbox 1976 3249 2125 3337; x_wconf 86' lang='lat' dir='ltr'><strong>gloriosi</strong></span> 
     </span>
    </p>
   </div>
   <div class='ocr_carea' id='block_1_6' title="bbox 269 3394 2130 5787">
    <p class='ocr_par' dir='ltr' id='par_1_9' title="bbox 269 3394 2130 5787">
     <span class='ocr_line' id='line_1_18' title="bbox 276 3394 2126 3490; baseline 0.003 -27"><span class='ocrx_word' id='word_1_139' title='bbox 276 3395 464 3482; x_wconf 87' lang='lat' dir='ltr'><strong>principis,</strong></span> <span class='ocrx_word' id='word_1_140' title='bbox 488 3413 608 3464; x_wconf 91' lang='lat' dir='ltr'><strong>mense</strong></span> <span class='ocrx_word' id='word_1_141' title='bbox 631 3399 834 3484; x_wconf 91' lang='lat' dir='ltr'><strong>nobember,</strong></span> <span class='ocrx_word' id='word_1_142' title='bbox 858 3396 1107 3464; x_wconf 88' lang='lat' dir='ltr'><strong>tertiadecima</strong></span> <span class='ocrx_word' id='word_1_143' title='bbox 1131 3394 1337 3463; x_wconf 89' lang='lat' dir='ltr'><strong>indictione.</strong></span> <span class='ocrx_word' id='word_1_144' title='bbox 1363 3397 1655 3465; x_wconf 86' lang='lat' dir='ltr'><strong>memoratorium</strong></span> <span class='ocrx_word' id='word_1_145' title='bbox 1677 3397 1776 3464; x_wconf 86' lang='lat' dir='ltr'><strong>factu</strong></span> <span class='ocrx_word' id='word_1_146' title='bbox 1801 3418 1824 3466; x_wconf 90' lang='lat' dir='ltr'><strong>a</strong></span> <span class='ocrx_word' id='word_1_147' title='bbox 1848 3417 1903 3466; x_wconf 92' lang='lat' dir='ltr'><strong>me</strong></span> <span class='ocrx_word' id='word_1_148' title='bbox 1926 3400 2020 3469; x_wconf 90' lang='lat' dir='ltr'><strong>maio</strong></span> <span class='ocrx_word' id='word_1_149' title='bbox 2045 3423 2126 3490; x_wconf 86' lang='lat' dir='ltr'><strong>pra-</strong></span> 
     </span>
     <span class='ocr_line' id='line_1_19' title="bbox 272 3548 2121 3636; baseline 0.003 -18"><span class='ocrx_word' id='word_1_150' title='bbox 272 3553 384 3619; x_wconf 90' lang='lat' dir='ltr'><strong>sbiter</strong></span> <span class='ocrx_word' id='word_1_151' title='bbox 407 3555 443 3619; x_wconf 90' lang='lat' dir='ltr'><strong>et</strong></span> <span class='ocrx_word' id='word_1_152' title='bbox 466 3554 577 3622; x_wconf 91' lang='lat' dir='ltr'><strong>abbas</strong></span> <span class='ocrx_word' id='word_1_153' title='bbox 600 3551 749 3621; x_wconf 89' lang='lat' dir='ltr'><strong>ecclesie</strong></span> <span class='ocrx_word' id='word_1_154' title='bbox 772 3553 888 3620; x_wconf 86' lang='lat' dir='ltr'><strong>sancti</strong></span> <span class='ocrx_word' id='word_1_155' title='bbox 912 3549 1075 3636; x_wconf 83' lang='lat' dir='ltr'><strong>maximi,</strong></span> <span class='ocrx_word' id='word_1_156' title='bbox 1089 3567 1129 3618; x_wconf 92' lang='lat' dir='ltr'><strong>eo</strong></span> <span class='ocrx_word' id='word_1_157' title='bbox 1152 3549 1245 3635; x_wconf 90' lang='lat' dir='ltr'><strong>quod</strong></span> <span class='ocrx_word' id='word_1_158' title='bbox 1268 3553 1352 3617; x_wconf 89' lang='lat' dir='ltr'><strong>ante</strong></span> <span class='ocrx_word' id='word_1_159' title='bbox 1367 3548 1558 3635; x_wconf 89' lang='lat' dir='ltr'><strong>subscripti</strong></span> <span class='ocrx_word' id='word_1_160' title='bbox 1575 3553 1681 3617; x_wconf 89' lang='lat' dir='ltr'><strong>testes</strong></span> <span class='ocrx_word' id='word_1_161' title='bbox 1697 3568 1759 3636; x_wconf 91' lang='lat' dir='ltr'><strong>per</strong></span> <span class='ocrx_word' id='word_1_162' title='bbox 1775 3554 1869 3618; x_wconf 91' lang='lat' dir='ltr'><strong>bona</strong></span> <span class='ocrx_word' id='word_1_163' title='bbox 1892 3557 2121 3624; x_wconf 90' lang='lat' dir='ltr'><strong>combenien·</strong></span> 
     </span>
     <span class='ocr_line' id='line_1_20' title="bbox 272 3700 2122 3799; baseline 0.001 -26"><span class='ocrx_word' id='word_1_164' title='bbox 272 3705 344 3791; x_wconf 86' lang='lat' dir='ltr'><strong>tia‚</strong></span> <span class='ocrx_word' id='word_1_165' title='bbox 368 3725 442 3775; x_wconf 93' lang='lat' dir='ltr'><strong>una</strong></span> <span class='ocrx_word' id='word_1_166' title='bbox 466 3725 603 3774; x_wconf 87' lang='lat' dir='ltr'><strong>mecum</strong></span> <span class='ocrx_word' id='word_1_167' title='bbox 627 3706 765 3775; x_wconf 88' lang='lat' dir='ltr'><strong>adesset</strong></span> <span class='ocrx_word' id='word_1_168' title='bbox 788 3703 983 3771; x_wconf 88' lang='lat' dir='ltr'><strong>roderisius</strong></span> <span class='ocrx_word' id='word_1_169' title='bbox 1000 3702 1163 3770; x_wconf 89' lang='lat' dir='ltr'><strong>notarius</strong></span> <span class='ocrx_word' id='word_1_170' title='bbox 1186 3700 1433 3769; x_wconf 90' lang='lat' dir='ltr'><strong>adbocatorem</strong></span> <span class='ocrx_word' id='word_1_171' title='bbox 1449 3700 1561 3786; x_wconf 92' lang='lat' dir='ltr'><strong>ipsius</strong></span> <span class='ocrx_word' id='word_1_172' title='bbox 1577 3701 1738 3787; x_wconf 88' lang='lat' dir='ltr'><strong>ecclesie,</strong></span> <span class='ocrx_word' id='word_1_173' title='bbox 1754 3703 1966 3773; x_wconf 87' lang='lat' dir='ltr'><strong>tradidimus</strong></span> <span class='ocrx_word' id='word_1_174' title='bbox 1982 3707 2122 3799; x_wconf 86' lang='lat' dir='ltr'><strong>roffrid,</strong></span> 
     </span>
     <span class='ocr_line' id='line_1_21' title="bbox 273 3851 2124 3944; baseline 0.005 -21"><span class='ocrx_word' id='word_1_175' title='bbox 273 3861 310 3924; x_wconf 90' lang='lat' dir='ltr'><strong>et</strong></span> <span class='ocrx_word' id='word_1_176' title='bbox 333 3857 443 3943; x_wconf 87' lang='lat' dir='ltr'><strong>petri,</strong></span> <span class='ocrx_word' id='word_1_177' title='bbox 467 3861 503 3924; x_wconf 92' lang='lat' dir='ltr'><strong>et</strong></span> <span class='ocrx_word' id='word_1_178' title='bbox 519 3855 741 3942; x_wconf 89' lang='lat' dir='ltr'><strong>rodelgrimi,</strong></span> <span class='ocrx_word' id='word_1_179' title='bbox 759 3859 796 3924; x_wconf 88' lang='lat' dir='ltr'><strong>et</strong></span> <span class='ocrx_word' id='word_1_180' title='bbox 811 3853 921 3923; x_wconf 91' lang='lat' dir='ltr'><strong>amati</strong></span> <span class='ocrx_word' id='word_1_181' title='bbox 946 3851 1109 3940; x_wconf 89' lang='lat' dir='ltr'><strong>germani</strong></span> <span class='ocrx_word' id='word_1_182' title='bbox 1126 3851 1191 3917; x_wconf 87' lang='lat' dir='ltr'><strong>filii</strong></span> <span class='ocrx_word' id='word_1_183' title='bbox 1208 3851 1386 3936; x_wconf 91' lang='lat' dir='ltr'><strong>quondam</strong></span> <span class='ocrx_word' id='word_1_184' title='bbox 1403 3851 1556 3919; x_wconf 90' lang='lat' dir='ltr'><strong>maraldi</strong></span> <span class='ocrx_word' id='word_1_185' title='bbox 1573 3852 1615 3919; x_wconf 91' lang='lat' dir='ltr'><strong>de</strong></span> <span class='ocrx_word' id='word_1_186' title='bbox 1632 3852 1746 3920; x_wconf 87' lang='lat' dir='ltr'><strong>locum</strong></span> <span class='ocrx_word' id='word_1_187' title='bbox 1764 3859 1946 3942; x_wconf 83' lang='lat' dir='ltr'><strong>muntoru,</strong></span> <span class='ocrx_word' id='word_1_188' title='bbox 1965 3878 2029 3944; x_wconf 93' lang='lat' dir='ltr'><strong>pro</strong></span> <span class='ocrx_word' id='word_1_189' title='bbox 2045 3863 2124 3934; x_wconf 89' lang='lat' dir='ltr'><strong>bice</strong></span> 
     </span>
     <span class='ocr_line' id='line_1_22' title="bbox 269 4003 2122 4102; baseline 0.005 -27"><span class='ocrx_word' id='word_1_190' title='bbox 269 4027 339 4076; x_wconf 91' lang='lat' dir='ltr'><strong>sua</strong></span> <span class='ocrx_word' id='word_1_191' title='bbox 354 4011 390 4076; x_wconf 89' lang='lat' dir='ltr'><strong>et</strong></span> <span class='ocrx_word' id='word_1_192' title='bbox 405 4026 469 4096; x_wconf 95' lang='lat' dir='ltr'><strong>pro</strong></span> <span class='ocrx_word' id='word_1_193' title='bbox 484 4009 561 4078; x_wconf 88' lang='lat' dir='ltr'><strong>bice</strong></span> <span class='ocrx_word' id='word_1_194' title='bbox 578 4009 714 4096; x_wconf 92' lang='lat' dir='ltr'><strong>accepti</strong></span> <span class='ocrx_word' id='word_1_195' title='bbox 738 4012 775 4077; x_wconf 88' lang='lat' dir='ltr'><strong>ct</strong></span> <span class='ocrx_word' id='word_1_196' title='bbox 792 4009 866 4076; x_wconf 88' lang='lat' dir='ltr'><strong>ursi</strong></span> <span class='ocrx_word' id='word_1_197' title='bbox 884 4005 1116 4094; x_wconf 89' lang='lat' dir='ltr'><strong>germanibus</strong></span> <span class='ocrx_word' id='word_1_198' title='bbox 1134 4003 1291 4090; x_wconf 92' lang='lat' dir='ltr'><strong>illorum,</strong></span> <span class='ocrx_word' id='word_1_199' title='bbox 1315 4005 1422 4070; x_wconf 90' lang='lat' dir='ltr'><strong>rebus</strong></span> <span class='ocrx_word' id='word_1_200' title='bbox 1437 4003 1675 4090; x_wconf 89' lang='lat' dir='ltr'><strong>pertinentem</strong></span> <span class='ocrx_word' id='word_1_201' title='bbox 1691 4003 1805 4090; x_wconf 90' lang='lat' dir='ltr'><strong>ipsius</strong></span> <span class='ocrx_word' id='word_1_202' title='bbox 1817 4009 1965 4079; x_wconf 89' lang='lat' dir='ltr'><strong>ecclesie</strong></span> <span class='ocrx_word' id='word_1_203' title='bbox 1981 4013 2024 4082; x_wconf 89' lang='lat' dir='ltr'><strong>de</strong></span> <span class='ocrx_word' id='word_1_204' title='bbox 2043 4015 2122 4102; x_wconf 91' lang='lat' dir='ltr'><strong>ipso</strong></span> 
     </span>
     <span class='ocr_line' id='line_1_23' title="bbox 275 4155 2128 4248; baseline 0.004 -22"><span class='ocrx_word' id='word_1_205' title='bbox 275 4161 390 4229; x_wconf 90' lang='lat' dir='ltr'><strong>locum</strong></span> <span class='ocrx_word' id='word_1_206' title='bbox 402 4165 585 4248; x_wconf 90' lang='lat' dir='ltr'><strong>muntoru,</strong></span> <span class='ocrx_word' id='word_1_207' title='bbox 596 4159 657 4229; x_wconf 95' lang='lat' dir='ltr'><strong>ubi</strong></span> <span class='ocrx_word' id='word_1_208' title='bbox 675 4161 811 4229; x_wconf 90' lang='lat' dir='ltr'><strong>cirione</strong></span> <span class='ocrx_word' id='word_1_209' title='bbox 825 4159 972 4244; x_wconf 91' lang='lat' dir='ltr'><strong>dicitur,</strong></span> <span class='ocrx_word' id='word_1_210' title='bbox 990 4157 1123 4226; x_wconf 86' lang='lat' dir='ltr'><strong>tinibus</strong></span> <span class='ocrx_word' id='word_1_211' title='bbox 1139 4157 1305 4242; x_wconf 84' lang='lat' dir='ltr'><strong>rotensis,</strong></span> <span class='ocrx_word' id='word_1_212' title='bbox 1322 4155 1384 4242; x_wconf 90' lang='lat' dir='ltr'><strong>qui</strong></span> <span class='ocrx_word' id='word_1_213' title='bbox 1398 4159 1451 4224; x_wconf 92' lang='lat' dir='ltr'><strong>est</strong></span> <span class='ocrx_word' id='word_1_214' title='bbox 1464 4160 1563 4227; x_wconf 92' lang='lat' dir='ltr'><strong>terra</strong></span> <span class='ocrx_word' id='word_1_215' title='bbox 1575 4176 1655 4225; x_wconf 91' lang='lat' dir='ltr'><strong>cum</strong></span> <span class='ocrx_word' id='word_1_216' title='bbox 1668 4159 1911 4229; x_wconf 88' lang='lat' dir='ltr'><strong>castanietum</strong></span> <span class='ocrx_word' id='word_1_217' title='bbox 1923 4168 1959 4232; x_wconf 92' lang='lat' dir='ltr'><strong>et</strong></span> <span class='ocrx_word' id='word_1_218' title='bbox 1971 4168 2128 4238; x_wconf 81' lang='lat' dir='ltr'><strong>baouum</strong></span> 
     </span>
     <span class='ocr_line' id='line_1_24' title="bbox 274 4308 2124 4406; baseline 0.006 -26"><span class='ocrx_word' id='word_1_219' title='bbox 274 4331 337 4398; x_wconf 90' lang='lat' dir='ltr'><strong>per</strong></span> <span class='ocrx_word' id='word_1_220' title='bbox 354 4331 393 4380; x_wconf 86' lang='lat' dir='ltr'><strong>eo</strong></span> <span class='ocrx_word' id='word_1_221' title='bbox 409 4313 492 4380; x_wconf 85' lang='lat' dir='ltr'><strong>finis</strong></span> <span class='ocrx_word' id='word_1_222' title='bbox 507 4317 544 4380; x_wconf 91' lang='lat' dir='ltr'><strong>et</strong></span> <span class='ocrx_word' id='word_1_223' title='bbox 559 4314 757 4382; x_wconf 90' lang='lat' dir='ltr'><strong>mensuria:</strong></span> <span class='ocrx_word' id='word_1_224' title='bbox 775 4333 797 4382; x_wconf 89' lang='lat' dir='ltr'><strong>a</strong></span> <span class='ocrx_word' id='word_1_225' title='bbox 812 4331 897 4400; x_wconf 89' lang='lat' dir='ltr'><strong>pars</strong></span> <span class='ocrx_word' id='word_1_226' title='bbox 913 4309 1107 4378; x_wconf 89' lang='lat' dir='ltr'><strong>occidentis</strong></span> <span class='ocrx_word' id='word_1_227' title='bbox 1123 4310 1194 4376; x_wconf 86' lang='lat' dir='ltr'><strong>fine</strong></span> <span class='ocrx_word' id='word_1_228' title='bbox 1209 4309 1320 4396; x_wconf 90' lang='lat' dir='ltr'><strong>ipsius</strong></span> <span class='ocrx_word' id='word_1_229' title='bbox 1344 4308 1506 4398; x_wconf 88' lang='lat' dir='ltr'><strong>ecclesie,</strong></span> <span class='ocrx_word' id='word_1_230' title='bbox 1531 4313 1615 4378; x_wconf 91' lang='lat' dir='ltr'><strong>suut</strong></span> <span class='ocrx_word' id='word_1_231' title='bbox 1640 4311 1723 4380; x_wconf 90' lang='lat' dir='ltr'><strong>inde</strong></span> <span class='ocrx_word' id='word_1_232' title='bbox 1738 4332 1859 4398; x_wconf 90' lang='lat' dir='ltr'><strong>passos</strong></span> <span class='ocrx_word' id='word_1_233' title='bbox 1875 4317 2124 4406; x_wconf 88' lang='lat' dir='ltr'><strong>quadraginta</strong></span> 
     </span>
     <span class='ocr_line' id='line_1_25' title="bbox 275 4462 2125 4560; baseline 0.005 -28"><span class='ocrx_word' id='word_1_234' title='bbox 275 4483 353 4534; x_wconf 82' lang='lat' dir='ltr'><strong>sex:</strong></span> <span class='ocrx_word' id='word_1_235' title='bbox 373 4485 395 4534; x_wconf 93' lang='lat' dir='ltr'><strong>a</strong></span> <span class='ocrx_word' id='word_1_236' title='bbox 411 4485 494 4552; x_wconf 91' lang='lat' dir='ltr'><strong>pars</strong></span> <span class='ocrx_word' id='word_1_237' title='bbox 506 4465 771 4554; x_wconf 90' lang='lat' dir='ltr'><strong>septemtrionis</strong></span> <span class='ocrx_word' id='word_1_238' title='bbox 794 4464 959 4533; x_wconf 88' lang='lat' dir='ltr'><strong>similiter</strong></span> <span class='ocrx_word' id='word_1_239' title='bbox 982 4463 1053 4530; x_wconf 87' lang='lat' dir='ltr'><strong>fine</strong></span> <span class='ocrx_word' id='word_1_240' title='bbox 1075 4462 1190 4530; x_wconf 91' lang='lat' dir='ltr'><strong>eidem</strong></span> <span class='ocrx_word' id='word_1_241' title='bbox 1213 4462 1374 4550; x_wconf 89' lang='lat' dir='ltr'><strong>ecclesie,</strong></span> <span class='ocrx_word' id='word_1_242' title='bbox 1391 4467 1427 4530; x_wconf 89' lang='lat' dir='ltr'><strong>et</strong></span> <span class='ocrx_word' id='word_1_243' title='bbox 1444 4463 1525 4531; x_wconf 88' lang='lat' dir='ltr'><strong>inde</strong></span> <span class='ocrx_word' id='word_1_244' title='bbox 1541 4482 1662 4550; x_wconf 90' lang='lat' dir='ltr'><strong>passos</strong></span> <span class='ocrx_word' id='word_1_245' title='bbox 1678 4467 1877 4553; x_wconf 89' lang='lat' dir='ltr'><strong>nonaginta</strong></span> <span class='ocrx_word' id='word_1_246' title='bbox 1892 4473 1983 4537; x_wconf 90' lang='lat' dir='ltr'><strong>octo:</strong></span> <span class='ocrx_word' id='word_1_247' title='bbox 2001 4492 2024 4540; x_wconf 93' lang='lat' dir='ltr'><strong>a</strong></span> <span class='ocrx_word' id='word_1_248' title='bbox 2040 4493 2125 4560; x_wconf 90' lang='lat' dir='ltr'><strong>pars</strong></span> 
     </span>
     <span class='ocr_line' id='line_1_26' title="bbox 272 4618 2125 4716; baseline 0.006 -29"><span class='ocrx_word' id='word_1_249' title='bbox 272 4623 470 4691; x_wconf 90' lang='lat' dir='ltr'><strong>occidentis</strong></span> <span class='ocrx_word' id='word_1_250' title='bbox 485 4624 556 4691; x_wconf 87' lang='lat' dir='ltr'><strong>fine</strong></span> <span class='ocrx_word' id='word_1_251' title='bbox 572 4622 738 4689; x_wconf 90' lang='lat' dir='ltr'><strong>similiter</strong></span> <span class='ocrx_word' id='word_1_252' title='bbox 754 4620 912 4689; x_wconf 90' lang='lat' dir='ltr'><strong>eiusdem</strong></span> <span class='ocrx_word' id='word_1_253' title='bbox 926 4618 1074 4687; x_wconf 87' lang='lat' dir='ltr'><strong>ecclesie</strong></span> <span class='ocrx_word' id='word_1_254' title='bbox 1090 4622 1126 4686; x_wconf 92' lang='lat' dir='ltr'><strong>et</strong></span> <span class='ocrx_word' id='word_1_255' title='bbox 1141 4618 1318 4685; x_wconf 90' lang='lat' dir='ltr'><strong>modicum</strong></span> <span class='ocrx_word' id='word_1_256' title='bbox 1333 4624 1443 4705; x_wconf 91' lang='lat' dir='ltr'><strong>tange</strong></span> <span class='ocrx_word' id='word_1_257' title='bbox 1455 4619 1494 4686; x_wconf 91' lang='lat' dir='ltr'><strong>in</strong></span> <span class='ocrx_word' id='word_1_258' title='bbox 1507 4619 1672 4706; x_wconf 90' lang='lat' dir='ltr'><strong>bia,iude</strong></span> <span class='ocrx_word' id='word_1_259' title='bbox 1688 4625 1772 4690; x_wconf 89' lang='lat' dir='ltr'><strong>sunt</strong></span> <span class='ocrx_word' id='word_1_260' title='bbox 1787 4625 1883 4709; x_wconf 88' lang='lat' dir='ltr'><strong>passi</strong></span> <span class='ocrx_word' id='word_1_261' title='bbox 1900 4627 2125 4716; x_wconf 85' lang='lat' dir='ltr'><strong>quadragin-</strong></span> 
     </span>
     <span class='ocr_line' id='line_1_27' title="bbox 276 4769 2126 4864; baseline 0.006 -22"><span class='ocrx_word' id='word_1_262' title='bbox 276 4779 327 4844; x_wconf 89' lang='lat' dir='ltr'><strong>ta:</strong></span> <span class='ocrx_word' id='word_1_263' title='bbox 345 4797 367 4846; x_wconf 92' lang='lat' dir='ltr'><strong>a</strong></span> <span class='ocrx_word' id='word_1_264' title='bbox 384 4793 469 4864; x_wconf 90' lang='lat' dir='ltr'><strong>pars</strong></span> <span class='ocrx_word' id='word_1_265' title='bbox 485 4776 635 4847; x_wconf 89' lang='lat' dir='ltr'><strong>meridie</strong></span> <span class='ocrx_word' id='word_1_266' title='bbox 649 4777 720 4844; x_wconf 84' lang='lat' dir='ltr'><strong>line</strong></span> <span class='ocrx_word' id='word_1_267' title='bbox 736 4775 850 4845; x_wconf 94' lang='lat' dir='ltr'><strong>eidem</strong></span> <span class='ocrx_word' id='word_1_268' title='bbox 865 4773 1027 4860; x_wconf 89' lang='lat' dir='ltr'><strong>ecclesie,</strong></span> <span class='ocrx_word' id='word_1_269' title='bbox 1044 4771 1198 4856; x_wconf 91' lang='lat' dir='ltr'><strong>indeque</strong></span> <span class='ocrx_word' id='word_1_270' title='bbox 1221 4789 1344 4858; x_wconf 90' lang='lat' dir='ltr'><strong>passos</strong></span> <span class='ocrx_word' id='word_1_271' title='bbox 1367 4769 1566 4858; x_wconf 88' lang='lat' dir='ltr'><strong>nonaginta</strong></span> <span class='ocrx_word' id='word_1_272' title='bbox 1589 4775 1735 4859; x_wconf 89' lang='lat' dir='ltr'><strong>septem,</strong></span> <span class='ocrx_word' id='word_1_273' title='bbox 1751 4778 1862 4864; x_wconf 85' lang='lat' dir='ltr'><strong>totum</strong></span> <span class='ocrx_word' id='word_1_274' title='bbox 1879 4786 2126 4852; x_wconf 90' lang='lat' dir='ltr'><strong>mensuratum</strong></span> 
     </span>
     <span class='ocr_line' id='line_1_28' title="bbox 276 4925 2125 5016; baseline 0.003 -16"><span class='ocrx_word' id='word_1_275' title='bbox 276 4929 323 5000; x_wconf 84' lang='lat' dir='ltr'><strong>ad</strong></span> <span class='ocrx_word' id='word_1_276' title='bbox 339 4930 435 4998; x_wconf 89' lang='lat' dir='ltr'><strong>iusto</strong></span> <span class='ocrx_word' id='word_1_277' title='bbox 457 4949 600 5016; x_wconf 90' lang='lat' dir='ltr'><strong>passum</strong></span> <span class='ocrx_word' id='word_1_278' title='bbox 622 4928 731 4996; x_wconf 93' lang='lat' dir='ltr'><strong>omini</strong></span> <span class='ocrx_word' id='word_1_279' title='bbox 738 4949 747 5015; x_wconf 91' lang='lat'>;</span> <span class='ocrx_word' id='word_1_280' title='bbox 761 4949 801 4998; x_wconf 92' lang='lat' dir='ltr'><strong>ec</strong></span> <span class='ocrx_word' id='word_1_281' title='bbox 825 4945 908 4996; x_wconf 93' lang='lat' dir='ltr'><strong>vero</strong></span> <span class='ocrx_word' id='word_1_282' title='bbox 931 4927 1138 5014; x_wconf 90' lang='lat' dir='ltr'><strong>supradicta</strong></span> <span class='ocrx_word' id='word_1_283' title='bbox 1161 4929 1267 4993; x_wconf 92' lang='lat' dir='ltr'><strong>rebus</strong></span> <span class='ocrx_word' id='word_1_284' title='bbox 1283 4945 1346 5013; x_wconf 91' lang='lat' dir='ltr'><strong>per</strong></span> <span class='ocrx_word' id='word_1_285' title='bbox 1361 4925 1565 5013; x_wconf 88' lang='lat' dir='ltr'><strong>supradicte</strong></span> <span class='ocrx_word' id='word_1_286' title='bbox 1589 4926 1673 4996; x_wconf 87' lang='lat' dir='ltr'><strong>fluis</strong></span> <span class='ocrx_word' id='word_1_287' title='bbox 1696 4933 1732 4998; x_wconf 91' lang='lat' dir='ltr'><strong>et</strong></span> <span class='ocrx_word' id='word_1_288' title='bbox 1754 4934 1935 5002; x_wconf 92' lang='lat' dir='ltr'><strong>mensurie</strong></span> <span class='ocrx_word' id='word_1_289' title='bbox 1959 4935 2125 5006; x_wconf 88' lang='lat' dir='ltr'><strong>inclitum</strong></span> 
     </span>
     <span class='ocr_line' id='line_1_29' title="bbox 278 5077 2124 5170; baseline 0.005 -19"><span class='ocrx_word' id='word_1_290' title='bbox 278 5081 361 5152; x_wconf 93' lang='lat' dir='ltr'><strong>illut</strong></span> <span class='ocrx_word' id='word_1_291' title='bbox 383 5099 450 5169; x_wconf 87' lang='lat' dir='ltr'><strong>ego</strong></span> <span class='ocrx_word' id='word_1_292' title='bbox 473 5100 547 5153; x_wconf 88' lang='lat' dir='ltr'><strong>una</strong></span> <span class='ocrx_word' id='word_1_293' title='bbox 570 5102 649 5153; x_wconf 92' lang='lat' dir='ltr'><strong>oum</strong></span> <span class='ocrx_word' id='word_1_294' title='bbox 675 5083 752 5170; x_wconf 92' lang='lat' dir='ltr'><strong>ipso</strong></span> <span class='ocrx_word' id='word_1_295' title='bbox 775 5081 1022 5150; x_wconf 88' lang='lat' dir='ltr'><strong>adbocatorem</strong></span> <span class='ocrx_word' id='word_1_296' title='bbox 1047 5077 1189 5147; x_wconf 90' lang='lat' dir='ltr'><strong>illorum</strong></span> <span class='ocrx_word' id='word_1_297' title='bbox 1205 5079 1250 5147; x_wconf 91' lang='lat' dir='ltr'><strong>ad</strong></span> <span class='ocrx_word' id='word_1_298' title='bbox 1273 5078 1466 5148; x_wconf 89' lang='lat' dir='ltr'><strong>tenendum</strong></span> <span class='ocrx_word' id='word_1_299' title='bbox 1481 5085 1517 5148; x_wconf 90' lang='lat' dir='ltr'><strong>et</strong></span> <span class='ocrx_word' id='word_1_300' title='bbox 1533 5082 1795 5168; x_wconf 89' lang='lat' dir='ltr'><strong>pastenaudum</strong></span> <span class='ocrx_word' id='word_1_301' title='bbox 1818 5087 1963 5156; x_wconf 90' lang='lat' dir='ltr'><strong>arbores</strong></span> <span class='ocrx_word' id='word_1_302' title='bbox 1979 5093 2016 5157; x_wconf 92' lang='lat' dir='ltr'><strong>et</strong></span> <span class='ocrx_word' id='word_1_303' title='bbox 2032 5091 2124 5161; x_wconf 90' lang='lat' dir='ltr'><strong>bites</strong></span> 
     </span>
     <span class='ocr_line' id='line_1_30' title="bbox 279 5232 2126 5322; baseline 0.005 -20"><span class='ocrx_word' id='word_1_304' title='bbox 279 5233 323 5304; x_wconf 89' lang='lat' dir='ltr'><strong>de</strong></span> <span class='ocrx_word' id='word_1_305' title='bbox 346 5237 437 5303; x_wconf 91' lang='lat' dir='ltr'><strong>bono</strong></span> <span class='ocrx_word' id='word_1_306' title='bbox 459 5236 594 5305; x_wconf 91' lang='lat' dir='ltr'><strong>bitineo</strong></span> <span class='ocrx_word' id='word_1_307' title='bbox 615 5235 840 5322; x_wconf 89' lang='lat' dir='ltr'><strong>tradidimus,</strong></span> <span class='ocrx_word' id='word_1_308' title='bbox 865 5235 904 5302; x_wconf 91' lang='lat' dir='ltr'><strong>iu</strong></span> <span class='ocrx_word' id='word_1_309' title='bbox 927 5232 993 5302; x_wconf 90' lang='lat' dir='ltr'><strong>tali</strong></span> <span class='ocrx_word' id='word_1_310' title='bbox 1017 5233 1169 5318; x_wconf 91' lang='lat' dir='ltr'><strong>ordine,</strong></span> <span class='ocrx_word' id='word_1_311' title='bbox 1192 5236 1233 5300; x_wconf 94' lang='lat' dir='ltr'><strong>ut</strong></span> <span class='ocrx_word' id='word_1_312' title='bbox 1256 5233 1381 5302; x_wconf 89' lang='lat' dir='ltr'><strong>amodo</strong></span> <span class='ocrx_word' id='word_1_313' title='bbox 1403 5237 1440 5302; x_wconf 89' lang='lat' dir='ltr'><strong>et</strong></span> <span class='ocrx_word' id='word_1_314' title='bbox 1463 5251 1600 5322; x_wconf 91' lang='lat' dir='ltr'><strong>semper</strong></span> <span class='ocrx_word' id='word_1_315' title='bbox 1625 5235 1697 5304; x_wconf 90' lang='lat' dir='ltr'><strong>illis</strong></span> <span class='ocrx_word' id='word_1_316' title='bbox 1720 5241 1756 5306; x_wconf 90' lang='lat' dir='ltr'><strong>et</strong></span> <span class='ocrx_word' id='word_1_317' title='bbox 1779 5241 1853 5307; x_wconf 90' lang='lat' dir='ltr'><strong>suis</strong></span> <span class='ocrx_word' id='word_1_318' title='bbox 1878 5241 2043 5310; x_wconf 83' lang='lat' dir='ltr'><strong>aradibus</strong></span> <span class='ocrx_word' id='word_1_319' title='bbox 2068 5246 2126 5314; x_wconf 92' lang='lat' dir='ltr'><strong>in-</strong></span> 
     </span>
     <span class='ocr_line' id='line_1_31' title="bbox 277 5385 2118 5479; baseline 0.006 -26"><span class='ocrx_word' id='word_1_320' title='bbox 277 5385 406 5456; x_wconf 92' lang='lat' dir='ltr'><strong>clitum</strong></span> <span class='ocrx_word' id='word_1_321' title='bbox 431 5387 512 5457; x_wconf 89' lang='lat' dir='ltr'><strong>illut</strong></span> <span class='ocrx_word' id='word_1_322' title='bbox 535 5407 598 5458; x_wconf 89' lang='lat' dir='ltr'><strong>sue</strong></span> <span class='ocrx_word' id='word_1_323' title='bbox 621 5389 806 5476; x_wconf 90' lang='lat' dir='ltr'><strong>potestatis</strong></span> <span class='ocrx_word' id='word_1_324' title='bbox 828 5391 950 5456; x_wconf 88' lang='lat' dir='ltr'><strong>tenere</strong></span> <span class='ocrx_word' id='word_1_325' title='bbox 972 5391 1009 5455; x_wconf 91' lang='lat' dir='ltr'><strong>et</strong></span> <span class='ocrx_word' id='word_1_326' title='bbox 1032 5386 1241 5472; x_wconf 90' lang='lat' dir='ltr'><strong>dominare,</strong></span> <span class='ocrx_word' id='word_1_327' title='bbox 1266 5390 1302 5455; x_wconf 89' lang='lat' dir='ltr'><strong>et</strong></span> <span class='ocrx_word' id='word_1_328' title='bbox 1327 5386 1394 5473; x_wconf 89' lang='lat' dir='ltr'><strong>ipsi</strong></span> <span class='ocrx_word' id='word_1_329' title='bbox 1419 5389 1579 5456; x_wconf 85' lang='lat' dir='ltr'><strong>castanei</strong></span> <span class='ocrx_word' id='word_1_330' title='bbox 1604 5389 1687 5457; x_wconf 89' lang='lat' dir='ltr'><strong>inde</strong></span> <span class='ocrx_word' id='word_1_331' title='bbox 1712 5391 1912 5461; x_wconf 89' lang='lat' dir='ltr'><strong>asciderent</strong></span> <span class='ocrx_word' id='word_1_332' title='bbox 1925 5442 1935 5479; x_wconf 91' lang='lat'>‚</span> <span class='ocrx_word' id='word_1_333' title='bbox 1960 5400 1997 5463; x_wconf 93' lang='lat' dir='ltr'><strong>et</strong></span> <span class='ocrx_word' id='word_1_334' title='bbox 2019 5397 2118 5466; x_wconf 85' lang='lat' dir='ltr'><strong>lobea</strong></span> 
     </span>
     <span class='ocr_line' id='line_1_32' title="bbox 280 5538 2125 5628; baseline 0.005 -20"><span class='ocrx_word' id='word_1_335' title='bbox 280 5544 316 5608; x_wconf 88' lang='lat' dir='ltr'><strong>ct</strong></span> <span class='ocrx_word' id='word_1_336' title='bbox 337 5539 454 5608; x_wconf 91' lang='lat' dir='ltr'><strong>omnis</strong></span> <span class='ocrx_word' id='word_1_337' title='bbox 476 5559 538 5610; x_wconf 89' lang='lat' dir='ltr'><strong>sue</strong></span> <span class='ocrx_word' id='word_1_338' title='bbox 562 5541 732 5611; x_wconf 89' lang='lat' dir='ltr'><strong>utilitatis</strong></span> <span class='ocrx_word' id='word_1_339' title='bbox 755 5543 914 5628; x_wconf 83' lang='lat' dir='ltr'><strong>lacerent</strong></span> <span class='ocrx_word' id='word_1_340' title='bbox 936 5539 1092 5627; x_wconf 92' lang='lat' dir='ltr'><strong>ibidem,</strong></span> <span class='ocrx_word' id='word_1_341' title='bbox 1116 5542 1153 5606; x_wconf 92' lang='lat' dir='ltr'><strong>et</strong></span> <span class='ocrx_word' id='word_1_342' title='bbox 1174 5556 1233 5606; x_wconf 91' lang='lat' dir='ltr'><strong>eos</strong></span> <span class='ocrx_word' id='word_1_343' title='bbox 1256 5541 1368 5606; x_wconf 90' lang='lat' dir='ltr'><strong>totum</strong></span> <span class='ocrx_word' id='word_1_344' title='bbox 1392 5538 1600 5625; x_wconf 87' lang='lat' dir='ltr'><strong>plantarent</strong></span> <span class='ocrx_word' id='word_1_345' title='bbox 1624 5544 1767 5610; x_wconf 89' lang='lat' dir='ltr'><strong>arbores</strong></span> <span class='ocrx_word' id='word_1_346' title='bbox 1790 5548 1826 5612; x_wconf 91' lang='lat' dir='ltr'><strong>et</strong></span> <span class='ocrx_word' id='word_1_347' title='bbox 1847 5543 1938 5612; x_wconf 88' lang='lat' dir='ltr'><strong>bites</strong></span> <span class='ocrx_word' id='word_1_348' title='bbox 1964 5547 2008 5616; x_wconf 89' lang='lat' dir='ltr'><strong>de</strong></span> <span class='ocrx_word' id='word_1_349' title='bbox 2033 5539 2125 5622; x_wconf 85' lang='lat' dir='ltr'><strong>bono</strong></span> 
     </span>
     <span class='ocr_line' id='line_1_33' title="bbox 280 5687 2130 5787; baseline 0.006 -28"><span class='ocrx_word' id='word_1_350' title='bbox 280 5691 431 5779; x_wconf 89' lang='lat' dir='ltr'><strong>bitineo,</strong></span> <span class='ocrx_word' id='word_1_351' title='bbox 455 5694 491 5761; x_wconf 90' lang='lat' dir='ltr'><strong>ct</strong></span> <span class='ocrx_word' id='word_1_352' title='bbox 512 5690 609 5758; x_wconf 90' lang='lat' dir='ltr'><strong>omni</strong></span> <span class='ocrx_word' id='word_1_353' title='bbox 633 5695 789 5778; x_wconf 88' lang='lat' dir='ltr'><strong>tempore</strong></span> <span class='ocrx_word' id='word_1_354' title='bbox 812 5689 936 5759; x_wconf 91' lang='lat' dir='ltr'><strong>amodo</strong></span> <span class='ocrx_word' id='word_1_355' title='bbox 959 5689 1041 5757; x_wconf 93' lang='lat' dir='ltr'><strong>illut</strong></span> <span class='ocrx_word' id='word_1_356' title='bbox 1064 5687 1201 5758; x_wconf 91' lang='lat' dir='ltr'><strong>clusum</strong></span> <span class='ocrx_word' id='word_1_357' title='bbox 1222 5690 1385 5777; x_wconf 82' lang='lat' dir='ltr'><strong>aberent3</strong></span> <span class='ocrx_word' id='word_1_358' title='bbox 1403 5695 1439 5760; x_wconf 93' lang='lat' dir='ltr'><strong>et</strong></span> <span class='ocrx_word' id='word_1_359' title='bbox 1454 5696 1628 5778; x_wconf 88' lang='lat' dir='ltr'><strong>quantum</strong></span> <span class='ocrx_word' id='word_1_360' title='bbox 1653 5693 1776 5761; x_wconf 88' lang='lat' dir='ltr'><strong>binum</strong></span> <span class='ocrx_word' id='word_1_361' title='bbox 1798 5700 1834 5763; x_wconf 89' lang='lat' dir='ltr'><strong>et</strong></span> <span class='ocrx_word' id='word_1_362' title='bbox 1858 5694 2007 5786; x_wconf 88' lang='lat' dir='ltr'><strong>bictum,</strong></span> <span class='ocrx_word' id='word_1_363' title='bbox 2022 5718 2130 5787; x_wconf 90' lang='lat' dir='ltr'><strong>quem</strong></span> 
     </span>
    </p>
   </div>
   <div class='ocr_carea' id='block_1_7' title="bbox 280 5841 2131 5932">
    <p class='ocr_par' dir='ltr' id='par_1_10' title="bbox 280 5841 2131 5932">
     <span class='ocr_line' id='line_1_34' title="bbox 280 5841 2131 5932; baseline 0.006 -20"><span class='ocrx_word' id='word_1_364' title='bbox 280 5842 406 5912; x_wconf 89' lang='lat' dir='ltr'><strong>amodo</strong></span> <span class='ocrx_word' id='word_1_365' title='bbox 429 5847 466 5913; x_wconf 89' lang='lat' dir='ltr'><strong>et</strong></span> <span class='ocrx_word' id='word_1_366' title='bbox 490 5863 601 5930; x_wconf 86' lang='lat' dir='ltr'><strong>usque</strong></span> <span class='ocrx_word' id='word_1_367' title='bbox 625 5843 791 5931; x_wconf 87' lang='lat' dir='ltr'><strong>completi</strong></span> <span class='ocrx_word' id='word_1_368' title='bbox 814 5847 891 5912; x_wconf 87' lang='lat' dir='ltr'><strong>octo</strong></span> <span class='ocrx_word' id='word_1_369' title='bbox 914 5843 1002 5912; x_wconf 85' lang='lat' dir='ltr'><strong>anni</strong></span> <span class='ocrx_word' id='word_1_370' title='bbox 1026 5841 1107 5910; x_wconf 88' lang='lat' dir='ltr'><strong>inde</strong></span> <span class='ocrx_word' id='word_1_371' title='bbox 1137 5841 1261 5912; x_wconf 91' lang='lat' dir='ltr'><strong>tollere</strong></span> <span class='ocrx_word' id='word_1_372' title='bbox 1285 5843 1338 5912; x_wconf 82' lang='lat' dir='ltr'><strong>vel</strong></span> <span class='ocrx_word' id='word_1_373' title='bbox 1363 5846 1469 5914; x_wconf 89' lang='lat' dir='ltr'><strong>abere</strong></span> <span class='ocrx_word' id='word_1_374' title='bbox 1494 5846 1651 5932; x_wconf 89' lang='lat' dir='ltr'><strong>potuerit</strong></span> <span class='ocrx_word' id='word_1_375' title='bbox 1664 5895 1674 5932; x_wconf 92' lang='lat'><strong>,</strong></span> <span class='ocrx_word' id='word_1_376' title='bbox 1706 5851 1821 5916; x_wconf 90' lang='lat' dir='ltr'><strong>totum</strong></span> <span class='ocrx_word' id='word_1_377' title='bbox 1843 5847 1926 5920; x_wconf 90' lang='lat' dir='ltr'><strong>illut</strong></span> <span class='ocrx_word' id='word_1_378' title='bbox 1948 5851 2018 5921; x_wconf 90' lang='lat' dir='ltr'><strong>sibi</strong></span> <span class='ocrx_word' id='word_1_379' title='bbox 2046 5855 2131 5924; x_wconf 87' lang='lat' dir='ltr'><strong>abe-</strong></span> 
     </span>
    </p>
   </div>
   <div class='ocr_carea' id='block_1_8' title="bbox 0 0 2707 7104">
    <p class='ocr_par' dir='ltr' id='par_1_11' title="bbox 0 0 2707 7104">
     <span class='ocr_line' id='line_1_35' title="bbox 0 0 2707 7104; baseline 0 0"><span class='ocrx_word' id='word_1_380' title='bbox 0 0 2707 7104; x_wconf 95' lang='lat' dir='ltr'><strong> </strong></span> 
     </span>
    </p>
   </div>
  </div>
 </body>
</html>
