5310 7080
619 487 681 556 136
1256 491 1427 610 conix
1462 494 1728 567 CAVENSIS

567 713 707 780 suimus
732 715 838 783 lando
862 715 958 782 illius
982 703 1159 803 quondam
1183 721 1288 806 mari3
1314 723 1350 786 et
1373 737 1436 806 per
1453 721 1530 806 ipsa
1546 720 1681 808 guadia
1696 724 1762 788 etc.
1788 719 1935 786 statuto
1951 717 2211 802 multaotptutt
2225 717 2411 785 solidorum

567 867 653 931 aare
675 869 1062 936 constantinianorum.
1088 871 1226 957 Preter,
1251 869 1393 956 quando
1416 889 1479 956 per
1503 873 1565 938 bos
1588 870 1675 956 ipsis
1698 867 1885 937 bolueritis
1908 864 2039 935 exinde
2062 882 2129 934 exe
2145 869 2286 934 autores
2307 867 2411 938 etde·

567 1017 739 1105 sensoreS,
763 1018 841 1087 bice
863 1023 987 1088 nostra
1011 1020 1195 1091 licentiam
1219 1026 1254 1090 et
1276 1027 1486 1110 potestatem
1509 1023 1649 1092 abeatis
1673 1021 1712 1088 in
1736 1021 1900 1088 omuibus
1918 1019 2000 1086 inde
2016 1035 2164 1086 causare
2186 1019 2222 1084 et
2238 1017 2344 1086 linem
2359 1019 2408 1088 la-

568 1187 661 1256 cere,
676 1171 846 1257 quomodo
860 1176 923 1240 aut
938 1171 1093 1258 qualiter
1116 1174 1237 1260 vultis,
1262 1194 1343 1242 cum
1360 1175 1439 1262 ipsa
1453 1175 1606 1261 cartula,
1631 1179 1696 1242 aut
1719 1191 1800 1241 cum
1823 1171 1928 1258 quale
1951 1172 2025 1240 ulia
2047 1169 2226 1239 monimen
2250 1174 2285 1237 et
2307 1171 2412 1238 ratio-

567 1340 649 1389 nem
673 1342 779 1409 quam
804 1325 886 1393 inde
911 1327 1018 1392 abere
1041 1325 1242 1412 potueritis
1268 1328 1370 1412 Nam,
1394 1328 1536 1413 quando
1560 1345 1616 1394 me
1639 1323 1842 1412 quesieritis
1865 1324 1947 1392 iude
1970 1327 2113 1393 autores
2129 1323 2249 1408 abere,
2274 1338 2338 1389 nos
2354 1341 2412 1391 au-

568 1479 640 1543 tem
664 1475 745 1542 illut
767 1479 868 1544 bobis
892 1479 1103 1546 antistemus
1126 1482 1162 1546 et
1185 1477 1429 1566 defensemus,
1453 1481 1546 1548 sicut
1569 1481 1732 1565 superius
1756 1478 1913 1565 legitur,
1937 1496 2000 1564 per
2023 1475 2194 1545 iamdicta
2224 1474 2357 1560 guadia
2378 1481 2411 1542 et

568 1629 728 1716 obligata
751 1650 858 1718 pena,
883 1637 1012 1700 etune
1038 1635 1180 1701 brebem
1204 1633 1330 1700 scribsi
1355 1650 1421 1721 ego
1446 1633 1629 1718 iaquintus
1654 1632 1819 1699 notarius
1844 1629 1906 1716 qui
1932 1627 2094 1698 interlui.

613 1755 644 1870 †
670 1801 735 1870 ego
758 1785 853 1852 maio
876 1783 1026 1851 clericus

613 1908 645 2023 †
669 1954 735 2024 ego
758 1935 1014 2005 machenolsus

616 2093 660 2156 lu
685 2091 757 2171 fiae
780 2089 884 2157 hactus
906 2089 1056 2158 chartae
1078 2087 1162 2156 baec
1187 2091 1382 2174 sequautur
1399 2109 1430 2156 ».

616 2243 824 2328 Amandus,
849 2241 955 2309 lando
978 2240 1200 2326 cacalittere,
1225 2243 1390 2329 achinus,
1414 2242 1598 2331 iohannes,
1623 2251 1744 2331 petrus
1757 2295 1766 2331 ,
1792 2245 1952 2329 marius,
1978 2259 2081 2311 ursus
2104 2245 2206 2328 pater
2228 2239 2414 2329 grimoaldi

569 2397 632 2482 qui
656 2397 816 2464 vendidit
838 2395 976 2481 domne3
1001 2396 1057 2464 isti
1083 2399 1215 2483 septem
1240 2398 1386 2464 fuerunt
1403 2395 1565 2484 germani
1583 2395 1649 2465 filii
1665 2394 1869 2482 grimoaldi:
1887 2412 2034 2481 gemma
2046 2411 2138 2462 uxor
2155 2393 2329 2463 ubalsami
2344 2392 2417 2462 fllia

568 2549 805 2637 suprascripti
829 2550 996 2618 iohannis
1019 2548 1178 2617 vendidit
1202 2553 1369 2634 quartam
1394 2567 1494 2618 suam
1519 2549 1562 2616 de
1587 2551 1664 2635 ipsa
1688 2548 1840 2636 septima
1862 2553 1963 2635 parte
1987 2546 2221 2634 suprascripti
2250 2547 2415 2616 iohannis

565 2705 757 2790 germanis
781 2703 937 2788 ipsorum
961 2701 1106 2770 amandi
1130 2706 1166 2769 et
1191 2701 1356 2769 landonis
1378 2705 1414 2768 et
1438 2701 1604 2788 aliorum,
1631 2703 1807 2788 reliquum
1832 2703 1974 2788 paravit
1998 2700 2076 2785 ipsa
2098 2700 2228 2770 domna
2252 2717 2407 2788 gemma.

1270 2992 1367 3000 ——-.

1258 3417 1262 3424 .
1373 3339 1609 3420 DCXVI.

1217 3733 1220 3738 A
1344 3633 1399 3762 a.
1428 3630 1478 3708 u.
1508 3627 1636 3710 1009.

614 3873 651 4011 †
676 3923 715 3990 ln
739 3922 882 3989 nomine
905 3919 1037 3987 domiui
1062 3920 1229 3988 bicesimo
1252 3921 1365 4006 primo
1396 3938 1492 3989 anno
1515 3922 1737 4008 principatus
1760 3921 1880 3990 domni
1910 3923 2023 3991 nostri
2054 3923 2236 4011 guaimari
2267 3923 2411 4012 gloriosi

569 4075 757 4163 principis,
782 4091 903 4142 mense
927 4072 1094 4160 martius,
1119 4071 1270 4159 septima
1295 4073 1501 4142 indictione.
1528 4074 1817 4142 memoratorium
1833 4075 1929 4143 sactu
1953 4094 1974 4144 a
1998 4095 2053 4144 me
2077 4094 2182 4144 ursus
2197 4076 2295 4145 illius
2310 4094 2417 4164 quon-

569 4227 650 4296 dam
673 4227 765 4313 petri
791 4245 1013 4313 pappacena,
1037 4242 1077 4292 eo
1101 4224 1193 4311 quod
1217 4229 1302 4294 ante
1325 4225 1518 4312 subscripti
1542 4229 1651 4294 testes
1675 4245 1738 4312 per
1755 4229 1848 4296 bona
1863 4226 2127 4297 combenieutia
2142 4244 2205 4316 per
2220 4229 2412 4298 demanda·

570 4381 707 4448 tionem
732 4359 767 4447 et
792 4377 983 4464 largietate
1007 4375 1139 4445 maioni
1164 4375 1352 4461 presbiteri
1376 4380 1412 4444 et
1434 4377 1554 4445 abbati
1578 4377 1725 4446 ecclesie
1756 4377 1872 4446 sancti
1896 4380 2046 4449 maximi
2069 4379 2222 4448 tradidit
2243 4381 2334 4450 mihi
2356 4400 2413 4468 pe·

571 4541 648 4603 trus
671 4534 845 4622 presbiter
869 4531 997 4602 inclita
1019 4535 1121 4599 curte
1145 4529 1208 4600 illa
1231 4549 1313 4598 cum
1336 4532 1481 4600 arbusto
1505 4534 1746 4618 pertinentem
1771 4531 1885 4620 ipsius
1908 4532 2056 4600 ecclesie
2080 4533 2123 4600 de
2150 4532 2265 4600 locum
2297 4533 2413 4622 agella

572 4688 703 4756 finibus
726 4689 894 4774 nuceria,
918 4686 1010 4772 quod
1032 4685 1105 4771 ipse
1129 4689 1251 4772 petrus
1274 4685 1448 4770 presbiter
1473 4686 1511 4752 in
1534 4686 1742 4753 beneficium
1766 4689 1898 4755 retinet
1920 4687 1966 4754 da
1988 4707 2074 4775 pars
2103 4689 2215 4775 ipsius
2238 4689 2416 4777 ecclesie,

572 4863 636 4932 per
659 4861 698 4910 ec
721 4843 804 4910 linis
827 4846 862 4910 et
885 4842 1087 4910 mensurie:
1113 4861 1135 4909 a
1158 4858 1242 4928 pars
1265 4840 1528 4926 septemtrionis
1551 4841 1622 4907 fine
1645 4842 1706 4910 bia
1730 4841 1896 4927 puplica,
1921 4840 1985 4926 qui
2007 4842 2126 4928 pergit
2149 4843 2196 4912 ad
2220 4845 2298 4930 ipse
2322 4847 2411 4913 turri

574 5002 609 5065 et
632 4999 677 5066 ad
702 4996 771 5084 ipsi
794 4996 918 5082 pariti,
942 4997 1026 5062 sunt
1050 4993 1131 5061 inde
1154 5011 1217 5081 per
1241 4993 1422 5061 mensuris
1438 4994 1529 5079 passi
1548 4996 1753 5082 octoaginta
1775 4993 1864 5061 duo:
1888 5013 2012 5082 apars
2027 4995 2221 5064 occidentis
2237 4997 2411 5084 quomodo

574 5152 686 5220 limite
711 5157 747 5219 et
770 5169 851 5236 sepe
874 5149 1045 5218 discernit
1067 5151 1139 5217 flne
1161 5149 1204 5217 de
1227 5149 1375 5217 heredes
1398 5147 1628 5234 maghenolll,
1654 5146 1737 5215 inde
1761 5147 1855 5233 passi
1879 5146 2144 5235 quadraginta:
2170 5169 2293 5236 apars
2310 5155 2416 5220 meri-

572 5305 644 5391 die,
667 5301 839 5390 quomodo
862 5301 945 5389 poiu
969 5301 1156 5386 discernit,
1180 5297 1263 5367 inde
1286 5295 1383 5384 passi
1407 5297 1649 5386 quadraginta
1672 5299 1864 5386 quadtuor:
1882 5299 2093 5368 rebolbendo
2107 5300 2271 5370 saliendo
2283 5305 2323 5381 in
2340 5324 2422 5391 par-

574 5457 669 5525 tibus
692 5456 841 5526 meridie
866 5471 977 5541 usque
999 5453 1044 5522 ad
1068 5455 1144 5540 ipso
1166 5451 1280 5521 limite
1302 5451 1388 5518 sunt
1412 5449 1494 5517 inde
1516 5451 1610 5537 passi
1626 5451 1794 5520 similiter
1810 5453 2051 5540 quadraginta
2067 5455 2268 5540 quadtuor:
2286 5458 2416 5525 iterum

575 5633 595 5678 a
619 5617 720 5698 parte
743 5609 907 5696 meridie,
931 5605 1102 5695 quomodo
1125 5605 1241 5693 ipsum
1264 5603 1421 5691 predicto
1444 5601 1559 5672 limite
1583 5603 1780 5694 discernit,
1804 5607 1875 5676 fine
1899 5607 2012 5696 ipsius
2035 5609 2183 5680 ecclesie
2205 5611 2322 5681 sancti
2347 5631 2423 5682 ma·

575 5763 680 5850 rimi,
705 5769 789 5830 sunt
812 5761 894 5828 inde
918 5759 1013 5846 passi
1038 5757 1190 5844 biginti:
1216 5775 1238 5824 a
1262 5775 1345 5844 pars
1367 5756 1516 5824 orientis
1539 5756 1610 5824 fine
1634 5761 1733 5826 terra
1757 5759 1870 5843 ipsius
1898 5759 2073 5851 ecclesie,
2096 5765 2181 5830 sunt
2212 5761 2295 5831 inde
2326 5762 2421 5850 passi
