5334 7098
33 5379 324 5469 “N-

607 491 675 562 ibt
1102 578 1109 591 ι
1240 489 1412 561 donax
1450 486 1719 561 detunsis

604 686 635 803 †
660 715 786 783 Petrus
810 713 931 782 iunior
954 715 1063 784 abbas
1087 713 1297 782 subscribsit

602 839 634 957 †
659 870 768 936 Ursus
791 865 967 980 presbiter
991 871 1026 935 et
1049 883 1218 934 monacus
1241 865 1450 953 subscripsit

599 993 631 1108 †
656 1037 722 1107 ego
743 1019 806 1128 qui
830 1038 939 1106 supra
962 1020 1053 1088 miro
1076 1019 1186 1088 iudex

599 1144 631 1260 †
655 1191 721 1260 ego
744 1172 928 1244 maraldus
952 1176 1115 1243 notarius
1139 1173 1425 1260 mesubscripsi.

1280 1372 1281 1380 t

1259 1392 1709 1406 W

1334 1681 1624 1764 DCXXVI.

1325 1944 1380 2021 A.
1409 1940 1459 2018 D.
1488 1938 1618 2020 1009.

592 2149 628 2289 †
653 2203 693 2268 In
715 2202 859 2270 nomine
880 2200 1016 2268 domini
1039 2203 1165 2270 domno
1189 2201 1295 2270 basili
1318 2199 1444 2270 dibina
1468 2201 1589 2286 gratia
1613 2199 1804 2285 imperator
1829 2203 1996 2285 augusto,
2012 2199 2076 2265 dco
2100 2197 2275 2286 propitius
2291 2199 2398 2286 quin-

546 2355 757 2442 quagesimo
780 2355 887 2424 tertio
910 2374 1006 2424 anno
1030 2355 1171 2442 imperii
1194 2357 1286 2440 eius,
1310 2359 1347 2422 et
1370 2371 1451 2421 curn
1473 2370 1514 2420 co
1538 2357 1713 2439 regnante
1736 2351 1965 2420 constantino
1988 2353 2100 2422 irater
2129 2353 2224 2440 eius,
2249 2355 2400 2423 sanetis-

544 2506 646 2575 simis
671 2508 945 2594 imperatoribus
969 2508 1113 2594 nostris,
1139 2526 1258 2576 mense
1281 2507 1478 2592 december,
1502 2507 1655 2575 hoctaba
1680 2504 1885 2574 indictione.
1911 2506 2199 2574 lllemoratorium
2222 2507 2396 2576 iactuma

544 2679 600 2730 me
624 2662 796 2730 deusdede
819 2663 991 2732 diaconus
1014 2663 1108 2730 filius
1131 2662 1309 2748 quondam
1332 2663 1422 2750 petri
1449 2660 1586 2748 clerici,
1610 2662 1673 2747 qui
1689 2678 1768 2728 sum
1784 2667 2042 2728 commorantes
2059 2661 2157 2728 intus
2173 2659 2324 2730 cibitate
2342 2661 2396 2728 lu-

542 2814 665 2898 ceria,
690 2813 879 2883 clarefacio
901 2815 1020 2900 enim,
1050 2815 1135 2900 quia
1163 2833 1230 2899 que
1253 2815 1371 2884 fuerat
1394 2816 1489 2884 maio
1513 2815 1609 2883 iilius
1632 2815 1808 2901 quondam
1833 2813 2021 2901 maielgari
2047 2819 2088 2882 ut
2110 2814 2214 2884 daret
2236 2816 2270 2883 ei
2298 2817 2394 2885 fresa

540 2971 703 3054 nepotem
727 2973 900 3037 meamet
922 2968 1036 3036 liliam
1059 2966 1238 3052 quondam
1262 2968 1410 3034 iolranni
1437 2987 1539 3036 verus
1562 2986 1755 3055 germanus
1778 2985 1878 3034 meus
1902 2973 1939 3034 et
1953 2967 2050 3034 illius
2066 2967 2266 3054 supradicti
2291 2971 2387 3054 petri

432 3203 434 3208 Ι
542 3119 680 3190 clerici.
705 3123 781 3208 Ego
803 3140 886 3188 vero
909 3140 972 3209 per
997 3122 1073 3190 eius
1096 3137 1222 3206 rogum
1245 3124 1281 3188 ct
1302 3120 1344 3188 de
1365 3121 1447 3189 aliis
1462 3121 1563 3188 vonis
1579 3121 1758 3189 ominibus
1774 3121 1929 3210 largitus
1951 3121 2069 3190 fuitei
2086 3121 2392 3210 talialradimple-

541 3293 591 3342 re.
618 3277 665 3342 De
689 3295 759 3362 qua
775 3295 895 3344 coram
910 3277 1092 3362 presentia
1108 3277 1245 3344 hottoni
1262 3274 1414 3344 iudicem
1432 3281 1467 3344 et
1481 3275 1740 3361 suprascriptos
1756 3277 1862 3343 testes
1878 3293 1940 3362 per
1956 3293 2082 3342 vonam
2098 3274 2389 3344 convenientiam

539 3429 673 3514 guadia
696 3429 806 3495 michi
830 3429 927 3495 dedit
951 3429 1026 3514 ipse
1049 3425 1110 3512 qui
1134 3430 1470 3514 supranominatus
1494 3429 1587 3498 maio
1610 3434 1646 3497 et
1669 3429 1764 3496 filius
1788 3427 1984 3515 supradicti
2003 3429 2241 3515 magelgardi,
2260 3435 2298 3497 et
2318 3449 2394 3497 me-

539 3580 695 3650 diatores
717 3581 827 3649 michi
851 3581 968 3668 posuit
991 3583 1157 3651 ansarico
1180 3581 1278 3648 filius
1301 3583 1481 3668 quondam
1504 3583 1658 3669 iaquinti
1683 3589 1718 3654 et
1741 3583 1931 3653 radelchisi
1955 3581 2050 3650 filius
2066 3582 2246 3667 quondam
2271 3582 2393 3652 nicole

538 3735 602 3803 tali
628 3734 757 3822 tinore,
782 3739 822 3804 ut
843 3735 983 3804 tolleret
1006 3737 1074 3804 sibi
1098 3737 1143 3805 ad
1167 3755 1314 3805 uxorem
1334 3736 1516 3805 'abendam
1540 3737 1636 3806 fresa
1660 3741 1821 3824 nepotem
1845 3756 1960 3806 meam
1984 3741 2021 3803 et
2044 3734 2157 3806 liliam
2188 3737 2392 3823 supradicti

537 3886 699 3974 iohanni3
724 3881 816 3974 quod
839 3888 870 3956 si
893 3907 973 3957 eam
996 3889 1119 3958 tollerc
1143 3891 1310 3976 voluerit,
1334 3895 1420 3958 tuno
1443 3895 1586 3959 centum
1610 3893 1713 3960 aurei
1737 3891 1865 3960 solidos
1888 3891 2133 3960 constantinus
2161 3890 2265 3958 nobis
2291 3909 2389 3960 com-

537 4057 668 4126 ponere
691 4041 878 4128 obligabit,
903 4043 1039 4129 etipsa
1063 4049 1225 4130 nepotem
1248 4064 1362 4114 meam
1384 4043 1524 4114 tolleret
1549 4061 1696 4112 uxorem
1721 4062 1783 4129 per
1809 4041 1934 4110 invitis
1958 4063 2019 4130 per
2043 4044 2168 4113 eadem
2197 4045 2337 4131 guadio
2356 4051 2392 4115 et

537 4213 600 4281 per
623 4195 778 4266 districti
801 4199 870 4283 ipsi
895 4197 1108 4266 mediatores
1133 4205 1168 4268 et
1191 4201 1351 4286 obligata
1373 4218 1467 4287 pena
1485 4200 1523 4280 ¹).

581 4351 742 4420 Secunda
755 4370 910 4438 namque
926 4350 1060 4438 guadia
1075 4353 1187 4422 michi
1201 4352 1298 4422 dedit
1313 4353 1387 4440 ipse
1404 4352 1466 4439 qui
1481 4373 1590 4442 supra
1602 4356 1807 4424 nominatus
1820 4350 1915 4418 maio
1926 4357 1961 4421 et
1972 4353 2183 4421 mediatores
2196 4355 2306 4422 michi
2324 4372 2393 4444 po-

532 4505 609 4574 suit
624 4509 787 4577 ansarico
805 4511 842 4576 et
857 4508 1048 4578 radelchisi
1065 4527 1105 4578 oo
1119 4509 1248 4593 tinore,
1262 4513 1301 4575 ut
1313 4525 1376 4593 per
1390 4525 1516 4576 manus
1527 4507 1570 4574 de
1582 4507 1692 4574 michi
1704 4507 1843 4593 meique
1855 4507 2020 4576 eredibus
2037 4508 2092 4575 vel
2109 4507 2164 4574 illi
2182 4509 2315 4597 omini,
2331 4507 2392 4578 cui

533 4659 630 4726 hunc
655 4661 799 4728 brebem
823 4663 862 4728 in
876 4680 1022 4730 manum
1038 4680 1113 4730 esse
1130 4664 1306 4749 paruerit,
1323 4679 1387 4748 pro
1402 4679 1486 4748 pars
1500 4660 1615 4728 eidem
1631 4661 1749 4746 nepoti
1765 4678 1842 4728 mee
1858 4659 1988 4728 lectum
2003 4665 2169 4748 paratum
2186 4681 2269 4728 cum
2289 4663 2389 4746 lena,

532 4813 686 4882 colcetra
701 4809 729 4898 ²)
745 4817 780 4882 et
795 4814 1029 4899 plumateum,
1045 4812 1110 4880 toti
1127 4815 1210 4879 nobi
1225 4817 1261 4880 et
1276 4813 1358 4881 voni
1374 4814 1540 4900 plenique
1555 4815 1598 4882 de
1614 4815 1760 4901 plumis,
1778 4816 1822 4883 Et
1838 4804 1877 4882 at'
1892 4815 2008 4882 tribus
2025 4813 2113 4881 anni
2129 4813 2297 4901 completi
2322 4813 2389 4882 da·

534 4970 590 5036 ret
606 4968 708 5034 nobis
725 4965 864 5053 pellitia
880 4967 1009 5052 serica,
1027 4966 1139 5035 funda
1156 4966 1257 5036 tinea
1268 4967 1294 5049 ⁸)
1310 4970 1403 5035 noba
1418 4970 1454 5036 et
1470 4968 1562 5036 bona
1578 4968 1695 5037 cusita
1711 4973 1745 5036 ot
1761 4968 1852 5036 bene
1868 4969 2032 5036 conciata
2048 4986 2129 5036 curn
2146 4969 2348 5039 hornatura
2361 4965 2389 5050 ⁸)

572 5334 596 5414 ¹)
618 5333 737 5395 Notata
761 5331 861 5412 digna
882 5335 997 5397 charta
1020 5335 1095 5410 ista,
1119 5343 1254 5418 propter
1277 5337 1582 5418 interpunctionem
1606 5338 1778 5399 commatis
1801 5335 2005 5399 distinctam.

571 5483 595 5562 ²)
617 5483 766 5553 colcetra,
790 5481 842 5543 vel
865 5483 1000 5557 colobia,
1024 5484 1113 5547 idest
1135 5485 1289 5548 culcitra.

570 5631 595 5711 ³)
617 5630 703 5706 Quid
724 5652 785 5714 per
806 5634 915 5712 funda
936 5635 1052 5698 tinec?
1074 5633 1247 5696 Fortasse:
1272 5633 1370 5696 tineis
1392 5633 1529 5695 minime
1551 5651 1691 5694 corrosa.

571 5781 594 5860 ⁴)
616 5783 808 5855 trornotura,
834 5802 894 5846 seu
917 5791 1095 5846 ornatura:
1120 5788 1352 5846 ornamentum
1367 5800 1408 5844 ex
1426 5781 1480 5842 silo
1496 5799 1595 5842 aureo
1613 5784 1801 5841 contextum
1826 5780 1860 5840 iu
1884 5785 2033 5842 extrema
2055 5783 2148 5860 parte
2173 5769 2383 5838 vestimenti.
