5376 7094
973 512 1379 586 nlrlomlrloos
2039 503 2062 570 9

246 748 327 834 ipse
344 742 506 813 ademari
522 743 621 812 dedit
634 748 670 812 et
686 721 918 814 mediatorem
932 741 1035 810 nobis
1051 741 1170 827 posuit
1185 757 1222 813 se
1237 738 1374 824 ipsum3
1391 739 1427 804 et
1450 753 1513 822 per
1537 735 1616 820 ipsa
1634 729 1771 819 guadia
1794 726 1992 814 obbligarit
2014 742 2052 792 se
2076 729 2115 796 et

248 915 332 964 suos
355 897 492 984 eredes,
516 902 557 965 ut
581 901 612 966 si
630 899 774 984 aliquit,
791 898 835 966 de
850 896 1023 983 quomodo
1039 894 1204 980 superius
1227 890 1375 977 legitur,
1399 886 1574 973 quesierit
1590 885 1772 952 remobere
1788 885 1852 950 aut
1875 883 2054 966 contrane,
2078 884 2116 950 et

250 1049 345 1119 talia
360 1051 463 1118 nobis
479 1051 535 1118 vel
551 1051 590 1117 in
606 1069 690 1138 pars
705 1051 818 1138 ipsius
834 1047 981 1116 ecclesie
997 1065 1069 1114 non
1087 1043 1349 1131 adimplebcrit,
1366 1046 1454 1110 tunc
1469 1057 1531 1125 per
1549 1039 1642 1106 bona
1658 1035 1922 1105 combenientia
1946 1053 2009 1121 per
2033 1033 2113 1120 ipsa

248 1205 386 1292 guadia
401 1222 611 1291 componere
635 1203 809 1291 obligavit
833 1219 870 1268 se
893 1206 929 1270 et
953 1219 1035 1268 suos
1058 1199 1181 1268 eredes
1203 1196 1305 1263 nobis
1329 1194 1385 1262 vel
1409 1196 1447 1262 in
1472 1211 1557 1279 pars
1580 1193 1737 1278 predicte
1760 1189 1909 1259 ecclesie
1932 1189 2115 1275 quinqua·

249 1359 356 1444 ginta
373 1357 456 1426 auri
473 1357 602 1424 solidos
617 1357 875 1441 constantin0s3
893 1356 1139 1456 verumtamen
1156 1353 1166 1420 i
1171 1369 1232 1438 pse
1248 1348 1395 1437 cepolle,
1413 1350 1507 1416 sicut
1522 1347 1657 1414 dictum
1674 1350 1742 1433 est,
1759 1345 1861 1413 nobis
1877 1344 1978 1430 dare,
1995 1341 2113 1428 quali-

248 1515 306 1576 ter
322 1509 365 1576 de
382 1509 459 1596 ipso
474 1527 639 1596 campum
657 1507 718 1576 ille
734 1507 934 1576 bersaberit
949 1506 1182 1591 scombinate,
1198 1508 1233 1574 et
1248 1507 1344 1574 hunc
1359 1504 1501 1570 brebem
1518 1499 1646 1586 scripsi
1663 1516 1730 1586 ego
1747 1499 1921 1566 iohannes
1945 1494 2113 1564 notarius

247 1663 311 1749 qui
328 1661 487 1730 interfui.

297 1788 327 1904 †
347 1817 422 1903 Ego
438 1820 560 1902 petrus
575 1817 739 1884 notarius
755 1833 811 1882 me
828 1813 1024 1898 subscripsi

295 1940 326 2056 †
345 1970 420 2056 Ego
436 1969 620 2037 dauferius
636 1969 800 2037 notarius
817 1985 872 2034 me
888 1965 1097 2051 subscripsi.

959 2249 1408 2262 .-----.----

1066 2573 1303 2654 DXLIII.

1034 2867 1088 2942 A.
1116 2863 1167 2941 D.
1197 2861 1326 2944 1002.

293 3110 330 3250 †
347 3164 387 3227 ln
403 3162 548 3228 nomine
564 3162 700 3230 domini
717 3161 982 3248 quartodecimo
998 3176 1093 3227 anno
1108 3159 1331 3244 principatus
1347 3155 1468 3224 domni
1484 3157 1598 3223 nostri
1622 3156 1805 3242 guaimari
1829 3156 1983 3242 glorioso
2007 3160 2108 3243 prin-

253 3317 347 3403 cipe,
372 3333 492 3383 mense
516 3313 638 3399 iuliuS,
652 3313 918 3400 quintadecima
934 3312 1140 3381 indictione.
1158 3310 1448 3380 memoratorium
1463 3309 1561 3395 factu
1577 3329 1599 3378 a
1616 3327 1671 3378 me
1677 3359 1801 3378 .....
1818 3310 1914 3378 filius
1930 3313 2108 3396 quondam

250 3470 343 3556 petri
374 3469 537 3554 diaconi,
562 3487 602 3535 eo
626 3467 718 3553 quod
743 3471 826 3536 ante
851 3463 1041 3552 subscripti
1065 3469 1172 3532 testes
1195 3465 1241 3534 ad
1271 3464 1463 3533 tenendum
1493 3469 1529 3532 et
1552 3464 1787 3533 laborandum
1817 3466 2032 3534 tradidimus
2054 3468 2108 3537 di-

249 3623 321 3709 sigi
344 3621 440 3688 iilius
464 3621 557 3687 leoni
581 3620 625 3689 de
647 3620 754 3689 terris
776 3625 897 3688 nostre
920 3637 1010 3704 quas
1033 3621 1206 3687 habemus
1230 3619 1268 3686 in
1293 3618 1408 3685 locum
1431 3620 1529 3704 pin0‚
1546 3619 1676 3686 linibus
1691 3619 1942 3706 salernitanis,
1958 3627 1994 3690 et
2017 3626 2105 3691 sunt

248 3777 325 3863 ipse
347 3777 454 3844 terris
469 3793 533 3862 per
548 3793 587 3842 ec
603 3773 699 3860 finis3
717 3775 856 3858 aparte
872 3772 1021 3839 orientis
1045 3773 1115 3839 fine
1132 3773 1211 3856 ipsa
1235 3773 1344 3857 lama,
1361 3777 1397 3840 et
1419 3771 1653 3840 descendente
1676 3773 1716 3839 in
1739 3773 1815 3860 ipso
1839 3775 1946 3842 dnbio
1970 3778 2108 3848 tuscia·

248 3947 310 4016 no,
335 3935 370 3998 et
392 3928 625 3999 descendente
650 3929 689 3994 in
713 3945 827 4010 mare,
851 3929 887 3994 et
910 3929 1080 4012 pergente
1103 3947 1165 4014 per
1188 3931 1263 3996 tota
1287 3929 1366 4015 ipsa
1389 3931 1511 4014 haqua
1526 3925 1569 3994 de
1585 3928 1661 4013 ipso
1679 3926 1764 4016 lagu
1787 3930 1978 4016 piczolu:a
2001 3937 2105 4018 parte

248 4082 442 4150 occidentis
465 4083 536 4149 line
552 4082 628 4167 ipso
644 4080 734 4166 ribo,
751 4080 798 4145 ab
812 4079 907 4146 unde
922 4097 968 4147 ex
984 4081 1162 4165 antiquito
1178 4099 1273 4165 aqua
1288 4080 1466 4148 decurrit:
1484 4099 1506 4148 a
1522 4084 1625 4166 parte
1638 4083 1902 4168 septemtrionis
1914 4083 1986 4152 fine
2003 4088 2103 4174 polu,

247 4239 284 4302 et
307 4236 547 4321 coniungente
571 4251 682 4319 usque
706 4232 751 4300 ad
775 4231 846 4300 fine
870 4251 963 4318 mea,
989 4236 1025 4299 et
1047 4234 1190 4302 exiente
1194 4285 1576 4302 ..............
1602 4255 1664 4322 per
1688 4237 1755 4304 iste
1779 4236 1862 4303 finis
1885 4238 2103 4306 tradidimus

249 4390 317 4458 tibi
342 4389 448 4476 disigi
474 4389 517 4457 de
541 4389 617 4474 ipse
639 4389 759 4474 terris,
784 4391 959 4473 quantum
982 4387 1114 4455 exinde
1137 4387 1267 4454 tultum
1291 4389 1393 4456 abuit
1408 4387 1453 4456 ad
1470 4387 1705 4456 laborandum
1723 4387 1860 4456 steiano
1876 4389 1970 4456 illius
1985 4393 2099 4478 petri3

246 4546 284 4610 et
307 4541 382 4611 alia
403 4545 506 4629 pecia
530 4540 661 4609 ibidem
685 4541 782 4610 inira
806 4540 881 4627 ipse
904 4541 1000 4628 finis,
1025 4540 1117 4626 quod
1141 4544 1181 4608 tu
1204 4541 1387 4610 nominato
1411 4541 1541 4609 disidio
1564 4541 1735 4610 laborasti
1768 4547 1853 4611 ante
1876 4561 1915 4610 os
1938 4548 2098 4632 ternpore

247 4697 313 4766 tali
337 4697 502 4784 hordine,
527 4697 575 4764 ud
598 4697 723 4765 amodo
746 4701 782 4766 et
805 4715 916 4782 usque
940 4697 1055 4764 tribus
1080 4694 1199 4762 frudia
1222 4694 1370 4762 collecta
1393 4694 1507 4762 licead
1524 4694 1641 4780 ipsum
1663 4695 1770 4783 disijo
1791 4701 1827 4764 et
1850 4698 1930 4766 eius
1953 4699 2106 4769 heredes

247 4853 287 4918 in
311 4851 387 4938 ipse
411 4851 519 4920 terris
542 4851 640 4919 fobee
664 4856 700 4919 et
723 4867 844 4918 omnes
860 4868 923 4917 sue
938 4849 1090 4918 utilitati
1106 4851 1202 4917 iusta
1219 4851 1395 4917 rationem
1412 4848 1543 4916 ibidem
1560 4849 1692 4934 iacere,
1707 4850 1830 4937 etipse
1846 4855 1970 4941 terris,
1986 4872 2101 4940 quan-

247 5011 325 5072 tum
349 5007 514 5091 superius
537 5006 571 5074 ei
594 5004 808 5074 tradidimus
832 5005 938 5104 infra
952 5005 1027 5088 ipse
1051 5003 1134 5070 linis
1158 5005 1240 5071 abto
1263 5009 1420 5089 tempore
1443 5002 1505 5070 ille
1528 5022 1635 5072 arare
1659 5009 1695 5072 et
1718 5005 1911 5093 seminare,
1934 5011 1970 5075 et
1985 5007 2098 5082 labori

250 5159 319 5245 ipsi
336 5158 496 5227 studiare
513 5164 549 5227 et
564 5179 627 5246 per
643 5165 800 5247 ternpore
816 5158 889 5225 illis
905 5155 1113 5244 recolligere
1129 5160 1164 5224 et
1180 5157 1342 5226 adunare
1360 5157 1492 5226 ibidem
1516 5159 1562 5226 ad
1579 5179 1679 5246 area,
1702 5165 1737 5228 et
1752 5166 1928 5246 quantum
1943 5166 2101 5236 frudium

249 5313 293 5381 de
317 5315 393 5400 ipse
416 5315 525 5381 terris
548 5315 673 5402 iecerit
694 5317 730 5383 et
755 5315 900 5400 exierit,
925 5313 1033 5380 deant
1056 5310 1186 5380 exinde
1209 5313 1311 5379 nobis
1334 5311 1377 5381 de
1401 5314 1478 5402 ipso
1503 5315 1648 5400 biotam,
1674 5335 1736 5384 seu
1759 5323 1795 5386 et
1818 5319 1863 5387 ad
1885 5321 2017 5388 nostris
2040 5324 2100 5391 he·

248 5467 395 5534 redibus
419 5469 546 5537 inclita
569 5470 714 5538 tertiam
738 5471 892 5554 partem,
909 5469 945 5533 et
962 5465 1022 5532 ille
1045 5465 1147 5533 tollat
1168 5465 1298 5534 exinde
1322 5467 1390 5536 due
1414 5470 1536 5556 sortis,
1552 5469 1754 5538 faciendum
1771 5471 1864 5557 quod
1880 5471 2047 5560 boluerit3
2064 5479 2102 5547 et

250 5621 329 5707 ipsa
351 5623 496 5690 tertiam
520 5627 659 5710 partem
682 5620 725 5689 de
748 5621 825 5708 ipso
846 5620 994 5706 binium,
1019 5639 1127 5706 quarn
1151 5623 1252 5689 nobis
1274 5621 1405 5690 exinde
1423 5623 1603 5725 ebenerit,
1615 5624 1834 5692 adducerent
1851 5623 1933 5692 illut
1948 5625 2046 5694 intus
2062 5627 2101 5694 in

249 5775 350 5843 domo
374 5781 511 5866 nostra,
536 5777 598 5845 ubi
621 5794 685 5844 nos
709 5774 904 5843 residentes
927 5791 1064 5862 sumus;
1088 5779 1124 5843 et
1146 5775 1177 5843 si
1202 5780 1353 5862 parutus
1376 5778 1439 5864 sit,
1455 5777 1502 5845 ud
1518 5795 1584 5863 ego
1605 5781 1760 5846 semente
1783 5777 1926 5866 dedero,
1951 5779 2013 5848 ille
2036 5801 2102 5850 au-

444 5929 523 5988 loro
542 5946 569 5987 rr
1893 5934 1908 5990 2
