5334 7098
959 527 1363 602 DlPLOlldTlCUS
1970 524 2033 594 lul

236 771 300 823 sue
324 749 494 821 utilitatis
518 751 613 818 iusta
636 749 775 818 ratione
800 715 930 817 ibidem
954 750 1108 836 saciant3
1132 757 1169 819 et
1191 751 1221 818 si
1246 753 1426 820 boluerint
1458 753 1588 820 ibidem
1620 752 1776 819 residere
1799 754 1835 818 et
1857 749 2022 832 abitare,
2047 751 2084 814 et

236 905 351 970 totum
375 901 451 988 ipso
474 901 657 970 arbustum
683 902 767 968 abto
789 901 947 986 tempore
971 900 1176 968 laborarent
1192 906 1228 970 et
1243 901 1423 970 cultarent
1436 901 1479 970 de
1495 920 1602 988 super
1618 901 1711 968 etde
1726 903 1861 986 subter,
1877 897 1971 966 sicut
1989 897 2087 964 locus

237 1057 311 1145 ipse
335 1055 520 1143 meruerit,
545 1059 723 1142 quatenus
747 1055 935 1140 proficiant
957 1059 994 1122 et
1018 1072 1089 1121 non
1112 1054 1330 1142 dispereant,
1355 1060 1392 1123 et
1416 1073 1478 1141 per
1500 1054 1679 1122 vindemie
1695 1059 1852 1141 tempore
1875 1051 2011 1122 saciant
2029 1071 2087 1120 me

236 1207 291 1277 νε]
316 1207 407 1276 meis
431 1207 624 1276 heredibus
646 1207 721 1274 illis
744 1205 848 1293 scire,
872 1211 912 1274 ut
934 1206 1134 1293 dirigamus
1158 1207 1288 1275 ibidem
1312 1207 1458 1275 missum
1484 1211 1655 1291 nostrum,
1680 1211 1715 1272 ot
1732 1205 1806 1274 illis
1821 1207 1876 1273 νε]
1892 1207 1970 1274 suis
1987 1208 2088 1273 here-

237 1362 345 1432 dibus
369 1365 483 1430 totum
507 1361 584 1447 ipso
607 1362 792 1468 arbustum
808 1361 889 1428 abto
904 1364 1061 1468 tempore
1084 1359 1358 1447 vindemiarent,
1375 1360 1468 1428 sicut
1483 1361 1667 1447 meruerit,
1691 1367 1727 1428 et
1744 1367 1856 1429 totum
1872 1361 1948 1448 ipso
1966 1361 2090 1429 vinum

239 1516 361 1601 ibique
385 1515 431 1583 ad
454 1513 675 1600 palmentum
700 1512 782 1580 illut
806 1512 901 1578 inter
925 1529 989 1577 nos
1012 1511 1212 1580 dividamus
1235 1531 1297 1598 per
1321 1513 1497 1581 medium:
1524 1515 1598 1600 ipso
1622 1515 1770 1582 missum
1793 1520 1954 1582 nostrum
1985 1515 2089 1586 tollat

237 1688 299 1738 eos
326 1669 574 1753 medietatem,
598 1670 634 1733 et
659 1665 730 1732 illis
755 1665 810 1732 νε]
834 1667 907 1732 suis
931 1650 1129 1734 heredibus
1143 1666 1253 1734 tollad
1277 1667 1417 1754 reliqua
1439 1667 1683 1754 medietatem,
1708 1673 1743 1736 et
1767 1670 1845 1754 ipsa
1874 1659 1996 1738 no'sua
2019 1689 2092 1737 me-

239 1825 380 1893 dietate
404 1823 447 1890 de
471 1823 546 1907 ipso
570 1819 693 1886 vinum
718 1817 789 1885 illis
813 1817 866 1884 νε]
891 1817 965 1884 suis
988 1818 1153 1885 eredihus
1178 1817 1258 1886 illut
1280 1818 1453 1887 adducere
1469 1839 1531 1906 per
1548 1820 1614 1888 isto
1630 1822 1777 1907 planum
1793 1821 1836 1888 de
1852 1822 2011 1908 nucerio,
2030 1823 2091 1890 ubi

240 1975 439 2063 repositum
463 1971 625 2060 paruerit
653 1973 724 2040 alio
747 1971 871 2037 uinum
894 1977 1078 2058 nostrum,
1110 1975 1146 2038 et
1177 1971 1382 2040 conciarent
1415 1975 1516 2040 nobis
1547 1991 1742 2060 organeum
1774 1975 1819 2043 da
1851 1975 1974 2041 vinum
2000 1977 2093 2061 quod

240 2128 385 2196 illorum
409 2127 731 2214 adsignaberimus,
756 2131 791 2193 et
814 2131 962 2210 reponat
985 2124 1065 2192 illut
1088 2124 1127 2191 in
1144 2125 1259 2212 ipsum
1285 2143 1494 2213 organeum3
1519 2130 1555 2193 et
1585 2127 1667 2194 dum
1693 2128 1821 2196 ibidem
1847 2131 1989 2197 steterit
2016 2131 2093 2217 ipso

241 2282 405 2368 missum,
429 2282 503 2351 illis
526 2301 608 2349 eum
632 2282 767 2382 notrire
791 2281 982 2369 secundum
1006 2299 1070 2348 sua
1094 2278 1379 2366 possivilitatem,
1404 2284 1439 2346 et
1462 2279 1589 2348 darent
1612 2278 1644 2346 ei
1670 2280 1877 2368 palmenta,
1902 2281 1995 2350 sicut
2021 2305 2094 2352 me-

241 2436 379 2522 ruerit3
405 2439 441 2502 et
464 2455 533 2520 que
557 2435 682 2502 amodo
705 2439 740 2500 et
763 2452 901 2520 semper
926 2431 973 2498 ibi
1000 2431 1305 2518 seminaberimuS,
1319 2432 1427 2499 deant
1443 2431 1525 2499 inde
1543 2433 1645 2497 nobis
1661 2433 1867 2500 annualiter
1884 2436 2094 2505 terraticum

242 2587 441 2654 secundum
465 2587 757 2655 consuetudinem
780 2586 822 2652 de
845 2583 920 2670 ipso
944 2584 1076 2668 locum3
1102 2589 1137 2650 ot
1162 2585 1266 2668 (prale
1284 2589 1438 2669 tempore
1453 2585 1499 2652 da
1515 2582 1581 2669 ipsi
1600 2583 1784 2651 duodecim
1808 2588 1894 2654 anni
1921 2587 1957 2655 in
1982 2597 2093 2659 antea

243 2741 325 2827 ipsa
349 2741 542 2811 traditione
566 2751 689 2809 tenere
714 2749 748 2808 et
772 2741 934 2807 laborare
958 2758 1029 2804 non
1054 2737 1245 2823 boluerint,
1273 2737 1398 2804 inclita
1423 2736 1499 2822 ipsa
1524 2740 1628 2804 rebus
1652 2739 1814 2807 lavorata
1838 2745 1874 2808 et
1897 2743 2033 2812 cultata
2057 2750 2093 2812 ot

242 2895 343 2964 clusa
378 2899 565 2964 remittant
599 2895 644 2964 ad
674 2907 795 2962 nostra
824 2899 1020 2980 potestate,
1053 2901 1087 2960 ot
1119 2894 1225 2959 liceat
1258 2890 1328 2959 illis
1362 2893 1417 2958 vel
1447 2893 1523 2958 suis
1556 2893 1745 2962 heredibus
1776 2895 1857 2964 indo
1884 2897 2092 2968 disturbare

245 3050 321 3136 ipso
347 3049 505 3118 reditum
530 3050 622 3135 quod
646 3048 779 3115 ibidem
803 3017 938 3115 actum
960 3048 1139 3130 abuerint,
1157 3051 1192 3111 et
1208 3053 1370 3114 excutere
1393 3053 1429 3114 et
1451 3048 1565 3112 omnis
1588 3067 1654 3115 sua
1678 3069 1785 3119 causa
1811 3052 1970 3140 movilia,
1987 3063 2022 3122 et
2041 3056 2094 3122 ire

243 3221 327 3269 cum
353 3203 436 3270 illut
462 3203 521 3268 ubi
546 3203 738 3287 boluerint,
763 3202 840 3268 sine
864 3200 1116 3267 contrarietate
1141 3205 1263 3265 nostra
1287 3199 1387 3266 etde
1412 3201 1542 3265 nostris
1565 3200 1756 3286 aradibus,
1787 3207 1822 3270 et
1852 3206 1881 3272 si
1907 3207 1946 3272 in
1969 3227 2095 3293 supra-

244 3358 344 3427 dicto
370 3357 495 3424 ordine
521 3357 597 3446 ipsa
621 3358 726 3423 rebus
749 3356 851 3422 nobis
875 3372 945 3420 non
970 3355 1178 3440 ammiserit,
1195 3361 1231 3421 et
1254 3355 1296 3421 de
1320 3373 1361 3421 ao
1384 3359 1483 3422 terra
1506 3355 1728 3424 salernitana
1752 3357 1825 3424 illis
1848 3359 2008 3430 exierint
2033 3381 2096 3448 pro

245 3511 360 3582 aliubi
385 3511 430 3580 ad
454 3509 673 3595 abitandum,
699 3511 762 3575 aut
786 3506 816 3572 si
842 3507 947 3575 talem
974 3509 1095 3574 l'ecerit
1120 3507 1237 3593 culpa,
1264 3508 1356 3574 unde
1373 3507 1417 3574 ad
1435 3506 1607 3592 palatium
1631 3510 1790 3577 cecidere
1813 3513 2016 3599 debuerint,
2042 3515 2096 3580 in-

244 3664 334 3732 clita
360 3663 439 3750 ipsa
462 3661 675 3730 tradictione
699 3659 866 3728 similiter
891 3660 1039 3728 redeant
1063 3660 1107 3727 ad
1131 3665 1253 3726 nostra
1277 3658 1397 3726 uelde
1422 3660 1552 3726 nostris
1584 3662 1747 3728 oredibus
1779 3669 1953 3749 potestate
1974 3685 1982 3750 ;
2007 3671 2042 3733 et
2066 3671 2096 3737 si

245 3821 345 3888 inl'ra
369 3821 443 3884 tres
466 3815 554 3883 anni
580 3813 653 3881 illis
677 3813 730 3880 νε]
755 3815 829 3880 suis
852 3812 1016 3881 eredibus
1039 3812 1078 3877 in
1102 3831 1144 3878 ac
1167 3819 1265 3880 terra
1288 3815 1422 3880 suerint
1438 3815 1573 3880 rebersi
1590 3815 1635 3882 ad
1651 3816 1862 3882 abitandum
1878 3823 1913 3886 et
1929 3820 2094 3890 ebaouati

243 3973 290 4041 de
315 3971 395 4058 ipsa
418 3971 538 4057 culpa,
564 3967 691 4036 inclita
715 3968 792 4054 ipsa
815 3966 1030 4035 tradictione
1054 3966 1277 4034 remittamus
1301 3967 1347 4035 ad
1371 3967 1513 4035 illorum
1535 3973 1736 4056 potestate,
1760 3971 1805 4037 ad
1831 3973 2023 4040 tenendum
2052 3975 2098 4041 il-

247 4127 297 4196 lut
322 4127 361 4195 in
386 4126 631 4213 suprascripta
656 4123 814 4206 ratione3
840 4125 875 4189 et
898 4121 928 4188 si
954 4119 1028 4208 ipso
1052 4137 1210 4206 annum,
1235 4120 1378 4206 quando
1401 4121 1596 4210 redierint,
1622 4123 1699 4209 ipsa
1723 4127 1827 4192 rebus
1851 4126 2014 4195 laborata
2043 4130 2098 4196 in-

247 4281 425 4364 benerint,
451 4278 558 4347 liceat
581 4295 645 4343 nos
669 4276 751 4344 inde
776 4273 850 4361 ipso
875 4293 1014 4374 annum!
1035 4274 1109 4359 ipso
1133 4273 1291 4341 srudium
1314 4275 1449 4360 tollere;
1474 4283 1509 4344 et
1533 4275 1564 4343 si
1588 4277 1684 4345 infra
1709 4277 1776 4364 ipsi
1801 4283 1874 4346 tres
1891 4279 1979 4348 anni
1999 4281 2038 4348 in
2054 4303 2096 4352 ac

245 4439 346 4503 terra
369 4433 444 4501 illis
466 4450 537 4500 non
563 4430 696 4498 luerint
720 4429 855 4496 rebersi
878 4427 924 4495 ad
947 4427 1168 4511 abitandum,
1195 4425 1368 4495 faciamus
1392 4447 1454 4494 nos
1479 4431 1533 4497 uel
1555 4430 1685 4498 nostris
1709 4431 1871 4499 eredibus
1887 4433 1929 4500 de
1947 4435 2025 4522 ipsa
2042 4455 2098 4504 re-

247 4589 314 4655 bus
337 4589 460 4655 omnia
483 4585 574 4673 quod
598 4581 828 4667 voluerimus,
853 4580 930 4649 sine
954 4581 1208 4649 contrarietate
1233 4582 1375 4648 illorum
1397 4587 1432 4650 et
1455 4583 1498 4650 de
1522 4602 1643 4650 eorum
1660 4585 1794 4652 eredes.
1812 4587 1952 4672 quodsi
1973 4589 2096 4659 taliter

246 4747 382 4831 omnia,
407 4747 447 4810 ut
472 4740 637 4828 superius
661 4739 805 4826 legitur,
831 4737 932 4804 nobis
949 4736 1149 4821 nostrisque
1166 4736 1330 4804 eredibus
1346 4755 1417 4802 non
1433 4737 1681 4824 adimpleverit
1703 4745 1738 4806 et
1761 4739 1891 4826 aliquit
1909 4743 1990 4812 inde
2015 4764 2099 4814 con-

247 4897 452 4984 tradixerit,
474 4902 560 4964 tunc
585 4913 647 4981 per
672 4895 751 4980 ipsa
775 4891 912 4979 guadio
935 4891 1186 4978 obligaborunt
1201 4909 1238 4956 so
1254 4907 1403 4976 suosque
1421 4891 1542 4958 eredes
1559 4891 1604 4960 ad
1620 4895 1899 4979 componendum
1918 4898 2019 4966 nobis
2037 4917 2098 4966 no-

248 5052 402 5136 strisque
425 5048 589 5118 eredibus
613 5043 763 5130 triginta
786 5042 866 5113 auri
891 5043 1019 5111 solidos
1043 5041 1350 5111 constantinianus
1380 5049 1415 5108 et
1438 5046 1559 5112 omnia
1584 5047 1832 5132 suprascripta
1864 5068 1926 5134 per
1962 5051 2099 5117 imvitls

199 5247 203 5252 -
248 5202 348 5269 nobis
373 5201 553 5288 complire.
580 5201 624 5266 Et
649 5219 718 5266 unc
746 5202 888 5268 brebem
912 5196 1038 5284 scripsi
1064 5215 1129 5282 ego
1155 5157 1354 5262 romoaldus
1378 5195 1542 5262 notarius
1566 5198 1626 5279 qui
1653 5197 1812 5264 interfui.

295 5323 326 5441 †
351 5354 427 5440 Ego
450 5352 606 5422 arechisi
631 5351 793 5418 notarius
817 5367 871 5416 me
896 5346 1088 5432 subscripsi

294 5478 324 5594 †
349 5507 425 5594 Ego
450 5506 636 5574 iohannes.
