5376 7094
602 509 645 582 td
1240 505 1413 576 CODEX
1440 488 1708 576 cnu'nn‘sts

549 729 641 800 lidos
664 729 928 818 constantines,
952 735 1003 818 et,
1028 729 1127 798 sicud
1151 727 1318 817 superius
1341 728 1489 816 legitur,
1508 727 1589 798 illut
1604 727 1704 798 vobis
1719 728 1951 798 defensemus.
1971 731 2015 798 nt
2029 727 2174 816 quando
2189 749 2252 816 per
2270 747 2330 800 vos
2347 729 2400 824 ip-

549 881 602 952 sis
626 883 815 952 bolueritis
839 883 923 951 inde
946 887 1030 951 exet
1053 885 1231 969 auctores,
1255 885 1465 968 potestatem
1488 883 1627 952 aveatis
1650 881 1727 952 vice
1751 887 1874 952 nostra
1898 881 1938 949 in
1960 883 2125 952 omnibus
2152 883 2235 952 inde
2250 899 2401 956 causare

546 1041 582 1106 et
606 1039 715 1106 finem
739 1039 878 1124 facere,
903 1035 1059 1123 qualiter
1083 1033 1290 1122 volueritis,
1315 1053 1396 1102 cum
1419 1035 1525 1121 quale
1549 1034 1730 1104 monimen
1754 1035 1990 1130 strationem
2014 1055 2083 1123 que
2107 1035 2189 1104 inde
2212 1035 2400 1108 abueritis.

545 1193 651 1278 Nam,
667 1190 809 1276 quando
832 1208 896 1258 nos
921 1190 1003 1258 inde
1027 1193 1191 1259 auctores
1215 1189 1420 1276 quesieritis
1444 1208 1563 1277 avere,
1580 1206 1643 1258 nos
1659 1193 1780 1258 autem
1794 1193 1830 1258 et
1845 1188 1979 1257 nostris
1995 1189 2161 1258 eredibus
2178 1209 2316 1278 semper
2342 1192 2402 1262 de·

546 1343 723 1411 iensemus
746 1348 782 1412 et
805 1343 1066 1431 adimpleamus
1089 1343 1154 1413 tivi
1180 1345 1305 1430 tuique
1328 1345 1495 1413 eredibus
1518 1341 1657 1436 omnia,
1680 1348 1856 1432 quantum
1871 1347 1907 1412 et
1924 1344 2095 1430 quomodo
2122 1345 2289 1432 superius
2312 1344 2402 1434 legi-

543 1502 615 1566 tur:
631 1501 788 1586 tantum,
813 1498 845 1566 si
869 1498 1065 1586 aliquando
1080 1503 1235 1586 tempore
1251 1499 1368 1586 ipsum
1384 1498 1492 1585 ligeri
1507 1498 1660 1568 clericus
1683 1502 1719 1567 ct
1740 1499 1819 1565 cius
1842 1497 1964 1566 eredes
1989 1498 2067 1584 ipsa
2083 1501 2208 1568 nostra
2225 1499 2401 1572 vindictio

542 1651 675 1720 datura
699 1654 790 1721 haut
812 1652 998 1722 vinditura
1022 1651 1231 1738 habuerint,
1255 1669 1325 1718 non
1350 1653 1483 1720 abeant
1505 1655 1715 1738 potestatem
1738 1650 1950 1740 cuicumque
1974 1651 2057 1721 illut
2079 1652 2180 1741 dare,
2204 1653 2277 1720 nisi
2300 1654 2401 1724 nobis

542 1809 579 1872 et
604 1804 649 1873 ad
672 1804 807 1872 nostris
831 1805 998 1873 eredibus
1023 1805 1105 1872 illut
1126 1803 1234 1874 deant
1257 1805 1304 1872 ad
1319 1803 1421 1873 iuxto
1438 1804 1593 1874 variante
1610 1806 1780 1894 pretium,
1797 1826 1867 1893 que
1884 1807 1985 1875 iuxta
2007 1805 2119 1875 inerit
2142 1805 2399 1896 adpretiatum,

540 1961 578 2024 ct
602 1958 740 2027 saciant
762 1956 893 2026 exinde
916 1959 1020 2025 nobis
1044 1958 1099 2025 vei
1125 1956 1257 2026 nostris
1279 1958 1446 2026 aradibus
1462 1957 1545 2028 inde
1563 1961 1655 2030 scire
1673 1978 1737 2048 pro
1753 1960 1835 2028 illut
1853 1960 2048 2028 tollendum
2066 1979 2177 2046 usque
2193 1959 2320 2028 diebus
2335 1959 2401 2028 tri·

541 2111 646 2199 ginta
670 2131 758 2200 sex,
780 2117 816 2182 et
839 2112 869 2179 si
896 2111 992 2181 inira
1017 2115 1096 2200 ipsa
1119 2115 1315 2182 constituta
1338 2112 1560 2184 noluerimus
1577 2114 1658 2182 illut
1673 2132 1804 2202 emere,
1819 2118 1907 2183 tunc
1924 2111 2039 2182 licead
2057 2112 2146 2182 iliud
2161 2114 2249 2183 dare
2264 2114 2322 2183 cui
2341 2117 2400 2182 bo-

541 2263 664 2352 luerit;
689 2283 789 2352 nam,
814 2267 845 2334 si
870 2270 955 2336 ante
980 2266 1057 2353 ipso
1080 2266 1314 2335 constitutum
1340 2267 1552 2354 cuicumque
1577 2267 1658 2339 illut
1681 2269 1819 2339 dederit
1834 2270 1912 2337 sine
1928 2272 2050 2337 nostra
2073 2268 2298 2358 solutionem,
2314 2275 2401 2340 tuuc

539 2418 618 2486 sine
643 2420 799 2506 pretium
824 2426 984 2491 revertar
1009 2422 1055 2492 ad
1078 2425 1238 2490 nostram
1261 2426 1297 2489 et
1319 2421 1363 2490 de
1386 2421 1517 2492 nostris
1533 2421 1700 2492 eredibus
1715 2425 1926 2510 potestatem
1944 2443 1953 2509 ;
1979 2426 2015 2492 et
2030 2423 2098 2491 due
2117 2423 2255 2494 cartule
2270 2424 2313 2492 de
2330 2441 2400 2492 uno

538 2575 656 2644 tinore
678 2575 810 2644 exinde
833 2577 989 2707 scrpbere
1013 2579 1188 2664 fecimus,
1212 2595 1286 2645 una
1310 2575 1443 2650 exinde
1467 2575 1559 2662 quod
1582 2575 1779 2644 retinemus
1804 2593 1868 2642 nos
1891 2576 2130 2664 suprascripti
2164 2575 2329 2662 germani
2353 2577 2399 2646 ad

538 2733 700 2798 nostram
727 2734 951 2817 potestatem,
976 2735 1013 2800 et
1036 2730 1112 2798 alia
1134 2731 1205 2798 tale
1230 2731 1365 2817 scripta
1388 2729 1573 2798 emisimus
1596 2730 1643 2798 ad
1666 2734 1877 2817 potestatem
1893 2730 2045 2816 predicti
2063 2729 2170 2818 ligeri
2187 2730 2323 2800 clerici:
2342 2749 2400 2797 ve-

520 2843 757 2968 Ι111111111111111,
783 2882 813 2949 si
839 2838 924 2952 ante
949 2881 1028 2969 ipsa
1052 2883 1248 2952 constituta
1272 2882 1350 2950 sine
1366 2889 1489 2953 nostra
1504 2884 1679 2953 solutione
1695 2884 1776 2952 illut
1790 2883 1976 2971 dederitis5
1995 2883 2043 2950 ud
2060 2884 2308 2971 supradictum
2329 2889 2397 2968 est,

540 3033 586 3100 ud
611 3039 779 3118 parutum
802 3034 873 3122 sit,
897 3039 938 3103 ut
959 3036 1002 3104 de
1025 3041 1145 3104 vestra
1169 3040 1378 3122 potestatem
1402 3041 1486 3104 exet
1509 3038 1772 3124 substractum,
1798 3033 1878 3104 sine
1900 3035 2057 3124 pretium
2082 3041 2244 3108 revertar
2267 3036 2314 3105 ad
2337 3053 2399 3102 no

539 3189 653 3253 stram
678 3189 901 3273 potestatem.
926 3188 999 3256 Ista
1021 3188 1162 3256 cartula
1185 3187 1382 3256 retinemus
1404 3189 1451 3257 ad
1475 3194 1635 3258 nostram
1659 3192 1894 3276 potestatem,
1918 3195 1954 3258 et
1977 3189 2052 3258 alia
2075 3189 2147 3258 tale
2171 3208 2234 3276 per
2260 3207 2331 3258 uno
2353 3191 2399 3258 ti-

539 3356 625 3406 nore
650 3339 786 3427 scripta
809 3340 996 3409 emisimus
1019 3342 1065 3411 ad
1088 3346 1297 3429 potestatem
1320 3347 1452 3429 tuaque
1477 3341 1585 3430 ligeri
1608 3341 1745 3410 clerici.
1764 3343 1808 3408 Et
1824 3340 1946 3411 taliter
1963 3341 2120 3410 scribere
2137 3342 2344 3432 rogabimus
2361 3348 2397 3411 te

540 3491 705 3560 alderissi
732 3494 927 3581 notarium,
953 3499 1073 3563 actum
1096 3495 1250 3562 salerno.

585 3620 615 3736 †
640 3667 706 3736 ego
730 3647 791 3734 qui
818 3667 927 3734 supra
951 3647 1099 3718 ioannes
1123 3649 1233 3719 index

583 3773 614 3888 †
639 3819 706 3888 ego
730 3801 894 3888 superius
917 3802 1092 3872 iohannes
1115 3803 1279 3872 notarius
1302 3821 1357 3871 me
1381 3802 1590 3890 subscripsi.

1259 4057 1709 4066 --—-——--...—----——-—-·

1434 4351 1542 4430 DL.

1310 4611 1366 4686 A.
1395 4608 1446 4685 D.
1475 4605 1603 4686 1003.

583 4814 619 4955 †
646 4869 685 4931 ln
702 4868 843 4934 nomine
859 4866 994 4934 domini
1010 4865 1275 4953 quartodecimo
1292 4884 1388 4935 anno
1402 4865 1632 4954 principatus
1648 4866 1769 4933 domni
1786 4866 1899 4934 nostri
1917 4866 2100 4954 guaimari
2124 4867 2278 4955 glorioso
2294 4868 2396 4955 prin·

539 5039 642 5107 ceps,
667 5037 787 5088 mense
812 5019 1037 5106 februarius,
1062 5019 1180 5106 prima
1204 5019 1411 5089 indictione.
1437 5019 1729 5088 Memoratorium
1752 5020 1886 5088 factum
1911 5039 1933 5090 a
1957 5020 2060 5087 nobis
2084 5021 2337 5090 constantinus
2358 5027 2396 5090 et

538 5179 677 5260 petrus,
700 5173 764 5260 qui
789 5191 911 5240 sumus
933 5172 1101 5259 germani
1124 5171 1193 5240 tilii
1216 5173 1394 5259 quondam
1412 5173 1563 5242 iohanni
1588 5175 1650 5261 qui
1667 5191 1824 5261 sparano
1840 5175 1996 5262 bocabit‚
2020 5193 2061 5242 eo
2084 5177 2178 5261 quod
2203 5181 2288 5245 ante
2311 5193 2395 5264 sup·

536 5329 664 5419 scripti
676 5333 785 5399 testes
796 5328 1045 5399 clarefecimus
1059 5348 1137 5418 nos,
1149 5330 1319 5417 quoniam
1330 5332 1448 5400 nante
1459 5349 1498 5398 os
1510 5349 1623 5399 annos
1634 5350 1697 5418 per
1709 5333 1839 5400 bonam
1850 5331 2152 5401 combenientiam
2164 5333 2316 5402 tradidit
2330 5351 2393 5401 no-

537 5486 592 5554 bis
608 5485 703 5554 mari
719 5485 816 5554 filius
831 5485 1011 5572 quondam
1026 5485 1136 5554 ciceri
1152 5490 1188 5554 et
1209 5489 1351 5553 amatus
1366 5487 1529 5571 nepotem
1543 5482 1622 5552 eius
1638 5483 1735 5553 tilius
1751 5485 1845 5571 petri
1862 5488 1962 5554 huna
1976 5485 2080 5572 pecia
2092 5487 2135 5554 de
2150 5491 2251 5555 terra
2266 5485 2392 5574 inqua

538 5638 640 5724 pecia
663 5643 892 5726 pastenatum
916 5638 998 5726 fuit,
1021 5644 1057 5708 et
1080 5641 1234 5707 bacuum
1249 5640 1347 5706 huno
1360 5637 1535 5724 teniente,
1550 5639 1643 5725 quod
1659 5641 1838 5707 abuerunt
1853 5637 1894 5704 in
1910 5639 2025 5707 locum
2048 5639 2170 5708 tellina
2186 5641 2321 5709 finibus
2335 5660 2392 5712 sa-

536 5790 729 5862 lernitanis
753 5793 792 5861 in
814 5797 932 5861 monte
955 5792 1018 5879 qui
1042 5791 1175 5862 dicitur
1198 5795 1400 5879 bairanum,
1424 5793 1487 5880 qui
1510 5793 1620 5861 tando
1642 5793 1901 5863 recoliixerunt
1915 5795 1962 5864 da
1977 5795 2128 5882 sessum,
2153 5795 2213 5862 cui
2238 5799 2391 5882 preteri-
