5334 7098
1262 523 1434 597 condit
1469 525 1735 598 CllVENSlS

1310 861 1650 944 DCXXVIII.

1344 1089 1400 1167 A.
1427 1088 1479 1166 D.
1507 1085 1630 1167 1010.

606 1298 643 1437 †
667 1349 873 1419 innomine
897 1347 1031 1414 domini
1056 1348 1223 1417 bicesimo
1247 1347 1362 1435 primo
1386 1366 1480 1416 anno
1505 1346 1728 1433 principatus
1758 1343 1879 1414 domni
1913 1346 2026 1413 nostri
2051 1342 2239 1432 guaimari
2268 1343 2415 1430 gloriosi

518 1543 522 1550 -
561 1499 749 1587 principis
767 1517 885 1568 mense
910 1499 1090 1586 ianuari0,
1114 1503 1240 1569 octaba
1263 1499 1470 1567 indictione.
1497 1497 1785 1566 memoratorium
1809 1497 1907 1565 lactu
1930 1515 1953 1564 a
1976 1515 2033 1563 me
2056 1496 2151 1564 maio
2175 1494 2351 1581 presbiter
2375 1501 2412 1563 et

563 1655 677 1721 abbas
707 1651 855 1721 ecclesie
879 1653 995 1722 sancti
1020 1652 1191 1739 maximi,
1216 1673 1255 1721 eo
1278 1652 1371 1738 quod
1396 1657 1480 1720 ante
1510 1650 1703 1736 subscripti
1727 1649 1919 1735 nobilibus
1943 1648 2247 1718 combenientibus
2271 1667 2412 1719 mecum

563 1805 694 1872 mulier
717 1805 860 1872 nomine
885 1805 957 1870 leni
982 1804 1095 1871 libera
1119 1803 1271 1888 semina,
1296 1821 1364 1889 que
1388 1821 1466 1869 sum
1490 1821 1580 1871 uxor
1604 1803 1753 1871 martini
1778 1802 1952 1870 famulum
1981 1799 2138 1888 predicte
2161 1799 2307 1870 ecclesie
2330 1801 2410 1870 tilia

562 1959 667 2027 basili
692 1961 806 2046 greci,
831 1978 895 2046 pro
918 1959 1048 2044 quibus
1071 1958 1171 2026 illam
1194 1958 1325 2025 iterum
1349 1957 1499 2026 sociabit
1523 1957 1591 2024 sibi
1615 1958 1733 2024 virum
1750 1956 1851 2023 modo
1874 1954 2017 2021 nomine
2041 1911 2216 2024 iohannes
2239 1955 2416 2024 famulum

562 2111 722 2198 predicte
747 2112 904 2197 ecclesie,
922 2111 1036 2178 filium
1059 2111 1165 2194 (deest
1183 2111 1335 2198 coriaco),
1354 2113 1394 2177 ut
1411 2109 1535 2177 liceret
1559 2109 1635 2195 ipsa
1660 2107 1731 2176 leni
1748 2109 1870 2177 aberet
1883 2106 1951 2174 sibi
1969 2107 2086 2174 virum
2104 2105 2219 2194 ipsum
2237 2109 2412 2176 iohannes

562 2269 599 2332 et
623 2264 687 2332 illa
710 2285 791 2332 cum
816 2265 952 2332 eumin
975 2265 1080 2332 rebus
1106 2264 1218 2348 ipsius
1240 2263 1387 2330 ecclesie
1411 2262 1581 2350 residere,
1606 2265 1641 2330 et
1667 2261 1752 2329 liliis
1775 2261 1919 2330 filiabus
1941 2260 2034 2348 quod
2057 2261 2208 2329 fecerint
2230 2262 2273 2330 de
2297 2259 2415 2346 ipsum

563 2419 750 2502 iolranneS,
768 2419 803 2482 et
819 2433 884 2482 nec
901 2433 979 2500 ege,
996 2433 1062 2480 nec
1086 2431 1182 2480 meos
1205 2431 1421 2482 successores
1445 2431 1515 2479 non
1542 2415 1728 2482 alienemus
1751 2419 1960 2500 potestatem
1983 2414 2115 2482 exinde
2139 2414 2414 2501 compreendere

558 2569 603 2636 ad
629 2587 776 2636 manum
800 2567 1026 2636 serbiendum
1050 2566 1163 2654 nobis,
1178 2570 1232 2634 set
1249 2565 1343 2632 omni
1368 2569 1524 2652 tempore
1549 2567 1672 2636 liceret
1696 2569 1768 2636 illis
1792 2570 1830 2636 in
1854 2571 1962 2637 rebus
1985 2569 2097 2655 ipsius
2113 2568 2258 2637 ecclesie
2275 2568 2411 2636 reside·

557 2741 596 2789 re
613 2726 648 2790 et
664 2720 817 2807 abitare,
832 2721 925 2788 sicut
942 2719 1043 2788 liberi
1061 2719 1252 2803 ominibus3
1267 2719 1317 2786 sic
1332 2723 1465 2806 tamen,
1480 2725 1519 2789 ut
1531 2723 1574 2789 de
1587 2727 1763 2808 quantum
1777 2723 2008 2810 laboraberit‚
2025 2741 2109 2810 pars
2129 2721 2243 2810 ipsius
2263 2722 2413 2790 ecclesie

556 2874 688 2942 exinde
712 2878 817 2942 abere
841 2876 910 2942 duc
933 2877 1050 2960 sortiS,
1075 2879 1111 2942 et
1135 2872 1207 2940 illis
1231 2892 1316 2959 una,
1342 2875 1543 2942 faciendum
1567 2877 1659 2960 quod
1685 2878 1850 2962 boluerit3
1867 2881 1903 2945 et
1926 2877 1958 2944 si
1982 2877 2158 2946 animalia
2162 2928 2416 2946 .........

560 3027 629 3114 ipsi
653 3027 718 3094 filii
743 3028 812 3112 sui,
837 3026 1004 3094 similiter
1028 3025 1174 3095 tertiam
1198 3029 1337 3110 partem
1362 3025 1445 3092 inde
1461 3025 1616 3114 tolleret,
1634 3027 1836 3094 laciendum
1861 3027 1991 3096 exinde
2014 3029 2107 3114 quod
2131 3029 2295 3098 boluerit.
2316 3029 2411 3098 unde

496 3235 500 3241 .
559 3180 682 3249 taliter
699 3180 965 3267 adimplendum
988 3179 1124 3267 guadia
1148 3179 1236 3246 milri
1262 3179 1340 3264 ipsa
1364 3177 1435 3246 leni
1459 3178 1576 3266 dedit,
1601 3199 1777 3249 unacum
1802 3201 1845 3250 ea
1868 3182 2006 3250 adesset
2036 3182 2196 3274 ademari
2221 3184 2412 3270 notarius,

559 3299 599 3400 61
619 3352 656 3400 se
680 3335 759 3418 ipsa
782 3335 899 3420 posuit
921 3333 1144 3420 mediatrice,
1170 3338 1209 3401 ut
1233 3335 1264 3400 si
1287 3330 1411 3400 taliter
1443 3333 1563 3402 omnia
1587 3335 1833 3422 suprascripta
1847 3335 2196 3424 nonadimpleberit,
2218 3343 2253 3406 et
2276 3338 2412 3424 aliquit

561 3487 692 3555 exinde
716 3489 897 3556 remobere
920 3487 1106 3573 quesierit,
1132 3503 1340 3572 componere
1363 3487 1453 3553 milri
1477 3488 1529 3553 vel
1555 3487 1601 3555 ad
1625 3508 1709 3575 pars
1733 3489 1846 3575 ipsius
1870 3489 2016 3559 ecclesie
2031 3495 2173 3560 centum
2188 3495 2269 3562 auri
2287 3493 2416 3562 solidos

561 3647 820 3730 constantinus,
844 3647 879 3710 et
903 3643 1000 3708 hunc
1025 3641 1167 3708 brebem
1191 3639 1317 3726 scripsi
1341 3659 1407 3726 ego
1431 3642 1595 3728 superius
1619 3643 1738 3712 dictus
1762 3645 1922 3714 ademari
1946 3646 2124 3714 notarius.

607 3767 638 3882 †
663 3797 738 3882 Ego
762 3795 902 3862 dauleri

606 3921 637 4036 †
663 3950 737 4035 Ego
761 3947 930 4034 grimoalt

607 4081 638 4194 †
663 4105 736 4193 Ego
760 4103 1045 4191 regemprandus
1068 4123 1125 4171 me
1150 4105 1356 4190 subscripsi.

1259 4299 1447 4308 ——.—..-——
1460 4299 1484 4305 ...
1495 4301 1698 4310 ..u-u*—

1332 4457 1624 4540 DCXXIX.

1335 4691 1389 4766 A.
1419 4687 1470 4766 D.
1499 4685 1624 4768 1010.

608 4833 645 4970 †
670 4885 709 4949 ln
733 4883 876 4950 nomine
899 4882 1033 4951 domini
1057 4899 1152 4952 anno
1175 4883 1342 4951 bicesimo
1372 4885 1487 4969 primo
1518 4883 1742 4972 principatus
1773 4885 1893 4953 domni
1917 4885 2031 4954 nostri
2054 4891 2234 4975 guaimari
2258 4893 2415 4980 glorioso

563 5040 741 5126 principe,
766 5054 886 5106 mense
910 5041 1109 5126 ianuarius,
1133 5041 1260 5108 octaba
1284 5038 1492 5106 indictione.
1517 5039 1806 5108 memoratorium
1822 5039 1918 5108 sactu
1935 5060 1957 5110 a
1973 5055 2029 5108 me
2045 5058 2127 5108 urso
2145 5041 2219 5112 tilio
2235 5048 2416 5131 quondam

561 5192 709 5279 andree,
733 5209 773 5260 eo
797 5191 889 5277 quod
912 5195 996 5260 ante
1019 5189 1208 5278 subscripti
1236 5153 1372 5258 idoneis
1395 5189 1599 5256 hominibus
1622 5190 1831 5258 coniunctus
1855 5210 1933 5259 sum
1957 5193 2003 5262 ad
2027 5195 2120 5264 bona
2143 5197 2415 5267 combenientia

561 5363 643 5414 cum
667 5350 791 5434 petrus
813 5347 891 5413 thio
913 5363 1013 5414 meus
1037 5345 1134 5414 filius
1158 5343 1308 5413 iohanni
1334 5341 1396 5428 qui
1420 5339 1539 5427 pericu
1565 5341 1720 5430 vocavit,
1745 5347 1888 5429 propter
1913 5342 1957 5411 ad
1986 5343 2216 5416 dibidendum
2242 5349 2422 5420 internos

565 5507 767 5570 terrarum
792 5498 900 5569 vinea
923 5505 959 5569 61
982 5503 1135 5568 bacuum
1160 5515 1231 5565 uno
1255 5495 1414 5565 tentente
1438 5496 1529 5582 quod
1553 5513 1736 5565 commune
1760 5501 1907 5567 abemus
1937 5499 1976 5566 in
2000 5502 2115 5570 locum
2139 5501 2260 5572 telline
2283 5505 2420 5576 finibus

564 5659 802 5747 salernitane,
826 5663 861 5725 et
883 5657 1040 5743 qualiter
1072 5658 1167 5725 inter
1191 5656 1293 5722 nobis
1323 5654 1499 5722 combenit
1522 5671 1586 5741 pro
1609 5655 1765 5723 sortione
1788 5657 1881 5742 quod
1906 5657 1981 5745 ipse
2003 5661 2127 5744 petrus
2158 5660 2285 5729 tollere
2309 5662 2418 5732 debet

559 5812 604 5880 de
627 5814 732 5880 rebus
756 5815 833 5900 ipsa
855 5819 929 5882 tam
955 5831 1018 5900 pro
1040 5831 1105 5882 sua
1129 5815 1222 5880 sorte
1228 5863 1526 5879 ...........
1552 5809 1644 5896 quod
1667 5813 1700 5881 ei
1725 5812 1882 5900 pertinet
1905 5813 1951 5884 da
1976 5832 2058 5884 urso
2081 5814 2212 5886 clerico
2235 5835 2416 5905 germano
