5310 7080
559 557 620 628 tro
1188 557 1361 629 CODEX
1397 557 1661 630 cll'xrsls

500 789 640 872 gentes,
667 790 751 852 tunc
768 787 809 852 do
828 791 999 870 quantum
1012 788 1173 870 prelium
1192 807 1213 853 a
1237 785 1369 856 nostris
1393 785 1556 872 partibus
1580 803 1644 872 pro
1660 803 1706 853 ex
1721 781 1765 852 ea
1781 781 2067 868 comparandum
2101 781 2225 849 datum
2250 779 2358 847 luerit

501 937 647 1006 tertiam
675 955 770 1024 pars,
797 936 855 1004 ille
881 956 903 1004 a
926 956 991 1004 sua
1015 941 1117 1022 parte
1141 937 1226 1006 dare
1249 937 1317 1004 due
1342 939 1462 1023 sortis,
1478 941 1513 1004 et
1530 936 1642 1007 abead
1667 933 1844 1005 maxsima
1867 937 2049 1002 certamen
2065 937 2101 1001 et
2116 929 2351 1019 inquisitione

505 1089 603 1156 inira
629 1087 732 1156 italia
756 1105 820 1173 pro
843 1107 888 1156 ex
911 1107 954 1156 ea
978 1090 1257 1175 comparandum
1280 1094 1316 1158 et
1339 1093 1426 1176 aput
1449 1108 1485 1156 se
1510 1107 1588 1158 eam
1612 1089 1759 1156 reducat
1780 1104 1870 1155 uxor
1895 1087 2083 1155 abendam.
2109 1083 2201 1171 quod
2224 1087 2254 1152 si
2272 1104 2350 1155 earn

503 1243 601 1308 illam
627 1257 835 1328 comparare
860 1241 1028 1328 noluerit,
1053 1242 1228 1330 obligabit
1250 1261 1286 1310 se
1311 1261 1517 1330 componere
1542 1245 1629 1310 mihi
1654 1243 1793 1328 meique
1809 1243 1975 1310 eredibus
1998 1241 2152 1328 triginta
2167 1241 2250 1308 auri
2266 1240 2347 1309 soli-

504 1395 567 1461 dos
591 1394 812 1462 costantinos
835 1400 871 1463 et
895 1396 933 1460 in
959 1399 1067 1463 antea
1091 1414 1153 1480 per
1173 1394 1299 1462 inbitis
1323 1394 1421 1463 illam
1439 1413 1659 1482 comparare,
1676 1401 1711 1463 et
1728 1397 1813 1481 aput
1828 1413 1864 1461 se
1881 1411 1958 1462 earn
1974 1393 2121 1462 reducat
2137 1413 2229 1461 uxor
2245 1396 2351 1462 aben-

505 1549 590 1616 dum
615 1551 652 1616 in
673 1509 883 1636 'supradicto
906 1551 1043 1636 ordine,
1070 1549 1201 1636 iscepto
1225 1552 1254 1617 si
1277 1567 1353 1618 eam
1379 1550 1477 1617 illam
1493 1549 1658 1618 inuenire
1681 1569 1751 1617 non
1769 1549 1937 1637 potuerit,
1955 1553 2019 1617 aut
2036 1549 2081 1618 ad
2098 1551 2174 1635 ipso
2189 1549 2342 1634 pretium

504 1701 603 1772 illam
636 1721 841 1790 comparare
872 1721 943 1768 non
975 1703 1147 1788 potuerit,
1181 1702 1274 1770 unde
1307 1722 1417 1771 ausus
1447 1705 1548 1770 nobis
1572 1705 1702 1772 exinde
1727 1703 1835 1770 suerit
1857 1701 1979 1769 iurare
2010 1701 2204 1769 secundum
2235 1701 2347 1788 legem

503 1859 596 1942 quod
628 1859 820 1946 diligenter
844 1877 922 1928 eam
949 1858 1049 1925 illam
1073 1875 1279 1943 comparare
1305 1855 1475 1925 noluisset
1490 1862 1525 1924 et
1541 1875 1612 1924 non
1629 1858 1814 1943 potuisset,
1832 1857 1879 1922 sit
1894 1857 2025 1924 exinde
2041 1855 2203 1923 solutura
2218 1853 2350 1922 calum·

503 2010 575 2078 niis
592 2015 627 2078 et
644 2013 762 2080 retdat
786 2010 887 2080 nobis
904 2012 979 2098 ipso
995 2013 1165 2098 pretium,
1182 2010 1274 2096 quod
1292 2027 1355 2077 nos
1378 2011 1410 2078 ei
1435 2011 1646 2078 dederimus
1674 2010 1813 2097 quodsi
1830 2010 1951 2078 taliter
1968 2007 2050 2077 illut
2066 2011 2166 2076 nobis
2184 2011 2258 2095 ipse
2273 2011 2349 2112 bal-

503 2183 625 2230 samus
642 2183 710 2230 non
730 2165 970 2252 adinpleberit
986 2168 1021 2231 et
1038 2164 1168 2250 aliquit
1184 2163 1266 2233 inde
1289 2163 1391 2230 nobis
1414 2165 1706 2250 contradixserit,
1731 2169 1817 2232 tunc
1841 2183 1902 2250 per
1927 2165 2004 2249 ipsa
2030 2163 2148 2230 wadia
2172 2163 2345 2248 obligabit

504 2332 541 2378 se
570 2333 779 2402 componere
803 2318 894 2384 mihi
918 2318 1058 2404 meique
1083 2319 1269 2404 aradibus,
1295 2322 1357 2386 aut
1381 2316 1438 2384 cui
1464 2317 1606 2383 brebem
1632 2317 1697 2383 iste
1715 2316 1753 2380 in
1770 2334 1915 2384 manum
1932 2317 2095 2401 paruerit
2118 2315 2354 2400 causandum,

505 2465 637 2551 big-inti
655 2471 736 2534 auri
762 2469 890 2536 solidos
913 2471 1155 2538 antistantinos
1171 2473 1207 2536 et
1232 2471 1267 2536 in
1294 2475 1400 2536 antea
1424 2469 1505 2537 illut
1535 2467 1637 2535 nobis
1663 2469 1860 2555 adinplere3
1887 2469 1980 2536 unde
2003 2488 2125 2536 omnes
2148 2467 2354 2554 supradicte

500 2617 625 2687 wadia
659 2624 751 2706 quod
782 2624 884 2691 nobis
914 2624 989 2710 ipse
1020 2622 1200 2690 balsamus
1231 2621 1341 2709 dedit,
1372 2622 1604 2690 mediatorem
1636 2622 1767 2690 exinde
1790 2623 1906 2708 posuit
1928 2624 2088 2692 maraldo
2113 2623 2233 2694 filiurn
2260 2623 2351 2688 idem

503 2775 671 2862 moraldi,
695 2781 731 2842 et
757 2796 826 2844 unc
852 2779 994 2845 brebem
1019 2776 1162 2862 scripsit
1187 2795 1251 2862 ego
1275 2774 1443 2841 roderissi
1468 2773 1628 2842 notarius
1652 2775 1714 2858 qui
1739 2775 1913 2844 interfuit.

547 2905 576 3020 †
603 2953 668 3018 ego
693 2933 879 3016 iaquintus
902 2931 1077 3017 presbiter

547 3055 577 3170 †
603 3101 668 3167 epo
693 3081 887 3149 rnirandus

1363 3628 1520 3711 DCX.

1282 3855 1336 3932 A.
1366 3853 1416 3931 D.
1446 3853 1574 3935 1008.

550 4099 648 4237 †ln
673 4152 815 4216 nominc
840 4147 972 4214 domini
998 4146 1163 4213 uicesimo
1187 4163 1281 4214 anno
1304 4147 1532 4234 principatus
1562 4150 1679 4216 domni
1713 4150 1826 4217 nostri
1857 4148 2051 4237 guaimarii
2076 4149 2229 4236 glorioso
2252 4149 2353 4235 prin·

504 4325 604 4393 repS,
630 4321 750 4372 mense
775 4303 975 4389 nobember,
1000 4301 1152 4386 septima
1175 4301 1381 4370 indictione.
1407 4301 1696 4370 Memoratorium
1713 4303 1846 4370 lactum
1862 4323 1884 4370 a
1901 4304 2002 4370 nobis
2019 4303 2260 4371 macheholfus
2276 4323 2356 4390 pre-

499 4461 611 4528 sbiter
636 4458 732 4526 filius
756 4455 898 4544 granati
926 4460 961 4524 et
984 4459 1105 4542 petrus
1129 4455 1281 4522 clericus
1304 4455 1399 4522 filius
1424 4457 1586 4542 iohanni,
1611 4473 1651 4523 eo
1674 4455 1766 4540 quod
1790 4457 1874 4522 ante
1901 4458 2080 4541 presentia
2104 4455 2239 4525 maioni
2265 4476 2352 4542 pre-

504 4613 630 4680 sbiteri
655 4616 690 4679 et
713 4611 832 4680 abbati
857 4610 1003 4678 ecclesie
1028 4612 1143 4677 sancti
1170 4607 1320 4677 maximi
1345 4628 1408 4695 per
1433 4627 1524 4677 rona
1547 4607 1808 4676 combenientia
1832 4626 1894 4693 per
1919 4607 2109 4695 largietate
2136 4610 2248 4697 ipsius
2272 4631 2349 4680 ma-

505 4765 579 4832 ioni
603 4764 790 4851 presbiteri
814 4769 849 4831 et
873 4763 1031 4848 abbatis,
1056 4765 1091 4829 et
1115 4782 1188 4829 una
1217 4759 1319 4826 nobis
1349 4761 1486 4828 adesset
1515 4761 1715 4828 romoaldus
1745 4779 1880 4846 comeo,
1912 4763 1974 4847 qui
2005 4767 2058 4829 est
2089 4763 2285 4830 dominium
2311 4769 2348 4832 et

506 4919 749 4986 adbocatorem
778 4919 889 5004 ipsius
913 4915 1072 5001 ecclesie,
1097 4914 1141 4984 ad
1165 4913 1423 5008 pastenandum
1446 4914 1658 4983 tradidimus
1675 4917 1831 4983 maranci
1851 4917 2039 5001 presbiteri
2055 4918 2098 4985 de
2113 4919 2227 4984 locuni
2245 4938 2350 4986 mun-

505 5079 585 5140 toru
610 5071 684 5138 filio
706 5071 797 5157 petri
821 5089 894 5138 una
917 5070 1018 5156 pecia
1041 5068 1084 5134 de
1107 5073 1205 5136 terra
1227 5084 1308 5133 cum
1332 5066 1529 5152 aliquantis
1553 5068 1728 5136 castaneis
1752 5073 1787 5136 et
1803 5087 1954 5136 vacuum
1970 5089 2039 5137 uno
2064 5073 2235 5157 tentante,
2255 5073 2350 5158 quod

508 5229 545 5292 in
572 5227 781 5296 beneficium
806 5231 966 5294 tenemus
990 5245 1012 5294 a
1036 5243 1120 5313 pars
1143 5223 1256 5310 ipsius
1279 5221 1427 5290 ecclesie
1451 5221 1489 5286 in
1515 5221 1629 5288 locum
1654 5225 1836 5306 muntoru,
1854 5224 1913 5289 ubi
1939 5223 2110 5292 misciano
2127 5225 2273 5310 dicitur,
2290 5245 2355 5313 per

474 5395 478 5404 '
505 5403 545 5451 ec
570 5382 653 5448 linis
676 5386 712 5448 et
735 5383 933 5448 mensurie:
959 5380 1001 5446 de
1025 5395 1130 5464 super
1154 5376 1272 5461 capite
1295 5378 1366 5444 flne
1390 5375 1449 5443 via
1474 5377 1630 5462 puplica,
1655 5381 1739 5444 sunt
1762 5377 1893 5445 exinde
1917 5379 2012 5465 passi
2038 5377 2169 5464 biginti
2196 5399 2282 5448 sex:
2307 5381 2354 5450 de

506 5536 580 5604 alia
604 5539 707 5622 parte
730 5533 896 5601 similiter
920 5535 990 5600 fine
1014 5533 1088 5615 via,
1113 5534 1148 5597 et
1173 5529 1256 5596 inde
1272 5533 1356 5596 sunt
1378 5532 1471 5616 passi
1497 5530 1675 5615 tridecim3
1694 5536 1729 5598 et
1753 5531 1955 5599 rebolbente
1971 5551 2034 5618 per
2051 5533 2122 5600 fine
2148 5533 2260 5619 ipsius
2278 5554 2354 5602 ma·

506 5651 608 5757 ranei
625 5695 660 5758 et
676 5692 718 5758 de
735 5687 918 5776 germanis
942 5687 1031 5772 eius,
1056 5686 1150 5753 sicut
1164 5685 1300 5752 termiti
1325 5683 1547 5770 discernunt,
1565 5683 1646 5753 inde
1663 5689 1747 5752 sunt
1763 5687 1858 5771 passi
1876 5685 2006 5773 biginti
2026 5705 2150 5773 unum3
2170 5693 2205 5757 et
2223 5691 2357 5759 iterum

513 5843 715 5910 rebolbente
740 5863 802 5928 per
828 5843 897 5909 fine
922 5841 1034 5926 ipsius
1058 5839 1222 5906 maranci
1248 5837 1434 5924 presbiteri
1458 5841 1494 5905 et
1518 5837 1560 5903 de
1586 5837 1652 5922 ipsi
1685 5836 1866 5923 germanis
1896 5841 1998 5925 eius,
2023 5840 2116 5908 sicut
2147 5841 2279 5909 termiti
2305 5843 2362 5911 di-
