5376 7104
593 563 665 638 250
1242 563 1416 638 GODEX
1440 561 1706 636 CAVENSIS

545 804 611 857 sex
635 787 757 856 minus
780 788 905 876 pedem
928 807 1054 878 unum,
1077 794 1195 858 totum
1218 789 1264 860 ad
1289 789 1382 858 iusto
1404 806 1549 875 passum
1570 787 1700 856 ominis
1723 789 1995 873 mensuratum
2018 804 2058 854 ee
2089 787 2173 854 bero
2205 772 2424 871 rebus'p'er'

547 939 717 1010 iamdicte
740 941 823 1010 finis
845 945 883 1010 et
904 943 1086 1011 mensurio
1109 945 1223 1011 totum
1245 945 1282 1010 et
1304 940 1470 1010 inolitum
1493 939 1575 1008 illut
1599 936 1710 1006 miehi
1733 937 1780 1007 ad
1803 937 1997 1006 tenendum
2013 939 2049 1006 et
2066 935 2301 1005 laborandum
2323 939 2400 1004 tra·

546 1089 654 1182 didit,
678 1093 743 1164 tali
769 1095 944 1182 ordinem,
969 1099 1010 1164 ut
1033 1094 1157 1162 amodo
1179 1097 1215 1163 ot
1237 1094 1334 1162 omni
1357 1097 1515 1182 tempore
1540 1091 1646 1162 liceat
1669 1111 1726 1161 me
1750 1095 1786 1160 et
1817 1089 1905 1159 meis
1934 1087 2099 1160 eredibus
2129 1087 2259 1160 inolita
2291 1091 2400 1156 rebus

547 1245 629 1334 ipsa
654 1265 718 1334 per
743 1245 915 1317 iamdicte
937 1247 1021 1316 finis
1044 1251 1081 1316 et
1104 1247 1284 1316 mensurie
1307 1251 1428 1316 nostre
1451 1247 1637 1334 potestatis
1660 1249 1784 1314 tenere
1807 1248 1844 1313 et
1869 1244 2046 1331 laborare,
2070 1247 2106 1311 et
2129 1244 2250 1312 fobeas
2273 1244 2309 1310 et
2326 1259 2401 1308 om-

548 1400 607 1468 nis
631 1373 755 1468 nostra
777 1399 971 1470 utilitatem
994 1420 1058 1489 per
1082 1399 1261 1470 rationem
1284 1399 1416 1468 ibidem
1440 1401 1582 1485 iacere,
1605 1402 1642 1467 et
1665 1401 1743 1467 aeto
1767 1401 1924 1484 tempore
1947 1397 2096 1466 arbusto
2119 1395 2196 1482 ipso
2219 1398 2400 1483 potemus,

550 1529 851 1643 propaginemuS,
876 1559 912 1624 et
935 1557 1110 1625 oultemus
1133 1555 1177 1624 de
1200 1575 1306 1642 super
1329 1559 1365 1622 et
1388 1555 1431 1624 de
1454 1559 1587 1642 supter,
1611 1559 1660 1641 et,
1684 1551 1743 1622 ubi
1769 1553 1955 1640 meruerit,
1983 1551 2129 1622 arbores
2153 1553 2189 1618 et
2213 1550 2307 1617 bites
2331 1519 2404 1618 ibi-

550 1705 631 1774 dem
656 1707 873 1796 plantemus,
898 1714 933 1777 et
956 1713 1069 1778 totum
1092 1727 1151 1778 eos
1175 1707 1375 1777 laboremus
1398 1712 1434 1776 et
1458 1706 1648 1794 cultemuS,
1672 1708 1767 1776 sieut
1791 1706 1888 1774 loeus
1911 1704 1986 1791 ipse
2010 1703 2205 1792 meruerit,
2230 1707 2270 1772 ut
2293 1703 2404 1790 proti-

547 1859 622 1929 oiat
644 1865 681 1929 et
703 1861 748 1930 ad
772 1861 1007 1931 ultamentum
1024 1862 1051 1946 ¹)
1074 1862 1278 1950 perbeniat,
1304 1866 1341 1930 et
1363 1865 1477 1950 totum
1502 1861 1591 1926 bene
1614 1862 1742 1945 pareat
1764 1857 1965 1926 laboratum
1989 1861 2025 1924 et
2048 1856 2238 1942 cultatum,
2262 1861 2298 1924 et
2321 1860 2403 1924 acto

547 1977 708 2100 tempore
732 2016 879 2082 arbusto
903 2015 979 2101 ipso
1004 2014 1275 2100 bindemiemus;
1300 2018 1336 2083 et
1357 2031 1419 2100 per
1435 2017 1592 2098 tempore
1608 2011 1651 2080 de
1668 2013 1847 2080 bindemie
1864 2011 2039 2082 iaciamus
2054 2011 2148 2080 seire
2169 2012 2284 2099 ipsum
2310 2013 2405 2082 maio

546 2171 585 2235 et
611 2166 692 2236 eius
717 2167 840 2237 eredes
862 2184 927 2254 pro
949 2168 1029 2255 ipsa
1051 2185 1117 2236 sua
1141 2167 1332 2235 sortionem
1348 2167 1391 2234 de
1407 2169 1483 2253 ipso
1499 2165 1622 2234 binum
1639 2165 1898 2253 recipiendum,
1915 2170 1951 2234 et
1965 2171 2142 2253 quantum
2165 2168 2293 2236 binum
2318 2165 2404 2237 inde

549 2321 753 2408 fecerimus,
777 2324 890 2389 totum
914 2319 996 2388 illut
1019 2319 1178 2389 dibidere
1201 2319 1386 2388 nobiscum
1410 2323 1445 2388 et
1470 2339 1549 2388 oum
1573 2321 1706 2388 nostris
1722 2321 1887 2389 eredibus
1904 2321 2037 2390 ibidem
2054 2322 2093 2388 in
2109 2321 2186 2409 ipso
2211 2321 2330 2389 locum
2354 2323 2403 2391 ad

551 2473 773 2560 palmentum
795 2491 858 2559 per
882 2471 1049 2539 medium:
1075 2490 1140 2539 nos
1163 2477 1199 2540 et
1222 2471 1354 2540 nostris
1377 2471 1541 2540 eredibus
1564 2473 1731 2542 tollamus
1756 2471 1839 2542 inde
1863 2473 1991 2542 inolita
2014 2473 2255 2559 medietatem,
2281 2477 2317 2541 et
2342 2475 2404 2542 ille

548 2633 585 2695 et
608 2644 690 2695 suos
712 2626 833 2696 eredes
855 2627 958 2695 tollat
973 2626 1051 2713 ipsa
1076 2625 1150 2695 alia
1173 2627 1414 2711 medietatem,
1439 2632 1475 2696 et
1500 2626 1560 2694 ille
1584 2629 1620 2695 et
1643 2643 1726 2694 suos
1748 2625 1871 2694 eredes
1895 2627 1982 2696 dare
2006 2603 2107 2694 nobis
2132 2644 2308 2714 organea,
2338 2629 2402 2696 ubi

552 2779 631 2868 ipsa
655 2781 731 2849 eius
755 2783 911 2850 sortione
934 2781 977 2847 de
1001 2783 1076 2866 ipso
1105 2781 1230 2846 binum
1254 2799 1426 2867 reponere
1450 2799 1652 2869 possamuS,
1686 2785 1721 2850 et
1746 2800 1809 2849 nos
1833 2785 1869 2849 et
1892 2779 2025 2848 nostris
2050 2781 2215 2848 eredibus
2241 2798 2405 2868 organea

555 2933 635 3021 ipsa
659 2937 873 3023 conciemus,
897 2937 991 3005 sicut
1016 2937 1201 3023 meruerit,
1227 2940 1262 3018 et
1285 2952 1498 3023 reponamus
1528 2953 1587 3002 eos
1612 2934 1651 3001 in
1675 2953 1760 3003 oasa
1783 2939 1907 3014 nostra
1931 2935 2024 3021 quod
2048 2933 2095 3000 ibi
2122 2931 2345 3020 abuerimus,
2369 2937 2406 3000 et

554 3087 634 3173 ipsa
657 3087 736 3155 eius
761 3090 917 3156 sortione
940 3088 983 3156 de
1008 3087 1084 3174 ipso
1107 3089 1231 3156 binum
1248 3086 1378 3154 ibidem
1394 3087 1536 3156 mittere
1553 3091 1589 3156 et
1605 3087 1743 3156 salbum
1768 3089 1850 3157 illut
1874 3088 2049 3158 iaciamus
2065 3106 2128 3173 per
2145 3104 2270 3155 omnes
2294 3084 2403 3171 bioes,

555 3261 668 3331 usque
698 3244 782 3313 dum
812 3244 987 3312 direxerit
1016 3243 1078 3311 ille
1101 3248 1137 3312 et
1159 3241 1237 3310 eius
1260 3243 1402 3326 eredes,
1427 3247 1462 3310 et
1492 3243 1574 3310 illut
1602 3244 1734 3312 exinde
1757 3245 1881 3314 tollere
1904 3241 2035 3329 faeiat,
2061 3245 2181 3328 soepto
2204 3241 2403 3328 degenera-

554 3396 653 3463 tione
676 3397 820 3483 puplioa
843 3401 880 3463 et
901 3397 944 3464 de
968 3397 1052 3482 igne
1076 3395 1170 3463 etde
1188 3411 1318 3478 mures;
1342 3397 1392 3478 et,
1408 3393 1518 3460 donee
1543 3393 1674 3462 ibidem
1697 3395 1838 3463 steterit
1861 3396 1937 3480 ipse
1957 3411 2049 3480 omo,
2067 3393 2160 3479 quod
2177 3391 2238 3459 ille
2262 3395 2296 3459 et
2322 3391 2399 3460 eius

553 3549 677 3619 eredes
699 3551 833 3618 ibidem
856 3549 984 3635 dirigit
1006 3569 1070 3637 pro
1097 3549 1176 3634 ipsa
1200 3548 1275 3615 eius
1299 3548 1492 3616 sortionem
1515 3549 1558 3617 de
1583 3550 1656 3638 ipso
1681 3551 1806 3618 binum
1830 3549 2101 3637 recepiendum,
2129 3554 2168 3616 ut
2192 3565 2256 3615 nos
2278 3553 2314 3615 et
2338 3566 2400 3614 no-

554 3704 641 3772 stris
656 3703 821 3772 eredibus
854 3703 954 3771 illum
978 3701 1197 3770 nutricemus
1221 3702 1416 3770 seeundum
1440 3707 1599 3772 nostram
1622 3702 1908 3791 possibilitatem,
1933 3707 1969 3772 et
1991 3707 2125 3790 quante
2150 3703 2231 3769 nooi
2255 3707 2291 3770 et
2315 3720 2401 3790 pera

559 3853 643 3924 inde
667 3855 916 3924 collexerimus
939 3856 1166 3942 annualiter,
1191 3853 1313 3922 demus
1335 3855 1370 3922 ei
1393 3855 1477 3924 inde
1500 3855 1746 3945 medietatem,
1770 3859 1807 3922 et
1830 3856 2057 3925 medietatem
2079 3857 2182 3924 nobis
2206 3855 2400 3940 abeamus,

554 4007 658 4075 etde
681 4026 751 4095 que
773 4009 978 4080 annualiter
1018 4008 1059 4077 in
1082 4010 1161 4097 ipsa
1184 4013 1289 4080 rebus
1313 4008 1629 4096 seminaberimuS,
1656 3969 1779 4076 demus
1803 4009 1836 4077 ei
1861 4007 1944 4076 inde
1966 4007 2179 4076 terraticum
2202 4009 2400 4078 seeundum

553 4161 851 4230 consuetudinem
881 4162 924 4234 de
954 4162 1030 4251 ipso
1054 4163 1195 4249 looum3
1225 4164 1318 4232 unde
1346 4181 1409 4250 per
1438 4165 1530 4230 bona
1560 4161 1860 4232 combenientiam
1886 4164 2022 4258 guadia
2053 4163 2162 4230 michi
2195 4161 2271 4248 ipse
2304 4159 2427 4230 maio·

557 4313 657 4385 dedit
680 4319 717 4384 et
741 4313 972 4384 mediatorem
1002 4315 1113 4384 michi
1144 4315 1262 4402 posuit
1289 4315 1423 4383 sillieto
1454 4315 1569 4383 filium
1598 4317 1744 4403 andree;
1775 4322 1811 4386 et
1827 4335 1897 4404 per
1920 4276 2045 4386 eadem
2067 4315 2202 4402 guadio
2224 4313 2423 4402 obligabit·-

555 4487 597 4538 se
620 4471 656 4537 et
677 4486 758 4538 suos
781 4468 902 4539 eredes
926 4468 1050 4538 amodo
1073 4471 1109 4535 et
1131 4469 1229 4537 omni
1251 4473 1408 4557 tempore
1432 4470 1617 4540 defensare
1640 4469 1750 4537 michi
1781 4469 1920 4555 meique
1950 4449 2116 4538 eredibus
2141 4466 2269 4537 inolita
2293 4469 2399 4534 rebus
2426 4473 2429 4482 '

559 4623 637 4710 ipsa
671 4640 735 4710 per
774 4621 943 4692 iamdicte
976 4621 1061 4690 finis
1089 4625 1126 4691 et
1156 4622 1336 4692 mensurie
1368 4629 1449 4690 oum
1481 4624 1558 4692 bioe
1591 4623 1634 4690 de
1666 4621 1726 4692 bia
1764 4639 1831 4691 sua
1860 4621 1907 4692 da
1929 4622 2045 4689 omnis
2068 4619 2205 4688 omines
2237 4619 2405 4707 omnique

560 4777 753 4865 partibus,
785 4781 821 4845 et
850 4777 932 4846 illut
955 4779 1058 4845 nobis
1080 4779 1204 4846 tollere
1226 4780 1289 4846 aut
1311 4781 1477 4845 contrane
1500 4793 1572 4843 non
1596 4779 1753 4865 querat3
1784 4779 1820 4844 et
1850 4776 1955 4861 quale
1985 4779 2143 4862 tempore
2165 4789 2230 4842 nos
2253 4777 2318 4844 aut
2344 4791 2406 4844 no·

560 4935 647 5004 stris
669 4933 834 5002 eredibus
857 4933 963 5003 r'ebus
986 4932 1064 5023 ipsa
1087 4937 1212 5002 tenere
1240 4939 1276 5003 et
1299 4933 1463 5003 laborare
1493 4933 1743 5019 noluerimus,
1776 4932 1885 5001 lieeat
1917 4949 1981 4999 nos
2012 4936 2048 5002 et
2080 4931 2213 4999 nostris
2238 4931 2406 5001 eredibus

562 5085 648 5155 inde
670 5085 772 5154 exire
794 5103 877 5153 eum
899 5085 1014 5152 omnis
1036 5089 1161 5153 nostru
1183 5083 1277 5153 iusto
1300 5085 1551 5175 conquisitum,
1576 5093 1611 5156 et
1634 5086 1762 5156 inolita
1794 5085 1900 5152 rebus
1933 5083 2011 5172 ipsa
2033 5101 2098 5172 per
2121 5084 2292 5153 iamdicte
2323 5083 2406 5153 finis

557 5243 598 5308 et
632 5238 812 5306 mensurie
841 5239 1001 5308 robertes
1031 5237 1076 5308 ad
1105 5240 1280 5324 potestate
1303 5237 1425 5326 ‚ipsius
1456 5239 1591 5308 maioni
1626 5244 1662 5309 et
1691 5239 1734 5308 de
1765 5239 1843 5309 eius
1874 5239 2023 5325 eredes,
2054 5247 2090 5308 et
2119 5255 2183 5307 nos
2212 5247 2248 5309 et
2277 5235 2422 5310 nostris'

560 5392 731 5464 eredibus
757 5391 859 5462 nulla
883 5393 1076 5462 sortionem
1100 5391 1183 5462 inde
1206 5393 1329 5462 tollere
1358 5411 1561 5479 queramus:
1585 5397 1724 5462 tantum
1749 5393 1853 5460 rebus
1877 5393 1955 5479 ipsa
1979 5393 2142 5461 laborata
2172 5397 2208 5462 et
2235 5393 2406 5464 cultatam

605 5861 628 5942 ¹)
651 5861 694 5926 ud
715 5861 929 5925 ultumentum
945 5862 1131 5943 perbeatot,
1156 5863 1255 5938 idest,
1278 5881 1387 5928 omnes
1409 5871 1516 5928 terroe
1538 5861 1659 5926 labores
1681 5877 1722 5925 eo
1743 5862 1832 5924 omni
1849 5869 1947 5941 purte
1964 5860 2196 5943 perficiantur.
2323 5854 2328 5860 ’
