5310 7080
980 512 1390 588 DlPLOMATlCUS
1999 515 2068 588 125

262 760 327 814 sua
352 738 547 810 traditione
571 739 611 806 in
635 736 838 825 integrum,
861 739 959 808 velut
982 739 1198 828 prelegitur,
1222 758 1361 808 mecum
1384 744 1447 810 aut
1470 759 1553 808 oum
1576 741 1665 810 meis
1687 741 1853 810 aradibus
1877 757 2026 809 causare
2049 744 2115 809 aut

261 893 476 965 contendere
495 889 780 980 presumpserint
803 911 867 979 per
889 890 1051 978 qualibet
1073 891 1268 980 rationem,
1292 892 1480 961 volendum
1503 893 1606 960 nobis
1635 891 1766 962 exinde
1798 892 1938 978 aliquit·
1962 891 2115 980 tollere,

263 1053 328 1120 aut
351 1051 532 1132 contrane,
554 1046 611 1115 vel
634 1045 814 1133 minuare,
839 1049 902 1115 aut
924 1047 955 1114 si
979 1063 1034 1132 oc,
1058 1045 1151 1130 quod
1174 1045 1340 1134 superius
1363 1042 1510 1132 legitur,
1535 1041 1666 1129 aliquit
1690 1044 1820 1112 exinde
1843 1051 2029 1114 retornare
2053 1048 2117 1114 aut

264 1203 448 1271 remobens
471 1199 665 1286 quesierit,
690 1199 767 1267 ideo
790 1203 873 1266 ante
896 1198 1017 1265 omnia
1047 1197 1168 1265 decem
1191 1198 1293 1265 aurei
1318 1196 1422 1263 solidi
1445 1196 1666 1265 constantini
1690 1214 1728 1263 se
1751 1196 1897 1283 suisque
1920 1197 2114 1266 heredibus

265 1355 376 1422 michi
400 1353 542 1440 meique
565 1352 756 1420 heredibus
779 1367 988 1436 componere
1011 1349 1197 1436 obligabit,
1224 1349 1278 1416 vel
1302 1348 1401 1416 illius
1426 1350 1564 1418 homini
1579 1348 1641 1436 qui
1658 1368 1728 1417 unc
1745 1352 1919 1438 scriptum
1934 1370 1999 1439 pro
2014 1357 2117 1440 parte

266 1511 387 1576 nostra
411 1509 560 1576 beorum
583 1507 623 1574 in
646 1505 891 1573 causationem
915 1504 1128 1590 ostenderit,
1152 1508 1188 1572 et
1212 1502 1251 1570 in
1274 1508 1381 1573 antea
1403 1504 1499 1570 omni
1525 1509 1682 1592 tempore
1705 1505 1837 1574 exinde
1862 1506 2035 1575 adversus
2051 1525 2117 1576 nos

266 1679 328 1748 per
352 1661 478 1731 inbitis
500 1661 604 1731 vacui
620 1664 656 1730 et
671 1659 793 1728 tacitis
808 1662 1048 1745 permaneret.
1065 1659 1324 1727 Verumtamen
1340 1661 1377 1727 et
1393 1662 1487 1727 sorte
1504 1660 1596 1746 ipsa,
1612 1659 1768 1746 qualiter
1783 1660 1948 1746 superius
1966 1659 2118 1747 legitur,

264 1815 362 1882 omni
386 1818 546 1900 tempore
570 1814 739 1882 adversus
764 1830 825 1880 vos
848 1812 953 1880 firma
977 1811 1211 1896 stabilemque
1234 1816 1469 1898 permaneant
1493 1830 1556 1898 per
1579 1811 1703 1880 eadem
1726 1813 1887 1900 obligata
1910 1830 2015 1901 pena.
2044 1816 2119 1902 Ego

262 1966 450 2051 laquintus
475 1965 627 2034 clericus
650 1969 686 2031 et
710 1965 872 2031 notarius
895 1961 1072 2031 interluit.
1101 1965 1228 2030 Actum
1253 1965 1327 2032 loco
1351 1968 1622 2050 monte-aperto.

309 2094 339 2208 †
363 2122 438 2208 Ego
461 2119 613 2206 angelus
636 2119 811 2205 presbiter

309 2247 338 2363 †
363 2278 437 2364 Ego
462 2277 628 2364 iaquintu
651 2277 827 2363 presbiter

1092 2793 1275 2872 merx.
1345 2755 1353 2770 ’

1040 3053 1095 3131 Α.
1124 3051 1174 3130 D.
1205 3033 1339 3132 1008ss

312 3293 346 3432 †
373 3347 411 3411 ln
438 3346 582 3413 nomine
614 3344 749 3413 domini
782 3344 948 3413 bicesimo
972 3361 1067 3412 anno
1091 3341 1317 3428 principatus
1340 3342 1460 3409 domni
1485 3343 1597 3409 nostri
1622 3341 1819 3428 guaimarii
1843 3342 1997 3430 glorioso
2021 3344 2120 3430 prin-

269 3499 359 3587 cipe,
384 3517 505 3568 mense
528 3501 733 3586 nobember,
757 3501 909 3586 septima
932 3497 1139 3565 indictione.
1166 3499 1454 3565 memoratorium
1478 3497 1575 3564 factu
1598 3515 1620 3564 a
1645 3513 1700 3562 me
1725 3496 1814 3565 falco
1837 3497 1911 3564 filio
1941 3497 2117 3582 maraldi,

266 3669 306 3718 eo
337 3653 431 3740 quod
455 3657 541 3722 ante
564 3653 755 3740 subscripti
778 3656 885 3721 testes
908 3671 972 3740 per
996 3655 1089 3720 bona
1111 3651 1373 3720 oombenientia
1395 3650 1513 3718 wadia
1528 3648 1618 3716 milri
1635 3647 1732 3716 dedit
1756 3650 1915 3718 balsamo
1938 3669 2001 3737 per
2019 3652 2119 3720 abso-

268 3804 408 3875 lutione
434 3808 589 3878 riinardi
613 3807 771 3895 genitori
795 3826 859 3874 suo
881 3807 947 3874 tali
971 3806 1115 3892 ordine,
1141 3809 1180 3871 ut
1203 3805 1326 3874 tollere
1352 3801 1512 3892 legitima
1536 3822 1647 3872 uxore
1671 3821 1814 3891 gemma
1838 3823 1957 3874 sorore
1981 3825 2060 3876 mea
2083 3811 2119 3874 et

267 3960 338 4030 alia
360 3960 437 4029 dies
461 3963 671 4049 nuptiarum
694 3961 796 4031 daret
819 3961 853 4030 ei
870 3963 1011 4029 firmum
1037 3959 1227 4046 iscriptum
1251 3959 1514 4046 morgincaput,
1531 3958 1622 4044 quod
1637 3960 1692 4025 est
1707 3961 1877 4045 quartam
1893 3980 1977 4046 pars
1993 3961 2036 4029 de
2052 3980 2119 4031 sua

265 4115 485 4202 substantia,
509 4114 602 4182 sicut
627 4115 728 4182 modo
752 4116 805 4182 est
829 4113 889 4183 lex
911 4119 947 4182 et
970 4111 1186 4180 consuetudo
1209 4113 1338 4180 ominis
1361 4110 1589 4198 langobardi,
1614 4111 1687 4180 alia
1710 4111 1787 4180 dies
1802 4113 2012 4199 nuptiarum
2030 4115 2118 4184 dan-

266 4267 348 4335 dum
373 4268 418 4337 ad
443 4287 546 4337 suam
571 4285 734 4353 uxorem;
761 4266 854 4355 quod
870 4266 899 4333 si
917 4265 991 4335 alia
1007 4265 1082 4332 dies
1106 4264 1314 4352 nuptiarum
1338 4265 1456 4350 ipsum
1481 4265 1669 4353 iscriptum
1686 4267 1799 4353 ipsius
1822 4267 1935 4334 sorori
1952 4285 2028 4334 mee
2047 4285 2120 4338 non

273 4419 423 4506 dederit,
449 4420 504 4487 vel
529 4420 559 4486 si
583 4438 663 4487 eam
687 4418 851 4505 legitima
868 4436 956 4486 uxor
973 4418 1096 4486 tollere
1121 4419 1290 4506 noluerit,
1306 4419 1482 4506 obligabit
1498 4439 1535 4488 se
1551 4437 1760 4504 componere
1776 4421 1864 4487 mihi
1884 4422 2024 4507 meique
2043 4441 2119 4491 ere-

267 4573 371 4640 dibus
396 4579 541 4642 centum
565 4575 646 4642 auri
670 4573 797 4642 solidos
820 4575 1053 4660 costantinoS,
1069 4577 1106 4641 et
1121 4594 1183 4661 per
1208 4573 1333 4640 inbitis
1348 4591 1428 4640 eam
1442 4571 1605 4658 legitima
1630 4589 1777 4641 uxorem
1791 4575 1930 4660 tollere,
1948 4582 1985 4644 et
2001 4577 2117 4663 ipsum

268 4729 456 4816 iscriptum
479 4727 733 4814 morgincaput
757 4728 790 4795 ei
813 4731 915 4815 dare,
939 4733 975 4797 et
999 4729 1131 4795 iniuste
1155 4729 1188 4793 ei
1214 4744 1284 4792 non
1309 4728 1438 4810 facere,
1463 4730 1499 4793 et
1523 4728 1613 4794 bene
1636 4745 1716 4794 eam
1740 4730 1848 4797 abere
1872 4733 1909 4795 et
1932 4731 2048 4800 colere
2065 4751 2118 4801 se-

268 4881 431 4948 cundum
454 4899 556 4948 suam
580 4881 830 4966 possibilitate;
855 4887 890 4947 et
914 4881 945 4948 si
970 4882 1100 4948 iniuste
1124 4881 1155 4946 ei
1180 4883 1296 4951 ‘facere
1320 4883 1564 4968 presumserit,
1590 4887 1625 4950 et
1641 4883 1673 4948 si
1690 4903 1712 4951 a
1728 4901 1792 4950 nos
1816 4883 1979 4969 pulsatus
1995 4887 2119 4973 luerit,

272 5037 307 5100 et
331 5052 440 5102 ausus
464 5033 594 5102 exinde
618 5052 690 5099 non
714 5035 824 5102 suerit
848 5031 968 5102 iurare
993 5053 1072 5100 cum
1097 5033 1172 5101 suis
1195 5033 1405 5120 parentibus
1428 5037 1621 5105 secundum
1654 5039 1790 5126 legem,
1816 5041 1877 5106 ubi
1901 5057 1965 5107 nos
1988 5042 2041 5108 eis
2063 5061 2121 5108 er-

270 5188 413 5274 bangeli
439 5192 569 5276 parata
592 5189 809 5263 abuerimus‚
837 5207 900 5274 per
923 5205 1045 5255 omnes
1068 5187 1164 5254 bioes
1187 5205 1394 5276 componere
1419 5189 1508 5256 mihi
1524 5191 1665 5277 meique
1690 5191 1870 5278 eredibus,
1885 5196 1949 5260 aut
1963 5193 2021 5259 oui
2043 5196 2121 5263 bre-

271 5341 349 5410 bem
375 5344 446 5409 iste
471 5343 511 5409 in
537 5361 684 5410 manum
716 5345 877 5430 paruerit
901 5342 1140 5428 causandum,
1165 5341 1429 5428 quinquaginta
1453 5344 1534 5410 auri
1559 5346 1687 5413 solidos
1718 5345 1982 5432 constantinos,
2005 5351 2042 5416 et
2057 5367 2120 5435 per

269 5494 396 5564 inbitis
420 5515 499 5564 eam
523 5497 612 5563 bene
637 5500 746 5567 abere
768 5505 803 5566 et
825 5498 940 5566 colere
963 5498 1157 5566 secundum
1173 5515 1274 5565 suam
1295 5497 1587 5587 possibilitatem,
1603 5501 1795 5586 pingnera,
1812 5519 1880 5586 que
1897 5501 2027 5570 exinde
2043 5503 2121 5590 pin-

274 5655 431 5735 gnerata
455 5649 579 5736 fuerit,
603 5651 735 5737 absque
759 5653 902 5720 iustitia
926 5653 1127 5721 retdantur.
1152 5657 1187 5720 et
1211 5672 1274 5740 per
1297 5653 1418 5722 eadem
1444 5654 1564 5723 wadia
1587 5653 1763 5740 obligabit
1785 5673 1821 5721 se
1845 5653 1911 5722 tali
1925 5656 2063 5745 ordine,
2083 5663 2122 5726 ut

269 5801 300 5868 si
332 5803 412 5889 ipsa
445 5818 563 5872 sorore
595 5823 674 5873 mea
708 5808 796 5893 aput
828 5808 930 5874 illum
960 5811 1057 5876 foras
1089 5807 1271 5876 cibitatem
1294 5806 1350 5876 vel
1373 5805 1535 5875 casstello
1560 5807 1751 5892 depredata
1775 5803 1883 5876 fuerit
1906 5827 1969 5895 per
1993 5811 2122 5900 quabis
