5334 7098
618 518 687 588 168
1256 521 1427 594 conix
1462 520 1726 594 cnvubsls

569 745 625 809 ter
649 746 731 827 apto
756 745 912 828 tempore
934 763 1019 829 pars
1042 747 1198 830 predicte
1223 747 1408 832 hecclesie,
1432 751 1473 817 ut
1496 747 1695 835 dirigamus
1718 744 1804 814 illuc
1827 742 1972 811 missum
1994 741 2171 825 nostrum,
2188 740 2223 805 et
2246 733 2321 804 illis
2345 739 2412 804 tote

568 893 645 977 ipse
668 893 843 981 abellane,
868 899 902 962 et
925 895 1063 984 insites‚
1087 901 1123 964 et
1146 895 1311 966 ruviliole
1334 898 1503 985 colligere
1519 901 1556 967 et
1572 899 1733 982 seckare,
1749 897 1785 965 et
1799 893 1947 978 hibique
1964 890 2024 959 ille
2039 888 2211 957 dividere:
2236 905 2321 974 pars
2336 905 2413 973 pre-

570 1043 665 1114 dicte
688 1044 860 1114 hecclesie
890 1047 1020 1116 tollant
1051 1048 1094 1116 de
1124 1053 1195 1118 tote
1225 1051 1301 1137 ipse
1332 1050 1494 1118 abellane
1524 1049 1651 1117 inclita
1673 1049 1818 1115 tertiam
1840 1047 2000 1132 partem,
2032 1045 2068 1109 et
2101 1039 2175 1107 illis
2204 1039 2272 1108 due
2295 1040 2413 1128 sortis,

569 1202 605 1265 et
628 1198 671 1266 de
693 1197 769 1284 ipse
792 1177 1013 1268 ruviliole'et
1037 1199 1170 1267 inserte
1194 1198 1322 1268 tollant
1344 1219 1428 1288 pars
1451 1200 1608 1287 predicte
1625 1202 1745 1268 nostre
1760 1195 1932 1266 hecclesIe
1949 1194 2237 1280 medietatem,et
2253 1192 2327 1260 illis
2342 1211 2412 1262 me·

570 1349 754 1434 dietatem;
778 1353 812 1417 et
840 1348 883 1418 de
906 1354 1040 1435 quante
1063 1354 1228 1420 castanee
1251 1355 1286 1420 et
1310 1352 1473 1421 ruviliole
1495 1357 1530 1421 et
1554 1355 1688 1422 inserte
1704 1353 1829 1422 amodo
1851 1353 1897 1421 de
1919 1355 1998 1440 ipsa
2013 1353 2120 1420 rebus
2143 1347 2268 1417 tollere
2291 1349 2411 1434 potue·

571 1501 635 1586 rit,
654 1500 778 1568 amodo
794 1505 829 1569 et
844 1519 982 1588 semper
1005 1502 1229 1572 medietatem
1254 1502 1336 1571 inde
1359 1503 1405 1571 ad
1427 1521 1510 1590 pars
1533 1503 1690 1590 predicte
1713 1503 1884 1572 hecclesie
1908 1506 2014 1572 secke
2036 1502 2112 1570 hibi
2135 1501 2258 1588 deant3
2272 1501 2416 1568 missum

573 1670 671 1738 rere,
690 1653 782 1738 quod
798 1672 883 1740 pars
898 1653 1057 1740 predicte
1072 1654 1244 1722 hecclesie
1266 1655 1343 1721 hibi
1366 1655 1552 1742 direxerit,
1576 1655 1649 1724 illis
1663 1675 1744 1724 eum
1761 1655 1928 1724 nutriant
1943 1655 2136 1724 secundum
2153 1671 2255 1722 suam
2271 1652 2416 1740 possivi-

575 1804 731 1894 litatem,
743 1807 853 1875 donec
865 1827 930 1894 pro
943 1807 1018 1895 ipse
1032 1807 1169 1896 insites‚
1186 1813 1222 1877 et
1236 1809 1414 1896 abellam,
1429 1814 1465 1878 et
1481 1809 1659 1896 ruviliole,
1676 1827 1738 1878 seu
1753 1813 1920 1880 castanee
1933 1807 2129 1876 tollendum
2146 1812 2181 1875 et
2199 1805 2420 1894 vigilandum

575 1961 650 2028 hibi
671 1961 832 2044 steterit3
857 1964 893 2029 et
915 1960 958 2027 de
981 1960 1072 2045 quod
1098 1961 1221 2028 amodo
1245 1966 1280 2031 et
1303 1980 1439 2048 semper
1456 1961 1531 2028 hibi
1555 1963 1770 2030 seminatum
1785 1963 1909 2047 fuerit,
1925 1960 2035 2030 deant
2050 1961 2133 2029 inde
2150 1961 2362 2029 terraticum
2376 1957 2418 2028 ad

575 2131 660 2200 pars
676 2111 834 2198 predicte
858 2111 1030 2179 hecclesie
1046 2111 1236 2180 secundum
1252 2111 1542 2180 consuetudinem
1556 2113 1600 2181 de
1615 2113 1691 2200 ipso
1709 2115 1837 2200 locum;
1852 2115 1888 2180 et
1903 2112 2008 2198 quale
2023 2129 2107 2198 pars
2123 2130 2171 2180 ex
2184 2112 2270 2198 ipsis
2286 2110 2334 2179 da
2354 2111 2418 2198 ipsi

576 2271 654 2334 octo
678 2266 717 2332 in
741 2271 847 2334 antea
869 2267 976 2334 rebus
999 2265 1077 2352 ipsa
1100 2266 1138 2332 in
1162 2266 1364 2352 supradicto
1388 2267 1513 2336 ordine
1535 2273 1660 2337 tenere
1682 2272 1718 2336 et
1734 2269 1899 2336 laborare
1914 2265 2109 2352 noluerint,
2127 2264 2234 2334 liceat
2250 2263 2324 2332 illis
2341 2263 2420 2332 inde

576 2419 694 2503 exire,
718 2423 755 2486 et
778 2417 903 2486 inclita
925 2421 1033 2486 rebus
1057 2421 1135 2505 ipsa
1158 2420 1314 2505 perlecta
1337 2419 1498 2488 laborata
1514 2420 1550 2485 et
1566 2421 1713 2504 operata
1729 2416 1901 2485 remidtat
1916 2415 1962 2484 ad
1977 2417 2150 2503 potestate
2166 2415 2326 2502 predicte
2342 2418 2421 2484 hec·

575 2573 704 2660 clesie;
727 2591 788 2640 seu
813 2577 848 2639 01
870 2573 935 2638 hoc
959 2573 1058 2640 stetit
1083 2571 1177 2639 inter
1201 2589 1277 2655 nos,
1302 2577 1342 2639 ut
1356 2572 1398 2638 de
1416 2571 1483 2658 ipsi
1509 2571 1642 2658 arbori,
1666 2571 1836 2657 quomodo
1853 2569 1892 2636 in
1908 2570 1986 2658 ipsa
2002 2573 2108 2639 rebus
2124 2575 2224 2657 sunt,
2241 2569 2273 2637 si
2289 2571 2420 2638 exinde

576 2725 770 2794 absciderit
792 2726 828 2792 et
852 2723 981 2810 aliquit
1004 2725 1142 2794 labores
1166 2724 1248 2791 inde
1273 2723 1436 2810 fecerint,
1461 2725 1650 2794 medietate
1665 2726 1708 2794 de
1725 2726 1842 2812 ipsum
1866 2726 2032 2812 laborem,
2057 2727 2150 2813 quod
2174 2726 2217 2794 de
2235 2724 2305 2813 ipsi
2323 2727 2423 2795 arbo·

581 2877 681 2945 ribus
704 2877 868 2962 fecerint,
894 2876 939 2945 ad
962 2895 1046 2962 pars
1070 2878 1226 2963 predicte
1249 2876 1422 2944 hecclesie
1445 2875 1529 2944 inde
1552 2876 1671 2944 deant.
1697 2876 1739 2944 de
1763 2896 1833 2964 qua
1855 2897 1918 2966 per
1948 2896 2040 2948 vona
2070 2877 2335 2948 combenientia
2358 2897 2418 2966 per

579 3034 693 3118 ipsius
716 3032 811 3100 leoni
837 3032 992 3119 genitori
1016 3049 1077 3099 suo
1100 3031 1354 3100 absolutionem
1371 3029 1504 3118 guadio
1519 3029 1626 3097 michi
1645 3029 1830 3119 dederunt,
1842 3036 1877 3100 et
1889 3033 2083 3100 mediatore
2097 3033 2207 3101 michi
2223 3039 2419 3132 posuerunt

581 3187 768 3272 laquintus
791 3185 939 3254 cositore
957 3186 982 3267 ³)
1005 3185 1100 3252 filius
1123 3183 1267 3268 quidam
1291 3185 1458 3271 iohanni;
1474 3191 1510 3255 et
1524 3205 1587 3272 per
1602 3189 1725 3258 eadem
1741 3188 1875 3276 guadia
1889 3192 1953 3258 010.
1971 3159 2120 3257 8101010
2135 3189 2250 3256 oculta
2264 3191 2422 3274 triptota

583 3342 777 3410 solidorum
800 3343 886 3406 ouri
900 3341 1286 3410 constantinianorum.
1304 3339 1348 3406 Et
1363 3340 1458 3407 hunc
1473 3341 1615 3408 brebem
1631 3341 1755 3428 scripsi
1778 3358 1843 3428 ego
1858 3339 2021 3427 superius
2036 3339 2230 3410 roderisius
2246 3339 2422 3410 notarius.

626 3467 657 3583 †
683 3495 758 3580 Ego
780 3493 981 3562 romoaldus
1004 3492 1183 3562 castaldus

628 3621 659 3736 †
684 3648 759 3733 Ego
774 3647 960 3733 laquintus
983 3649 1147 3715 notarius
1169 3665 1225 3715 me
1248 3647 1442 3732 subscripsi

629 3775 661 3889 †
685 3803 761 3890 Ego
783 3801 968 3872 dauferius
990 3801 1153 3870 notarius
1176 3820 1231 3868 me
1255 3801 1447 3884 subscripsi

629 3929 660 4044 †
686 3955 759 4042 Ego
782 3955 970 4023 radoaldus
992 3955 1157 4024 notarius
1180 3973 1236 4020 me
1259 3951 1464 4036 subscripsi.

1281 4205 1717 4220 -υ--α--ι-ῡ

1330 4497 1675 4582 DCXXXVI.

1363 4760 1417 4839 A.
1445 4758 1497 4837 D.
1525 4756 1646 4840 1010.

633 5005 669 5144 †
693 5053 900 5124 10000100
923 5053 1057 5122 domini
1080 5069 1175 5121 anno
1198 5051 1364 5121 bicesimo
1388 5051 1540 5121 secundo
1562 5052 1786 5141 principatus
1810 5053 1931 5123 domni
1947 5053 2058 5124 nostri
2075 5055 2257 5144 guaimari
2276 5056 2435 5144 glorioso

586 5205 765 5298 principe,
790 5223 911 5278 mense
935 5207 1136 5293 nobember,
1160 5222 1255 5276 nona
1269 5205 1478 5275 indictione.
1496 5207 1784 5276 Memoratorium
1799 5207 1896 5280 sactu
1912 5227 1934 5279 a
1951 5226 2008 5278 me
2024 5227 2146 5280 amore
2162 5209 2237 5278 tilio
2252 5211 2433 5299 quondam

585 5364 695 5452 petri,
718 5381 759 5432 eo
782 5362 875 5450 quod
898 5363 937 5430 in
961 5361 1077 5426 locum
1100 5359 1244 5427 nucerie
1268 5363 1352 5427 ante
1376 5360 1557 5444 presentia
1579 5359 1715 5432 maioni
1737 5361 1929 5449 presbiteri
1952 5365 1989 5433 et
2005 5363 2127 5434 abbati
2145 5363 2298 5438 ecclesie
2315 5364 2433 5436 sancti

631 5803 655 5884 1)
676 5802 821 5874 conitere,
845 5799 931 5881 apud
952 5797 1086 5876 vulgum
1109 5799 1203 5858 sonat
1225 5791 1313 5855 idem
1336 5811 1373 5856 ac
1396 5793 1585 5857 vestiarius.
