5310 7080
1009 576 1412 650 blllronn'lldbs
2029 581 2093 650 loo

294 803 406 872 lerno.
433 820 499 888 ego
522 803 664 870 alchoin
688 803 851 868 notarius
883 822 938 871 me
962 803 1165 890 subscripsi.
1198 821 1264 889 ego
1296 800 1558 887 ragenprando.
1589 818 1656 886 ego
1679 800 1934 886 gaideuardus.
1968 823 2074 889 quarn
2104 811 2140 875 et

294 955 448 1022 hostedit
474 955 548 1040 ipse
572 954 747 1023 madelmo
770 975 843 1023 una
866 957 1007 1025 cartula
1031 955 1279 1022 bicariationis
1302 955 1562 1022 continentem:
1588 953 1740 1020 secundo
1772 973 1867 1023 anno
1894 956 2013 1024 domni
2039 977 2141 1027 man-

293 1105 370 1172 soni
395 1108 431 1172 et
454 1105 574 1172 domni
600 1108 749 1174 iohanni
773 1105 966 1194 principes,
983 1122 1104 1173 mense
1129 1105 1251 1190 iulius
1268 1105 1456 1173 undecima
1480 1105 1687 1174 indictione.
1707 1107 1859 1174 radecisi
1876 1109 1937 1193 qui
1956 1110 2138 1182 maraldus

294 1256 449 1343 bocabit,
467 1255 562 1322 filius
577 1255 795 1343 iannelgari,
812 1275 876 1342 pro
891 1257 967 1323 vice
984 1276 1122 1342 gemme
1138 1275 1227 1324 nure
1244 1275 1307 1322 sue
1322 1256 1397 1324 tilia
1414 1258 1567 1326 maraldi
1585 1259 1811 1344 clarificabit,
1837 1262 2007 1345 quoniam
2025 1261 2140 1348 ipsius

286 1413 432 1483 mulieri
457 1413 600 1479 nomino
624 1430 766 1498 gemma
790 1430 883 1480 nura
906 1432 971 1480 sua
996 1413 1097 1479 abuit
1120 1415 1226 1479 rebus
1259 1414 1297 1478 in
1322 1412 1436 1481 locum
1461 1416 1698 1500 transbenege
1733 1419 1768 1482 et
1791 1434 1853 1500 per
1877 1416 1959 1484 aliis
1985 1417 2069 1484 locis
2094 1418 2137 1486 de

286 1566 405 1634 eodem
431 1566 517 1652 loce,
542 1565 782 1651 pertinentem
806 1564 838 1631 ei
865 1583 926 1650 per
950 1565 1072 1633 datum
1099 1565 1210 1651 ipsius
1234 1564 1426 1651 rodelghisi
1453 1565 1643 1651 presbiteri
1668 1565 1729 1652 qui
1755 1585 1854 1634 sasso
1879 1569 2035 1654 bocabit,
2059 1567 2136 1636 thio

284 1737 360 1805 sue,
393 1718 486 1785 sicut
515 1720 552 1784 in
576 1737 615 1785 ec
639 1718 810 1804 scripturn
843 1716 959 1803 ipsum
990 1717 1192 1786 testamenti
1226 1717 1400 1803 continet,
1426 1735 1531 1802 quem
1556 1720 1721 1804 germani
1746 1718 1824 1788 eius
1848 1719 1915 1786 filii
1940 1720 2138 1807 supradicti

285 1871 435 1942 maraldi
460 1877 547 1958 aput
570 1890 606 1938 se
629 1873 807 1939 abuerunt
831 1891 911 1938 cum
935 1872 1052 1958 ipsum
1077 1872 1251 1940 madelmo
1274 1872 1486 1938 consobrino
1511 1871 1623 1940 tratre
1650 1871 1794 1939 illorum
1818 1873 1892 1940 filio
1916 1874 2085 1960 iaquinti,
2101 1881 2137 1942 et

285 2027 377 2094 sicut
401 2027 516 2112 ipsius
547 2024 698 2093 radecisi
723 2043 919 2110 congruum
954 2026 1042 2112 suit,
1069 2045 1131 2112 pro
1156 2025 1232 2092 vice
1256 2026 1298 2092 de
1331 2027 1409 2111 ipsa
1442 2043 1534 2094 nura
1564 2044 1630 2093 sua
1654 2028 1689 2092 et
1713 2025 1755 2093 de
1780 2025 1998 2095 infantulum
2022 2027 2137 2094 filium

284 2197 386 2245 suum
409 2180 552 2246 nomine
576 2178 763 2265 iohannes²
788 2179 1037 2246 bicariationis
1062 2179 1212 2247 hordine
1235 2179 1383 2247 tradidit
1408 2177 1487 2263 risi,
1505 2183 1541 2245 et
1558 2178 1725 2264 roderici,
1743 2183 1779 2245 et
1804 2180 1971 2267 maraldi,
1997 2185 2032 2248 et
2057 2199 2134 2245 mu-

282 2331 386 2399 sandi
409 2330 574 2418 germani
597 2331 664 2396 filii
689 2330 885 2417 supradicti
910 2330 1075 2418 maraldi‚
1100 2335 1135 2398 et
1159 2331 1322 2399 madelmi
1348 2329 1420 2396 filio
1445 2329 1600 2416 iaquinti
1624 2335 1699 2398 tota
1714 2335 1749 2398 et
1766 2331 1893 2399 inclita
1910 2331 1989 2419 ipsa
2006 2334 2131 2417 rebus,

283 2483 434 2569 qualiter
458 2503 521 2570 per
546 2485 662 2570 ipsum
688 2485 860 2572 scriptum
885 2485 1087 2553 testamenti
1112 2485 1157 2552 ad
1182 2483 1260 2570 ipsa
1284 2502 1376 2551 nura
1400 2503 1464 2551 sua
1487 2483 1556 2549 fuit
1580 2486 1616 2552 et
1640 2488 1718 2550 erat
1742 2485 1985 2571 pertinentes,
2012 2487 2057 2552 ad
2082 2487 2098 2552 s
2119 2523 2134 2534 -

281 2635 443 2705 ciendum
467 2638 559 2722 quod
583 2637 760 2720 boluerit‚
786 2638 880 2704 sicut
904 2638 941 2702 in
966 2637 1044 2723 ipsa
1068 2639 1208 2706 cartula
1232 2639 1414 2706 continet:
1441 2638 1510 2725 ipsi
1536 2639 1601 2704 filii
1628 2638 1778 2706 maraldi
1812 2639 2067 2724 medietatem,
2095 2643 2131 2704 et

280 2793 354 2877 ipse
378 2792 551 2859 madelmo
576 2797 611 2859 et
635 2811 715 2859 suos
740 2793 861 2860 eredes
885 2793 1124 2878 medietatem,
1147 2799 1182 2859 ot
1208 2795 1392 2877 receperat
1416 2796 1487 2860 hab
1512 2791 1584 2859 illis
1605 2813 1676 2861 una
1699 2792 1859 2860 clusuria
1876 2793 1917 2860 de
1935 2799 2032 2862 terra
2047 2815 2126 2861 curn

282 2947 386 3014 binea
408 2951 443 3014 et
467 2947 654 3014 arboribus
677 2953 712 3013 et
736 2949 908 3034 pomifera
932 2965 996 3014 sua
1022 2949 1058 3012 in
1083 2947 1158 3033 ipso
1183 2948 1297 3014 locum
1323 2964 1386 3033 pro
1410 2948 1485 3013 rice
1509 2947 1551 3012 de
1576 2947 1654 3034 ipsa
1678 2963 1773 3014 nura
1796 2951 1831 3014 et
1847 2953 1970 3033 nepote
1986 2967 2049 3015 suo
2065 2967 2127 3034 per

280 3099 361 3166 finis
378 3101 420 3166 'et
445 3099 637 3168 mensuria:
663 3102 734 3167 hab
758 3097 940 3165 occidente
962 3099 1033 3166 fine
1059 3099 1220 3186 illorum,
1246 3100 1328 3166 inde
1353 3102 1448 3185 passi
1472 3099 1681 3186 octuaginta
1706 3105 1789 3167 tres:
1816 3122 1838 3168 a
1863 3103 2128 3186 septemtrionis

280 3252 349 3318 tine
372 3253 447 3338 bia,
472 3253 554 3319 inde
578 3253 672 3338 passi
696 3251 826 3339 biginti
851 3253 988 3318 nobem:
1014 3256 1059 3320 ab
1083 3255 1235 3321 orientis
1259 3255 1330 3320 fine
1356 3255 1511 3337 illorum,
1528 3258 1563 3320 et
1589 3253 1670 3319 inde
1694 3256 1778 3319 sunt
1801 3255 1894 3338 passi
1918 3257 2128 3342 octuaginta

277 3405 465 3491 quadtuor:
491 3411 528 3474 et
551 3427 574 3474 a
598 3409 746 3476 meridie
770 3405 936 3473 similiter
961 3407 1031 3473 fine
1056 3406 1212 3492 illorum,
1237 3411 1273 3474 et
1298 3407 1380 3473 inde
1403 3412 1487 3473 sunt
1510 3407 1606 3492 passi
1625 3407 1867 3493 quadraginta
1892 3411 2016 3495 u‘num,
2034 3414 2127 3478 etin

279 3559 433 3626 medium
449 3565 533 3626 sunt
548 3579 610 3646 per
626 3560 777 3627 latitudo
800 3560 895 3646 passi
913 3559 1065 3646 triginta
1082 3567 1170 3628 octo:
1190 3562 1325 3647 scripta
1340 3583 1402 3648 per
1421 3563 1620 3630 romoaldus
1644 3564 1819 3649 notarius,
1836 3575 1871 3629 et
1890 3563 2020 3631 ibidem
2036 3565 2124 3633 scri-

275 3713 324 3797 pti
349 3718 470 3798 petrus
493 3719 527 3780 et
551 3711 734 3782 lademari.
759 3734 825 3801 ego
850 3715 1051 3782 teudericus
1067 3735 1122 3782 me
1139 3717 1332 3802 subscripsi
1357 3720 1392 3782 et
1415 3718 1622 3786 madelmus.
1639 3725 1675 3783 et
1690 3718 1785 3783 inter
1810 3716 2006 3786 monimina
2030 3719 2124 3804 quod

275 3867 339 3953 ipsi
364 3872 479 3936 mater
503 3872 538 3936 et
561 3867 635 3935 filio
659 3869 901 3957 hostederunt,
927 3871 1130 3937 inbenimus
1154 3890 1227 3938 una
1249 3869 1657 3937 cartulacontinentenr:
1676 3870 1872 3938 innomine
1896 3871 2029 3938 domini
2056 3871 2122 3939 tri-

273 4019 400 4086 cesimo
424 4019 576 4112 septimo
601 4038 697 4088 anno
720 4020 946 4108 principatus
963 4020 1080 4088 domni
1106 4021 1219 4089 nostri
1243 4021 1387 4108 paldolfi
1409 4021 1554 4109 gloriosi
1578 4021 1764 4109 principis,
1789 4029 1824 4090 et
1847 4026 2000 4092 secundo
2025 4045 2121 4094 anno

271 4171 346 4238 eius
368 4175 516 4260 salerni,
541 4179 577 4242 et
600 4178 703 4243 sexto
727 4195 821 4244 anno
845 4175 1069 4262 principatus
1092 4175 1212 4240 domni
1235 4172 1379 4259 paldolll
1395 4173 1472 4238 eius
1487 4172 1573 4258 filie,
1592 4191 1710 4240 mense
1730 4176 1862 4260 aprelis
1886 4179 2038 4246 hoctaba
2066 4177 2121 4247 in-

268 4325 434 4395 dictione.
461 4329 609 4415 ideoque
633 4349 698 4416 ego
723 4329 919 4398 madelmus
942 4329 1037 4394 filius
1061 4328 1237 4413 quondam
1263 4327 1440 4412 iaquinti‚
1467 4327 1561 4394 siout
1584 4327 1674 4394 mihi
1698 4344 1894 4414 congruum
1920 4335 2000 4417 est,
2026 4335 2119 4402 bona

267 4499 344 4550 mea
369 4477 565 4547 bolumtate
589 4499 653 4566 per
677 4499 745 4548 anc
768 4477 946 4547 cartulam
970 4480 1060 4546 dono
1084 4479 1199 4564 adque
1228 4478 1380 4544 concedo
1404 4481 1501 4548 vobis
1524 4479 1738 4564 inperatisse
1763 4486 1798 4548 et
1820 4483 1916 4568 sergi
1941 4484 2018 4550 viro
2042 4487 2116 4573 tue,

266 4633 329 4718 qui
354 4639 409 4700 est
432 4651 626 4720 germanus
651 4635 686 4699 et
709 4637 882 4720 cognatus
908 4638 1043 4720 noster,
1066 4637 1232 4719 quartam
1257 4639 1393 4719 partem
1424 4635 1466 4702 de
1495 4633 1659 4703 omnibns
1685 4639 1790 4705 rebus
1814 4641 1849 4704 et
1872 4638 1979 4724 casis,
2004 4659 2118 4725 quan-

266 4788 339 4851 tum
364 4789 568 4872 quantoque
591 4783 663 4851 fuit
686 4785 879 4871 supradicti
906 4785 1060 4870 iaquinti
1083 4786 1239 4871 genitori
1264 4791 1403 4874 nostro,
1429 4791 1499 4856 tam
1523 4807 1631 4874 quam
1655 4789 1783 4856 habuit
1807 4789 1904 4858 intus
1929 4811 1998 4860 ane
2024 4793 2115 4860 cibi-

265 4942 403 5022 tatem,
428 4957 489 5005 seu
514 4939 609 5005 foras
632 4939 843 5025 ubicumque
866 4940 909 5005 de
933 4942 1037 5006 rebus
1062 4939 1175 5025 ipsius
1199 4939 1354 5024 genitori
1387 4944 1529 5026 nostre,
1560 4940 1635 5006 sibe
1667 4941 1705 5007 in
1730 4943 1907 5011 montibus
1940 4966 2049 5032 quarn
2080 4954 2115 5018 et

261 5090 378 5176 planis
388 5140 398 5178 ‚
422 5111 503 5158 cum
528 5091 611 5159 finis
634 5098 669 5160 et
693 5095 816 5161 biebus
833 5094 922 5181 suis,
939 5114 1020 5159 cum
1044 5111 1221 5179 aquarum
1238 5093 1385 5159 busibus
1401 5096 1436 5160 et
1452 5093 1650 5162 monimina
1667 5093 1819 5181 indeque
1836 5100 2112 5191 pertinentibus

259 5245 301 5311 de
326 5247 391 5312 hec
416 5247 531 5311 totum
557 5244 685 5313 inclita
709 5250 875 5332 quartam
899 5251 1038 5332 partem
1070 5245 1170 5313 robis
1201 5246 1376 5313 nominati
1402 5248 1617 5332 inperatisse
1651 5251 1686 5314 et
1709 5251 1805 5336 sergi
1830 5253 1974 5336 cognati
2001 5259 2110 5323 nostri

259 5398 485 5484 donabimus,
511 5399 556 5466 ad
581 5400 753 5466 securiter
778 5405 813 5466 et
836 5399 988 5467 firmiter
1012 5401 1134 5467 amodo
1158 5405 1194 5468 et
1218 5421 1354 5487 semper
1379 5421 1439 5467 vos
1454 5403 1628 5471 nominati
1653 5404 1721 5472 viri
1746 5410 1780 5471 et
1805 5425 1894 5472 uxor
1919 5410 1955 5473 et
1984 5411 2110 5477 uestris

258 5551 423 5620 eredibns
446 5551 529 5620 illut
552 5553 743 5640 abendum,
767 5553 1040 5642 dominandum,
1064 5553 1326 5643 possidendum,
1350 5557 1470 5626 omnia
1493 5558 1623 5627 exinde
1646 5559 1846 5628 laciendum
1870 5561 1962 5645 quod
1988 5563 2111 5635 bolus-

261 5700 353 5769 ritis.
379 5705 417 5769 et
439 5721 505 5788 pro
527 5704 808 5775 confirmandam
831 5710 867 5774 et
899 5707 1188 5776 stabiliscendam
1212 5728 1280 5777 anc
1304 5713 1428 5778 nostra
1451 5709 1678 5778 donationem
1703 5713 1751 5780 ha
1774 5713 1950 5798 presentis
1975 5717 2110 5805 recepi-

264 5868 385 5924 musa
410 5874 484 5944 vos,
500 5857 693 5926 secundum
718 5859 847 5948 legem,
873 5859 1048 5948 launegilt
1072 5864 1238 5932 cammiso
1263 5882 1386 5949 unum,
1403 5863 1495 5932 sicut
1520 5867 1614 5934 iuter
1639 5881 1701 5931 nos
1725 5867 1913 5935 combenit:
1940 5870 2109 5956 finitoque
