5318 7102
617 521 664 596 38
872 521 874 526 ’
965 524 969 534 “
1319 523 1682 600 elrlrutlulu

618 743 759 816 loreum
785 769 855 819 non
882 746 994 834 detur,
1023 757 1057 819 et
1082 770 1185 820 nemo
1212 755 1354 843 cogatur
1380 747 1420 819 ad
1447 753 1588 843 pontem
1615 747 1678 835 ire,
1699 745 1758 819 ubi
1777 747 1868 820 iusta
1894 755 1997 842 ponte
2024 768 2111 840 aqua
2137 754 2346 819 transmeare
2366 767 2424 840 po·

615 911 707 988 test,
736 903 855 998 etqui
882 905 1030 978 ulterius
1056 905 1091 976 in
1116 905 1243 978 talibus
1269 905 1368 993 locis,
1405 905 1460 978 vel
1486 905 1529 976 de
1555 905 1609 978 his
1636 907 1694 1002 qui
1721 904 1761 978 ad
1788 859 1953 1001 palatium
1978 903 2034 976 vel
2062 903 2096 974 iu
2123 911 2234 976 ostem
2261 911 2420 998 pergunt,

613 1060 814 1135 theloneum
841 1065 1074 1138 eructaverint
1099 1086 1178 1137 cum
1197 1083 1259 1138 sua
1272 1065 1399 1160 Iegem,
1428 1066 1541 1162 ipsum
1559 1064 1760 1138 theloneum
1779 1065 1900 1138 reddat
1917 1071 1952 1136 et
1968 1063 2120 1137 bannum
2138 1071 2310 1148 nostrum,
2332 1060 2422 1134 idest

615 1241 659 1292 nv
684 1224 816 1296 solidos
843 1233 1026 1320 componat
1051 1226 1088 1318 ¹).

565 1379 605 1452 Si
632 1381 710 1475 quis
735 1385 911 1479 proprium
938 1393 1108 1471 nostrum,
1125 1383 1216 1477 quod
1234 1383 1440 1455 investitura
1465 1381 1612 1478 genitori
1640 1383 1750 1455 nostri
1776 1381 1855 1468 luit,
1884 1380 1990 1453 alicui
2017 1381 2195 1475 quaerenti
2214 1378 2417 1466 reddiderit,

578 1533 579 1538 ¹
614 1542 690 1614 sine
717 1549 833 1616 nostra
860 1543 1014 1615 iussione
1041 1543 1147 1615 alium
1173 1550 1307 1616 tantum
1332 1541 1432 1614 nobis
1458 1542 1617 1614 restituat
1641 1539 1683 1612 de
1709 1563 1772 1612 suo
1802 1539 1940 1636 proprio
1975 1563 2055 1613 cum
2088 1562 2186 1612 suam
2220 1537 2359 1632 legem,
2387 1545 2421 1610 et

615 1702 826 1795 quicumque
853 1702 912 1774 illa
938 1702 1088 1775 scienter
1114 1727 1174 1798 per
1200 1702 1329 1774 malum
1356 1700 1535 1796 ingenium
1563 1699 1746 1792 adquirere
1771 1697 1992 1794 temptaverit
2017 1721 2078 1793 pro
2105 1696 2245 1770 inlidele
2269 1705 2365 1770 tatur
2380 1697 2417 1792 ²),

614 1861 696 1953 quia
722 1867 977 1932 sacramentum
1004 1859 1177 1932 fidelilatis
1195 1860 1287 1953 quod
1306 1859 1406 1930 nobis
1432 1859 1602 1954 promisit,
1631 1857 1769 1930 irritum
1796 1858 1892 1942 lecit,
1920 1865 1954 1929 et
1972 1857 2051 1929 ideo
2069 1856 2285 1931 saecundum
2303 1863 2421 1930 nostra

615 2019 793 2093 voluntate
819 1973 1101 2092 disiudieandum
1127 2027 1180 2092 est
1204 2019 1242 2114 ⁸).

565 2179 603 2252 Si
630 2175 707 2272 quis
733 2203 878 2275 puerum
903 2185 1061 2274 parentes
1086 2178 1289 2268 totonderit,
1322 2179 1362 2250 ad
1390 2178 1504 2274 puella
1530 2179 1689 2251 venerint
1714 2180 1754 2276 ⁸),
1785 2179 1896 2276 legem
1922 2200 2019 2250 suam
2046 2179 2082 2250 in
2109 2178 2211 2275 triplo
2237 2186 2422 2274 componat

541 2358 544 2365 ·
616 2349 676 2412 aut
703 2340 816 2434 ipsum
842 2362 1008 2434 puerum,
1036 2337 1091 2410 vel
1118 2337 1252 2432 puelle,
1282 2337 1311 2409 si
1337 2337 1406 2410 iam
1442 2362 1503 2410 sue
1529 2339 1686 2434 potestati
1713 2347 1811 2426 sunt,
1848 2347 1906 2411 aut
1939 2337 1998 2410 ille
2030 2341 2065 2410 iu
2092 2339 2191 2412 cuius
2218 2345 2420 2434 potestatem

616 2497 768 2582 luerint,
806 2495 864 2567 ille
891 2518 973 2567 vero
998 2501 1201 2590 potestatem
1228 2493 1375 2568 babeant
1400 2497 1502 2591 capiti
1529 2521 1590 2570 suo
1618 2498 1652 2568 iu
1678 2497 1764 2569 talia
1790 2499 1859 2571 vita
1893 2520 2115 2594 permanere,
2152 2496 2263 2594 qualis
2292 2497 2324 2567 ei
2351 2497 2422 2592 pla·

614 2655 729 2727 cuerit
756 2657 794 2750 ⁵).

563 2819 602 2890 Si
631 2819 825 2914 uraucippia
851 2843 869 2889 a
896 2809 1035 2890 domino
1061 2843 1123 2890 suo
1150 2817 1294 2912 lugierit
1327 2820 1363 2890 in
1390 2820 1502 2892 aliena
1528 2829 1720 2918 potestate,
1755 2833 1793 2896 ut
1826 2832 1962 2920 propter
1992 2823 2057 2897 hoc
2088 2822 2226 2924 nullum¹
2250 2821 2421 2917 premium

614 2979 761 3075 accipiat
786 2980 859 3066 ille,
880 2979 916 3049 in
936 2981 1035 3051 cuius
1064 2985 1232 3074 potestate
1257 2978 1387 3050 luerint
1413 2978 1554 3054 inventa
1580 3007 1640 3078 pro
1667 3007 1720 3072 eo,
1750 2984 1841 3076 quod
1867 2985 1899 3053 ei
1925 2982 2127 3068 reddiderit,
2157 2982 2211 3054 uel
2239 2979 2331 3053 loras
2349 2982 2421 3052 eie-

615 3139 715 3226 cerit,
744 3147 778 3212 et
804 3164 872 3212 non
899 3138 1012 3212 solum
1038 3138 1116 3226 hoe,
1144 3141 1334 3212 sedetiam
1361 3141 1388 3210 si
1415 3164 1456 3212 ea
1481 3164 1546 3213 nec
1573 3142 1730 3229 reddere,
1754 3166 1824 3214 neo
1856 3144 1948 3214 Ioras
1975 3142 2088 3214 eicere
2115 3139 2279 3226 voluerit,
2309 3123 2343 3211 et
2369 3139 2419 3209 le-

617 3300 739 3394 gitimo
765 3300 905 3372 domino
931 3324 1006 3372 eam
1033 3300 1290 3384 contradixerit,
1318 3309 1353 3372 et
1378 3301 1457 3372 inde
1484 3301 1543 3373 illa
1570 3309 1688 3395 postea
1707 3298 1865 3396 effugerit
1883 3299 2078 3374 seeundum
2097 3299 2210 3394 legem
2228 3320 2269 3369 ea
2287 3297 2420 3371 solvere

622 3468 766 3554 cogatur
790 3463 829 3555 ⁶).

570 3618 792 3712 Quicumque
818 3627 910 3694 terra
936 3620 1129 3708 tributaria,
1159 3621 1249 3693 unde
1275 3619 1404 3692 tributa
1423 3620 1464 3693 ad
1483 3628 1614 3716 partem
1640 3628 1794 3693 nostram
1820 3621 1957 3716 exigere
1983 3619 2126 3705 solebat,
2147 3619 2202 3693 vel
2227 3621 2270 3692 ad
2289 3619 2422 3693 aeccle-

620 3778 719 3863 siam,
748 3779 803 3851 vel
831 3778 974 3851 cuilibet
1000 3779 1099 3851 alteri
1125 3778 1260 3851 tradere
1286 3778 1447 3864 voluerit,
1476 3778 1530 3852 his
1552 3781 1611 3874 qui
1629 3804 1703 3852 eam
1722 3780 1926 3876 susceperit,
1953 3779 2123 3853 tributum
2149 3780 2240 3874 quod
2259 3779 2342 3850 inde
2368 3801 2421 3852 so-

620 3936 714 4008 lebat
740 3937 876 4009 sclvere
903 3938 1112 4012 omnimodis
1138 3938 1180 4010 ad
1207 3943 1337 4033 partem
1355 3946 1508 4010 nostram
1526 3919 1648 4024 solvat,
1669 3936 1737 4008 nisi
1757 3935 1881 4010 sortem
1898 3935 2003 4046 talem
2021 3935 2217 4011 firmitatem
2244 3939 2287 4012 de
2305 3948 2420 4014 nostra

522 4117 527 4124 ·
620 4105 753 4192 partem
779 4095 913 4184 habeat,
941 4121 1001 4193 per
1028 4121 1128 4192 quam
1155 4098 1267 4192 ipsum
1296 4096 1461 4170 tributum
1487 4095 1559 4168 sibe
1585 4099 1838 4193 perdonatum
1865 4099 1973 4192 possit
1998 4099 2180 4171 ostendere
2205 4100 2241 4194 ²).

573 4253 610 4327 Si
645 4257 722 4350 quis
748 4265 839 4329 terra
865 4258 1039 4330 censalem
1065 4257 1236 4343 habuerit,
1264 4280 1367 4350 quam
1393 4265 1630 4330 antecessores
1656 4257 1741 4342 suis,
1764 4257 1820 4328 vel
1847 4258 1888 4330 ad
1916 4257 2064 4352 aliquam
2090 4258 2272 4346 aecclesia,
2301 4260 2356 4332 vel
2381 4257 2421 4332 ad

573 4583 749 4595 m...-
753 4587 940 4596 ..-ἡ-...ψῃ
946 4589 978 4594 η--
1010 4591 1014 4594 .

617 4828 640 4908 ¹)
661 4829 745 4889 Mur.
769 4829 866 4900 XXV·,
892 4823 946 4886 uel
970 4845 1079 4888 mezzo
1100 4829 1181 4907 perd
1198 4835 1315 4906 questo
1332 4827 1424 4908 Cap,
1442 4827 1585 4892 siccome
1610 4829 1638 4888 si
1655 4825 1751 4907 legge
1768 4828 1823 4890 nel
1841 4836 1952 4892 nostro
1969 4828 2100 4902 Codice,
2120 4827 2282 4893 concorde
2296 4828 2353 4910 piu
2376 4827 2424 4892 eol

575 4971 654 5034 Cod.
678 4973 792 5034 Esten.
818 4973 880 5036 che
904 4971 955 5033 col
978 4977 1064 5034 testo
1085 4971 1320 5034 Muratoriano.

617 5119 641 5200 ²)
663 5118 782 5181 Inveee
807 5119 839 5179 di
863 5125 958 5184 tatur
980 5121 1005 5182 il
1027 5121 1100 5183 Mur
1122 5119 1176 5182 ha:
1201 5125 1370 5184 teneatur.

616 5263 641 5346 ³)
662 5265 747 5326 Mur.
771 5267 915 5328 XXVIII.

617 5412 642 5492 ⁸)
664 5411 829 5488 venerint,
853 5414 1027 5477 velaverit.

617 5559 642 5639 ⁵)
663 5559 747 5621 Mur.
771 5559 885 5622 XXIX.

617 5707 643 5790 ⁶)
663 5709 747 5770 Mur.
772 5709 871 5770 XXX.

618 5854 642 5937 ²)
662 5855 747 5917 Mur.
771 5855 885 5918 XXXI.
