5376 7094
570 720 803 896 tubll
879 721 1234 900 titulus
1312 719 1851 901 blitulltttus

948 1107 1480 1126 mnmnnnnnnumunmmnmnmwmm

1043 1526 1368 1608 DXXXVII.

1065 1783 1119 1860 A.
1148 1781 1199 1858 D.
1229 1782 1351 1862 1001.

324 2023 414 2162 †ln
438 2074 581 2140 nomine
605 2072 740 2140 domini
763 2073 1006 2141 tertiodecimo
1031 2091 1129 2142 anno
1152 2073 1376 2159 principatus
1399 2072 1521 2139 domni
1537 2073 1650 2140 nostri
1667 2073 1849 2158 guaimari
1873 2073 2019 2158 gloriosi
2036 2073 2144 2158 prin-·

277 2228 381 2314 cipis
399 2244 518 2293 mense
535 2225 680 2312 apreliS,
704 2225 974 2311 quartadecima
991 2227 1199 2294 indictione.
1216 2226 1505 2294 Memoratorium
1523 2227 1620 2294 factu
1636 2246 1658 2294 a
1674 2244 1730 2292 me
1747 2227 1841 2294 maio
1857 2227 2133 2295 archidiaconus

275 2387 311 2449 et
334 2382 445 2449 abbas
467 2379 618 2448 ecclesia
642 2379 759 2447 sancti
782 2380 950 2468 maximi,
966 2385 1002 2448 et
1017 2385 1100 2447 sunt
1115 2398 1227 2470 unum
1243 2379 1286 2446 de
1301 2378 1435 2445 domini
1460 2379 1574 2464 ipsius
1596 2378 1758 2463 ecclesie,
1776 2395 1817 2444 eo
1833 2381 1926 2464 quod
1950 2385 2034 2448 ante
2052 2384 2136 2448 sub·

275 2534 395 2620 scripti
422 2533 601 2600 nobilibus
624 2551 687 2618 per
710 2535 804 2600 bona
828 2532 1091 2600 combenientia
1113 2531 1246 2604 tradidi
1271 2530 1362 2616 petri
1386 2528 1574 2615 presbiteri
1599 2529 1642 2596 de
1664 2533 1764 2596 terra
1786 2531 2027 2616 pertinentem
2049 2551 2134 2619 pre-

274 2686 367 2754 dicte
389 2685 537 2753 ecclesie
560 2685 659 2752 intus
682 2703 751 2752 anc
775 2685 985 2753 salernitam
1009 2685 1205 2771 cibitatem‚
1221 2682 1283 2768 qui
1299 2685 1353 2749 est
1370 2683 1408 2748 in
1426 2682 1502 2766 ipso
1525 2680 1625 2766 plaiu
1640 2685 1676 2748 et
1691 2701 1714 2750 a
1730 2699 1836 2767 super
1860 2683 1939 2768 ipsa
1960 2686 2129 2772 ecclesia,

274 2836 335 2905 ubi
359 2837 460 2903 modo
484 2854 605 2904 casam
627 2835 794 2902 edificata
817 2837 923 2920 abet,
953 2839 989 2902 et
1020 2839 1075 2902 est
1097 2854 1160 2920 per
1191 2853 1231 2902 ec
1254 2833 1464 2901 mensuria:
1489 2833 1532 2900 de
1555 2833 1671 2910 tribus
1695 2834 1860 2919 partibus
1883 2836 1953 2903 flne
1976 2837 2134 2922 predicte

271 2991 430 3058 ecclesie:
457 3009 479 3056 a
502 3006 587 3074 pars
611 2986 804 3054 occidentis
827 2990 912 3052 sunt
936 2987 1040 3072 pedes
1056 2986 1176 3054 decem
1192 2991 1227 3054 et
1242 2991 1318 3054 octo
1342 2991 1377 3055 et
1401 2989 1587 3055 summisse
1611 2993 1646 3056 et
1670 2988 1774 3055 uncie
1798 2993 1978 3074 quattuor:
2004 3009 2133 3077 apars

273 3143 421 3212 meridie
445 3145 530 3208 sunt
552 3139 658 3226 pedes
680 3139 856 3206 tridecim:
882 3114 905 3207 a
930 3158 1013 3225 pars
1035 3137 1185 3207 orientis
1209 3145 1294 3206 sunt
1317 3139 1421 3225 pedes
1444 3140 1509 3208 alii
1534 3139 1653 3210 decem
1676 3145 1712 3209 et
1735 3145 1812 3208 octo
1835 3145 1870 3208 et
1892 3143 2079 3212 summisse
2095 3149 2132 3212 et

271 3297 376 3362 uncie
400 3296 581 3380 quattuor:
600 3311 622 3360 a
638 3309 723 3376 pars
747 3291 1010 3377 septemtrionis
1025 3291 1096 3358 fine
1112 3291 1173 3358 bia
1189 3295 1311 3359 nostra
1325 3292 1482 3376 predicte
1498 3293 1659 3379 ecclesie,
1674 3294 1767 3362 sicut
1790 3294 1921 3362 morice
1944 3295 2150 3384 discernit,-

270 3452 305 3515 et
328 3447 411 3515 inde
434 3446 540 3532 pedes
563 3443 742 3528 tridecim3
767 3447 880 3510 totum
903 3447 1150 3509 mensuratum
1166 3441 1211 3508 ad
1228 3442 1321 3508 iusto
1335 3443 1459 3528 pedem
1475 3463 1622 3512 manum
1637 3446 1761 3513 omini.
1780 3465 1843 3534 per
1860 3447 1929 3515 ista
1946 3449 2130 3518 mensurio

270 3599 434 3666 inclitum
459 3597 548 3666 illud
572 3596 685 3681 ipsius
702 3596 794 3682 petri
809 3595 999 3681 presbiteri
1015 3593 1147 3662 tradidi
1165 3593 1231 3661 tali
1247 3593 1377 3679 tinore,
1395 3599 1435 3660 ut
1451 3595 1576 3662 amodo
1590 3601 1626 3664 et
1642 3616 1753 3683 usque
1770 3595 2024 3684 bint'inobem')
2040 3607 2129 3674 anni

270 3752 470 3837 completim
494 3750 620 3818 inclita
644 3750 723 3834 ipsa
746 3753 845 3818 terra
869 3766 932 3835 per
956 3747 1035 3833 ipsa
1059 3721 1241 3813 mensoria
1265 3745 1310 3812 ad
1334 3749 1397 3813 tua
1420 3751 1456 3814 et
1484 3748 1527 3814 de
1558 3749 1631 3816 tuis
1655 3751 1821 3818 eredibus
1845 3753 1918 3820 sint
1941 3758 2128 3839 potestatis

269 3904 460 3971 tenendum
483 3907 519 3968 et
541 3900 810 3985 dominandum,
835 3903 871 3966 et
894 3916 979 3966 casa
1003 3896 1134 3964 ibidem
1159 3897 1340 3985 edificare,
1365 3899 1520 3983 qualiter
1544 3903 1736 3987 boluerint,
1755 3909 1790 3971 et
1814 3905 1946 3974 ibidem
1971 3910 2127 3980 residere

269 4063 304 4125 et
327 4057 479 4140 abitare,
503 4058 539 4122 et
562 4053 677 4119 omnis
700 4055 816 4119 vestre
841 4049 1009 4117 utilitatis
1032 4047 1165 4116 ibidem
1188 4050 1305 4118 lacere
1330 4052 1426 4121 iusta
1445 4055 1597 4122 ratione:
1619 4061 1762 4125 tantum
1777 4077 1841 4144 per
1857 4060 1973 4126 omnis
1991 4079 2127 4130 annum

268 4211 393 4280 amodo
416 4213 452 4278 et
474 4226 585 4294 usque
609 4207 685 4292 ipso
711 4205 943 4272 constitutum
966 4201 1076 4270 deant
1099 4202 1159 4269 ille
1182 4203 1238 4270 vel
1260 4205 1335 4272 suis
1358 4207 1524 4275 eredibus
1547 4210 1678 4278 exinde
1702 4230 1810 4278 censu
1834 4231 1899 4298 pro
1921 4213 2001 4297 ipsa
2024 4219 2125 4282 terra

268 4385 290 4432 a
313 4383 398 4451 pars
422 4365 543 4429 nostre
566 4357 714 4426 ecclesie
737 4357 853 4424 oleum
877 4372 951 4424 una
968 4353 1117 4422 candela
1140 4356 1302 4442 parbola3
1320 4356 1365 4424 ad
1382 4359 1554 4445 completo
1572 4362 1648 4448 ipso
1662 4366 1896 4432 constitutum
1919 4363 2034 4432 licead
2052 4365 2125 4432 illis

268 4517 349 4585 inde
372 4517 575 4585 disturbare
598 4513 678 4598 ipsa
701 4528 800 4596 casa,
824 4514 860 4577 et
881 4508 1022 4576 tolleret
1044 4505 1174 4574 exinde
1199 4509 1277 4593 ipsa
1301 4507 1530 4594 lingnamina
1546 4531 1627 4579 cum
1644 4514 1760 4580 omnis
1781 4533 1847 4582 sua
1871 4533 1993 4604 causa,
2010 4522 2047 4585 et
2070 4518 2125 4588 ire

267 4671 327 4738 ubi
352 4669 531 4753 boluerit,
560 4670 596 4735 et
628 4664 755 4733 inclita
778 4665 857 4750 ipsa
881 4667 981 4730 terra
1004 4662 1167 4730 nebertar
1191 4659 1236 4727 ad
1259 4664 1432 4745 potestate
1451 4661 1501 4729 -de
1524 4663 1686 4748 partibus
1710 4664 1821 4751 ipsius
1845 4668 2005 4738 ecclesie.
2032 4673 2126 4740 unde

267 4823 304 4888 in
328 4841 369 4890 eo
391 4821 516 4889 ordine
540 4840 602 4907 per
627 4823 721 4887 bona
744 4815 1006 4884 combenientia
1029 4813 1163 4900 guadia
1185 4814 1274 4881 mihi
1298 4815 1375 4901 ipse
1389 4820 1511 4900 petrus
1526 4817 1701 4901 presbiter
1725 4819 1823 4887 dedit
1837 4827 1873 4890 et
1889 4823 2122 4895 mediatorem

266 4977 355 5043 mihi
379 4975 497 5062 posuit
520 4974 707 5060 iaquintus
730 4971 881 5040 clericus
905 4969 1000 5037 tilius
1024 4967 1203 5053 quondam
1226 4965 1405 5053 gaudiosi3
1429 4969 1465 5033 et
1487 4985 1551 5052 per
1574 4967 1654 5054 ipsa
1676 4973 1812 5056 guadia
1836 4978 2009 5059 perbona
2030 4998 2125 5046 com·

265 5127 448 5198 bententia
471 5125 647 5213 obligavit
670 5143 708 5192 se
732 5125 808 5210 ipse
831 5127 953 5208 petrus
977 5121 1152 5205 presbiter
1175 5124 1211 5186 et
1234 5119 1309 5186 suis
1324 5119 1502 5208 eredibus,
1520 5127 1560 5190 ut
1575 5124 1606 5190 si
1623 5125 1753 5211 aliquit
1776 5127 1818 5196 de
1842 5133 1935 5217 quod
1959 5138 2124 5222 superius

266 5281 411 5368 legitur,
436 5277 609 5366 quesierit
632 5277 814 5343 remobere
838 5275 902 5341 aut
925 5275 1105 5356 contrare,
1126 5289 1190 5358 per
1205 5272 1284 5358 ipsa
1298 5275 1559 5344 combenientia
1574 5295 1782 5365 componere
1805 5285 1978 5371 obligavit
1993 5306 2031 5356 se
2048 5290 2124 5375 ipse

267 5441 387 5523 petrus
411 5434 588 5521 presbiter
616 5434 652 5498 et
675 5431 750 5498 suis
773 5426 937 5496 eredibus
963 5425 1000 5490 in
1025 5425 1188 5510 partibus
1212 5424 1326 5510 ipsius
1349 5428 1496 5496 ecclesie
1521 5431 1652 5517 biginti
1677 5435 1758 5502 auri
1775 5436 1904 5506 solidos
1927 5445 2123 5511 constanti-

308 5805 330 5884 ¹)
353 5803 564 5874 biutiuobem,
588 5797 866 5869 vernacularum
891 5815 950 5876 pro
973 5796 1093 5875 oipiatt
1116 5802 1146 5857 et
1168 5815 1293 5859 noveru.

458 5950 594 6009 1111111.
642 5953 644 5958 “
