5318 7102
926 555 1103 627 ttEGutl
1132 558 1459 630 FlihNCOllb'lll

254 773 298 827 33
324 779 498 842 srrscorrs
527 794 750 853 rucasruosrs
769 785 805 878 Ι).

255 916 459 1000 Hominibus
485 939 691 1012 emendandi
719 944 894 1019 licentiam
922 948 1067 1021 habeant
1092 951 1133 1021 ad
1161 943 1362 1041 regendum,
1391 950 1424 1013 et
1443 943 1471 1012 si
1490 943 1532 1014 dc
1552 941 1635 1036 ipsis
1654 941 1860 1016 incestuosis
1887 946 2013 1041 aliquis
2031 955 2108 1044 post

301 1080 470 1160 iudicium
497 1096 667 1194 aepiscopi
695 1101 729 1172 in
748 1103 822 1198 ipso
840 1105 1013 1180 incestum
1032 1131 1069 1178 sc
1088 1107 1213 1179 iterum
1232 1101 1377 1187 miserit,
1399 1099 1427 1169 si
1446 1097 1580 1170 alodem
1598 1099 1768 1187 hahuerit,
1792 1103 1866 1197 ipso
1884 1099 1967 1174 lisoo
1987 1110 2106 1175 nostro

302 1242 456 1338 recipiat.

252 1397 294 1470 Ut
320 1401 408 1472 nulli
435 1406 536 1482 liceat
562 1415 703 1488 alterius
723 1421 872 1493 clericus
891 1423 1042 1518 recipere
1063 1443 1125 1493 333
1143 1417 1325 1490 hordinare
1344 1413 1379 1482 in
1397 1410 1512 1502 aliquo
1531 1412 1649 1503 grado,
1678 1412 1753 1482 sine
1779 1412 2011 1484 dimissoriam
2033 1413 2105 1508 epi-

301 1565 395 1656 scopi
422 1568 475 1638 sui
503 1570 545 1640 de
570 1574 670 1645 cuius
696 1579 874 1670 parrochia
899 1583 1002 1676 est').

249 1734 292 1788 DE
318 1739 469 1798 obortus.

248 1876 292 1948 Ut
319 1884 556 1978 unusquisque
583 1887 685 1960 homo
713 1891 842 1964 desua
869 1894 1002 1966 decima
1029 1894 1124 1977 dent,
1146 1899 1179 1962 et
1197 1911 1256 1984 per
1275 1885 1465 1957 iussionem
1491 1891 1524 1954 et
1543 1883 1728 1955 consilium
1746 1885 1910 1980 episcopi,
1941 1885 1976 1956 in
2003 1886 2103 1960 ouius

297 2041 475 2128 parrochia
502 2044 618 2134 luerit,
648 2049 892 2145 dispensentur
916 2055 953 2148 ³).

246 2211 290 2264 nu
316 2215 519 2276 noluemus.

246 2355 450 2432 Homicidiis
476 2370 509 2434 et
526 2365 650 2434 ceteris
670 2367 960 2456 malefactoribus,
981 2391 1047 2462 que
1065 2364 1211 2459 legibue,
1240 2363 1306 2432 hut
1323 2383 1383 2455 pro
1402 2382 1484 2453 pace
1501 2357 1694 2430 faciendam
1712 2361 1839 2432 morire
1857 2360 1970 2448 debet,
1992 2363 2101 2434 Nemo

173 2593 175 2596 ,
260 2497 261 2502 ¹
292 2538 350 2585 eos
376 2518 418 2588 ad
444 2521 700 2591 excusationem
727 2523 762 2592 in
789 2525 955 2597 aecclesia
981 2547 1043 2595 sua
1069 2521 1211 2594 introire
1237 2519 1422 2614 permittam
1444 2525 1477 2588 et
1495 2517 1524 2586 si
1542 2515 1670 2609 absque
1688 2517 1902 2590 voluntatem
1920 2530 2097 2616 pastorum

293 2673 419 2745 ibidem
446 2676 629 2765 introierit,
659 2679 757 2752 Tunc
783 2683 854 2777 ipse
873 2685 973 2754 cuius
991 2681 1138 2754 ecclesia
1158 2687 1222 2764 est,
1243 2677 1378 2749 nullum
1398 2676 1528 2748 rictum
1554 2677 1585 2748 ei
1612 2676 1728 2764 donet,
1757 2702 1821 2750 neo
1839 2679 1906 2752 alio
1925 2681 2006 2752 dare
2024 2704 2099 2775 per-

294 2833 405 2904 mittat
430 2835 467 2928 ⁸).

188 2962 191 2966 ⁵
245 3008 288 3062 uu
313 3009 542 3064 andnumans

242 3149 478 3223 Ut'latronem
505 3153 547 3222 de
574 3153 661 3223 inira
687 3153 875 3224 emunitate
902 3152 980 3222 illos
1007 3151 1151 3236 iudices,
1179 3159 1213 3221 et
1238 3151 1407 3237 advocati,
1435 3153 1477 3222 ad
1504 3152 1670 3224 comitum
1692 3153 1869 3248 placitum,
1899 3157 2037 3246 quando
2063 3157 2094 3226 ei

289 3309 529 3380 annuntiatum
548 3310 663 3396 suerit,
686 3319 915 3404 presentatum
932 3317 966 3383 et
980 3312 1008 3381 si
1024 3309 1148 3381 dixerit
1166 3308 1256 3402 quod
1275 3308 1334 3379 ille
1352 3309 1484 3382 latrone
1500 3321 1696 3405 presentare
1713 3336 1782 3383 non
1801 3314 1982 3408 potuisset,
2003 3326 2096 3409 post-

288 3487 390 3558 quam
416 3466 447 3534 ei
473 3465 713 3538 denuntiatum
740 3464 856 3552 luerit,
885 3489 948 3537 nec
975 3489 1034 3558 pro
1062 3465 1133 3535 ulla
1158 3467 1289 3536 iustitia
1315 3465 1530 3539 dilatandum
1558 3469 1617 3541 illo
1644 3471 1776 3542 latrone
1802 3494 1871 3542 non
1898 3473 2092 3544 consentis-

286 3633 350 3708 set,
379 3624 449 3695 Nec
474 3647 534 3718 pro
561 3648 663 3696 causa
690 3625 867 3696 dilationis
893 3625 935 3695 de
961 3647 1023 3693 sua
1049 3622 1274 3716 potestatibus
1301 3625 1355 3694 rel
1381 3625 1423 3696 de
1450 3650 1512 3696 suo
1540 3627 1754 3714 ministerio,
1783 3629 1897 3722 ipsum
1924 3630 2093 3704 latronem

286 3805 354 3852 non
382 3782 552 3869 iactasset,
581 3783 623 3854 Et
650 3784 713 3854 hoc
741 3783 843 3868 iuret,
863 3789 901 3852 ut
919 3804 978 3874 per
996 3803 1093 3851 suam
1112 3783 1339 3868 voluntatem,
1369 3784 1397 3853 si
1423 3791 1548 3877 potest,
1578 3783 1690 3877 ipsum
1709 3786 1877 3858 latronem
1896 3797 2095 3883 presentare

240 4143 713 4157 m

277 4393 300 4473 ⁴)
323 4391 385 4466 Qui
410 4392 432 4451 il
456 4391 582 4471 copista
604 4393 657 4453 del
682 4391 801 4455 Codice
826 4392 992 4464 Cavense,
1018 4409 1081 4452 non
1104 4388 1242 4451 volendo
1265 4406 1425 4468 supporre
1450 4388 1511 4450 che
1536 4388 1682 4448 l’avesse
1707 4390 1787 4450 fatto
1811 4408 1828 4449 3
1850 4389 1939 4451 bello
1962 4391 2091 4464 studi0,

235 4537 384 4601 dormiva
407 4542 625 4610 certamente3
648 4537 768 4616 poiche
792 4535 824 4595 13
845 4534 981 4597 rubrica
1004 4533 1035 4594 di
1058 4540 1177 4611 questa
1206 4532 1301 4610 leggc
1326 4533 1469 4596 secondo
1493 4536 1543 4598 ch’
1555 4533 1621 4612 egli
1645 4534 1676 4595 la
1699 4537 1819 4607 scrire,
1838 4541 1856 4597 e
1873 4535 1981 4596 affatto
2005 4538 2094 4599 arbi-

232 4683 350 4744 traria.
375 4681 417 4744 Se
442 4701 483 4742 33
507 4681 637 4744 ricordd
660 4682 742 4760 dopo
765 4678 798 4739 di
823 4696 900 4740 aver
922 4678 1119 4742 cominciato
1143 4696 1161 4737 a
1183 4679 1330 4740 scrivere
1355 4677 1387 4738 la
1409 4680 1517 4758 legge,
1543 4699 1560 4741 3
1585 4679 1616 4740 13
1638 4681 1746 4742 scrire
1771 4680 1860 4742 nello
1889 4686 1997 4742 stesso
2020 4682 2091 4758 rigo

236 4828 271 4888 in
286 4845 352 4888 una
367 4827 437 4888 sola
459 4828 710 4890 continuazione
734 4827 816 4908 dopo
832 4826 865 4888 13
879 4825 992 4906 parole
1013 4822 1208 4899 hominibus,
1233 4824 1401 4886 metiendo
1425 4824 1506 4905 dopo
1528 4825 1561 4884 la
1582 4826 1672 4886 detta
1686 4825 1798 4905 parola
1814 4825 1845 4885 13
1859 4827 2089 4908 preposizione

230 4970 296 5034 -che
320 4971 423 5032 dovea
445 4976 513 5033 star
534 4972 641 5052 prima
664 4971 696 5030 di
721 4987 806 5042 essa,
832 4969 873 5030 ed
896 4968 961 5029 alla
983 4987 1062 5030 voce
1085 4965 1246 5046 Episcopi,
1272 4968 1333 5030 che
1357 4969 1459 5030 dovea
1481 4975 1569 5030 stare
1594 4971 1627 5029 in
1650 4970 1835 5050 priucipio,
1861 4970 2090 5048 aggiungendo

233 5134 278 5177 un
300 5117 476 5178 s.-Ecco
500 5135 592 5178 corne
623 5116 823 5180 incomincia
845 5119 963 5194 questa
985 5112 1080 5190 legge
1106 5112 1160 5174 nel
1182 5111 1265 5174 Mur.
1292 5113 1313 5173 l.
1339 5134 1382 5176 c.:
1408 5113 1596 5194 «Episcopi
1624 5114 1664 5176 de
1684 5113 1882 5178 incestuosis
1903 5116 2089 5186 homInibus

235 5258 425 5330 emendandi
446 5258 613 5322 licentiam
634 5259 776 5322 habeant
797 5265 861 5320 etc.
889 5283 916 5319 r.

275 5402 298 5482 ²)
319 5404 402 5466 Mur.
427 5406 481 5466 VI.

274 5547 298 5626 ³)
319 5548 404 5610 Mur.
428 5547 496 5610 VII.

273 5697 296 5776 ⁴)
319 5695 402 5758 Mur.
427 5695 525 5770 vul,
551 5717 603 5758 mu
626 5703 642 5759 e
666 5699 824 5778 riportata
848 5699 901 5758 nel
927 5705 1089 5776 sequente
1113 5696 1218 5757 modo.
1239 5719 1253 5754 a
1271 5695 1313 5758 Ut
1333 5693 1515 5760 homicidae
1537 5695 2085 5778 3333333333,33113313333331

227 5837 365 5914 debent,
389 5839 418 5902 si
440 5841 481 5904 ad
502 5841 682 5904 Ecclesiam
703 5842 759 5904 nei
781 5842 982 5919 confuqiunt,
1006 5857 1070 5904 non
1092 5839 1314 5914 excutiantur,
1337 5857 1441 5920 neque
1464 5843 1511 5904 cis
1533 5843 1653 5920 ibidem
1675 5844 1784 5908 victus
1807 5845 1916 5910 detur.
