5376 7104
1297 497 1468 572 CODEX
1500 495 1763 572 tlquSls

1459 935 1607 1017 DCC.

1380 1195 1435 1273 A.
1464 1193 1515 1272 D.
1544 1190 1665 1273 1017.

602 1563 603 1566 Ἴ
647 1439 683 1580 †
710 1490 750 1556 ln
774 1487 918 1557 nomine
941 1487 1076 1556 domini
1101 1485 1280 1556 tricesimo
1302 1503 1397 1556 auno
1420 1484 1645 1572 principatus
1667 1483 1788 1551 domni
1821 1480 1966 1551 landold
1994 1480 2171 1569 gloriosus
2203 1479 2385 1566 princeps,
2405 1483 2437 1548 et

600 1645 705 1710 sexto
728 1659 824 1710 anuo
847 1638 1070 1728 principatus
1093 1638 1213 1707 domni
1237 1636 1381 1726 paldold
1405 1636 1473 1704 tilii
1496 1635 1587 1724 eiuS,
1612 1635 1721 1704 tertia
1743 1635 1801 1702 die
1825 1637 1963 1703 stantes
1987 1651 2110 1701 mense
2134 1629 2280 1720 aprelis,
2304 1629 2436 1718 quinta-

601 1792 742 1864 decima
766 1794 973 1862 indictione.
997 1790 1286 1860 memoratorium
1302 1791 1437 1859 sactum
1454 1809 1477 1858 a
1492 1809 1548 1858 me
1572 1793 1694 1875 petrus
1718 1787 1813 1855 illius
1837 1785 1994 1854 eiusdem
2019 1785 2128 1872 petri,
2145 1785 2207 1871 qui
2224 1789 2309 1853 sunt
2324 1785 2438 1854 nativo

561 2011 564 2018 .
600 1949 643 2018 de
669 1949 743 2016 loco
765 1948 878 2016 sirino
902 1949 940 2036 ⁴),
964 1966 1005 2016 eo
1029 1947 1121 2035 quod
1137 1949 1222 2015 ante
1238 1944 1420 2032 presentia
1436 1941 1593 2029 iaquinti
1610 1940 1762 2010 iudicem
1779 1943 1815 2007 et
1832 1939 1917 2008 aliis
1934 1939 2147 2008 novitiorum
2164 1941 2439 2028 subscriptorum

599 2103 745 2172 testium
768 2101 970 2189 claresacio,
996 2103 1165 2188 quoniam
1188 2103 1273 2168 ante
1296 2117 1334 2165 os
1358 2097 1433 2166 dies
1450 2097 1613 2166 causavit
1628 2114 1709 2164 cum
1726 2111 1852 2164 mauro
1868 2093 1942 2160 lilio
1959 2094 2055 2163 vassi
2069 2093 2272 2184 dicendum,
2297 2098 2338 2164 ut
2353 2096 2439 2167 malo

601 2257 790 2340 hordinem
814 2259 851 2323 et
874 2255 951 2322 sine
975 2256 1116 2324 ratione
1141 2253 1322 2321 introisset
1346 2253 1385 2319 in
1409 2251 1486 2337 ipsa
1509 2253 1615 2320 rebus
1638 2269 1717 2318 mea
1742 2250 1785 2318 de
1811 2207 1884 2318 loco
1907 2266 2032 2336 vaneo,
2056 2248 2117 2335 qui
2144 2249 2244 2317 modo
2267 2253 2323 2318 est
2339 2250 2441 2336 perti·

602 2413 751 2476 nentem
774 2407 820 2477 da
843 2406 989 2476 risando
1003 2407 1077 2473 filio
1093 2405 1275 2491 roderissi,
1291 2408 1327 2473 et
1342 2423 1405 2490 per
1422 2421 1534 2506 unum
1551 2405 1693 2470 brebem
1710 2401 1913 2488 dibisioniS,
1930 2402 2025 2469 sicut
2042 2419 2155 2468 unum
2171 2402 2315 2470 brebem
2332 2419 2441 2470 meum

601 2581 650 2629 ex
673 2561 749 2647 ipso
772 2560 905 2628 iudicio
929 2559 1098 2628 continet.
1123 2559 1224 2626 Modo
1241 2557 1382 2645 quidem
1400 2574 1466 2644 ogo
1482 2553 1709 2641 supradictus
1725 2557 1847 2640 petrus
1861 2557 2010 2640 paratus
2027 2552 2095 2620 luit
2113 2552 2307 2622 secundum
2333 2553 2439 2642 legem

597 2735 679 2782 cum
703 2715 894 2802 evangelia
918 2716 1030 2802 ipsius
1054 2714 1296 2801 prenominati
1322 2714 1452 2798 mauri,
1468 2677 1519 2779 ‘ut
1541 2711 1756 2798 persolberet
1778 2707 1889 2776 michi
1913 2707 2029 2794 ipsum
2051 2711 2332 2793 sacramentum,
2354 2709 2440 2777 sicut

599 2868 711 2936 michi
737 2869 870 2954 guadia
893 2868 1015 2938 datam
1039 2867 1163 2952 abuit3
1196 2869 1249 2933 set
1271 2869 1462 2952 antequam
1486 2884 1533 2933 ex
1555 2884 1595 2932 oc
1620 2864 1803 2933 internos
1834 2882 1897 2949 per
1929 2861 2043 2948 legem
2068 2860 2339 2948 diffineremus,
2369 2869 2440 2929 orta

598 3029 654 3090 est
678 3025 772 3090 inter
797 3023 897 3090 nobis
921 3021 1052 3090 exinde
1076 3039 1202 3090 vonam
1229 3021 1530 3089 conbenientiam.
1562 3019 1687 3088 statim
1713 3012 1957 3085 manifestavit
1980 3031 2046 3100 ego
2068 3013 2183 3082 eidem
2211 3032 2287 3082 una
2312 3015 2437 3100 petiole

598 3175 642 3243 de
668 3178 774 3242 rebus
796 3175 839 3242 de
864 3175 1030 3243 iamdicto
1054 3174 1128 3242 loco
1151 3177 1264 3242 banco
1288 3173 1349 3240 ubi
1373 3173 1485 3240 ortale
1508 3171 1655 3257 dieitur,
1682 3174 1722 3238 ut
1745 3167 1827 3234 inde
1859 3185 1981 3234 eorum
2013 3171 2144 3234 sortem
2175 3185 2247 3234 non
2280 3185 2435 3253 querere,

600 3347 667 3396 nec
691 3347 771 3395 cum
795 3327 877 3414 ipsi,
903 3346 968 3396 nec
993 3347 1075 3395 cum
1098 3326 1241 3393 illorum
1266 3325 1456 3393 heredibus
1478 3323 1609 3394 exinde
1633 3343 1703 3392 non
1727 3341 1891 3408 causare;
1923 3327 1958 3390 et
1988 3321 2160 3388 continuo
2184 3339 2277 3388 vona
2302 3339 2365 3390 sua
2386 3341 2438 3386 ro·

602 3482 776 3550 luntatem
802 3480 874 3568 ipse
897 3479 1088 3549 iamdictus
1111 3497 1236 3548 mauro
1260 3478 1506 3547 manifestavit
1529 3497 1567 3546 se
1589 3477 1699 3545 michi
1723 3477 1766 3545 de
1789 3481 1901 3544 totam
1931 3480 1966 3543 et
1998 3475 2161 3544 inolitam
2191 3447 2309 3560 ipsam
2340 3455 2437 3542 rebus

602 3657 718 3706 meam
742 3635 784 3702 de
808 3629 977 3703 iamdicto
1000 3633 1076 3700 loco
1099 3649 1211 3700 vaneo
1234 3635 1269 3699 et
1293 3631 1335 3698 de
1359 3649 1480 3698 omnes
1504 3630 1693 3700 calunniae
1715 3635 1751 3697 et
1774 3633 1902 3698 cuntas
1926 3629 2150 3717 questiones,
2175 3630 2250 3698 sibe
2275 3629 2442 3698 deantes

600 3793 667 3854 aut
690 3786 732 3854 de
755 3789 891 3872 postea,
916 3787 1009 3854 unde
1033 3805 1090 3854 me
1114 3789 1177 3853 aut
1201 3801 1296 3850 moos
1319 3783 1466 3852 heredes
1489 3801 1638 3869 querere
1663 3785 1831 3870 potuerit;
1855 3787 1891 3851 et
1925 3801 1991 3870 ego
2022 3768 2143 3869 ibique
2175 3801 2323 3870 presens
2355 3799 2441 3850 vona

602 3957 683 4008 mea
708 3939 926 4009 voluntatem
949 3939 1097 4006 donavit
1120 3936 1152 4004 ei
1178 3937 1295 4023 ipsum
1319 3943 1596 4024 sacramentum,
1621 3941 1657 4004 et
1680 3936 1814 4023 recepit
1836 3936 1965 4004 exinde
1990 3937 2035 4003 ab
2060 3953 2101 4003 eo
2118 3938 2214 4005 iusta
2237 3934 2354 4022 legem
2376 3933 2443 4004 lau·

601 4091 717 4179 negilt
741 4091 951 4160 mantellum
977 4111 1099 4158 unum.
1116 4092 1161 4158 Et
1183 4091 1293 4159 talem
1317 4089 1570 4177 obligationem
1595 4091 1701 4158 michi
1728 4091 1812 4158 iecit
1837 4090 1911 4177 ipso
1935 4090 2128 4158 iamdictus
2153 4107 2292 4178 mauro,
2308 4094 2345 4158 et
2361 4087 2442 4156 obli-

559 4329 564 4340 ·
603 4245 706 4334 pavit
728 4263 765 4311 se
789 4251 824 4313 et
848 4245 932 4312 filiis
955 4245 1030 4312 suis
1053 4247 1089 4312 et
1113 4263 1195 4311 suos
1218 4243 1364 4311 heredes
1389 4242 1498 4310 michi
1525 4241 1691 4310 iamdicto
1721 4241 1814 4330 petri
1846 4261 1953 4328 quarn
1981 4247 2017 4310 et
2046 4243 2092 4310 ad
2121 4245 2209 4312 meis
2239 4241 2439 4312 heredibus.

564 4398 570 4410 '
603 4398 703 4475 Quod
726 4400 756 4466 si
781 4398 977 4485 aliquando
999 4401 1192 4484 temporem
1215 4396 1258 4464 de
1282 4397 1462 4483 integram
1486 4395 1600 4482 ipsam
1623 4397 1731 4463 rebus
1756 4395 1900 4463 moade
1925 4393 2093 4463 iamdicto
2118 4395 2192 4463 loco
2206 4413 2336 4485 vanoo,
2355 4395 2440 4464 sicut

603 4551 719 4641 ipsum
744 4555 850 4621 brebe
874 4553 1060 4621 dibisionis
1083 4550 1267 4636 continet,
1297 4567 1448 4618 causare
1474 4551 1538 4617 aut
1559 4547 1772 4616 contendere
1805 4550 2023 4635 presupserit
2049 4566 2111 4634 per
2142 4567 2369 4636 quacumque
2379 4549 2439 4616 in-

600 4713 746 4780 bentam
770 4710 961 4798 rationem,
985 4711 1173 4779 volendum
1191 4708 1320 4778 exinde
1344 4708 1445 4774 nobis
1462 4705 1590 4793 aliquit
1613 4705 1749 4795 tollere,
1773 4711 1836 4777 aut
1858 4711 2035 4795 contrane,
2060 4707 2116 4776 vel
2141 4709 2320 4796 minuare,
2345 4727 2435 4776 seum

601 4863 645 4930 de
670 4866 792 4930 nostra
816 4864 1026 4931 subtrahere
1056 4861 1291 4948 propietatem
1319 4863 1355 4927 et
1379 4858 1641 4946 dominatione,
1670 4859 1749 4928 ldeo
1780 4864 1864 4929 ante
1894 4861 2016 4928 omnia
2046 4861 2187 4948 questio
2220 4863 2258 4928 et
2290 4857 2442 4929 causatio

601 5032 726 5084 corum
749 5033 866 5084 vacua
889 5018 924 5083 et
947 5014 1059 5083 tacita
1082 5015 1169 5099 sint,
1194 5017 1230 5080 et
1253 5010 1518 5100 quinquaginta
1541 5012 1643 5080 solidi
1668 5012 1769 5082 aurei
1791 5013 2012 5083 constantini
2036 5015 2111 5101 ipse
2135 5018 2171 5082 et
2194 5030 2278 5080 suos
2303 5010 2441 5081 heredes

601 5169 716 5238 michi
741 5187 849 5256 quam
872 5171 909 5237 et
924 5168 969 5237 ad
985 5167 1073 5236 meis
1088 5165 1291 5252 heredibuS,
1315 5165 1370 5232 vel
1387 5165 1445 5232 cui
1464 5163 1569 5233 istum
1587 5167 1729 5232 brebem
1745 5183 1809 5252 pro
1824 5170 1926 5252 parte
1943 5169 2068 5236 nostra
2092 5165 2131 5234 in
2148 5183 2257 5236 manu
2274 5165 2441 5254 paruerit,

601 5340 813 5411 componere
837 5320 1035 5410 obligavit,
1060 5323 1096 5389 et
1118 5321 1157 5388 in
1180 5323 1289 5389 antea
1312 5336 1375 5404 per
1403 5316 1528 5386 inbitis
1558 5337 1696 5405 semper
1724 5319 1845 5388 tacitis
1874 5323 1911 5388 et
1942 5319 2122 5390 contentis
2152 5323 2363 5408 permaneat
2384 5332 2440 5404 per

611 5607 1063 5621 -,....-.-......,..-.-..---

643 5820 664 5900 ¹)
687 5819 810 5890 Sicine,
834 5817 932 5878 hodie
956 5815 1082 5884 Scribo,
1107 5829 1209 5892 pagus
1240 5813 1327 5870 intra
1350 5810 1434 5871 fines
1458 5811 1590 5873 Salerni
1613 5819 1646 5873 et
1669 5812 1848 5873 Aletrini:
