5376 7094
999 549 1403 625 lllPLOlllATICUS
2032 555 2076 626 l9

260 772 311 841 tis
336 773 418 841 illut
442 771 488 842 ad
512 774 774 862 pastenendum
797 773 975 844 traditum
998 777 1198 862 abuerunt3
1221 781 1257 844 et
1273 779 1334 844 est
1357 781 1455 845 terra
1481 776 1645 865 ipseper
1668 780 1734 846 heo
1757 777 1842 846 finis
1864 781 1901 845 et
1922 777 2120 848 mensurio:

258 928 309 996 de
327 929 415 1016 pede
439 928 510 998 line
533 929 692 1016 ipsorum
715 929 792 998 thio
815 934 851 1000 et
874 933 1038 1018 nepotem
1062 931 1163 999 etde
1188 933 1366 999 consortes
1388 933 1549 1019 heorum,
1566 934 1650 999 sunt
1673 931 1805 1000 exinde
1828 929 1927 1018 passi
1951 930 2119 1018 triginta:

255 1075 299 1147 de
323 1099 398 1150 una
421 1086 524 1168 parte
548 1083 619 1151 fine
642 1082 686 1150 de
709 1083 858 1152 heredes
879 1083 957 1151 ursi
980 1081 1058 1152 thio
1082 1081 1243 1150 illorum:
1271 1081 1314 1150 de
1338 1099 1443 1168 super
1466 1085 1568 1168 parte
1591 1085 1639 1152 ha
1663 1089 1765 1169 parte
1789 1084 1832 1152 de
1855 1101 1956 1153 serra
1980 1084 2053 1152 fine
2069 1083 2123 1173 ip·

260 1250 379 1300 sorum
404 1235 482 1302 thio
503 1240 540 1304 et
562 1238 721 1323 nepotes,
745 1239 781 1304 et
805 1235 958 1322 indeque
982 1234 1080 1323 passi
1104 1235 1273 1323 triginta:
1290 1235 1333 1303 de
1357 1235 1432 1304 alia
1455 1241 1556 1322 parte
1580 1239 1652 1306 fine
1675 1237 1719 1306 de
1742 1238 1891 1306 heredes
1916 1235 2062 1324 sellicti,
2086 1244 2123 1307 et
2149 1207 2159 1241 ’

259 1388 501 1477 coniungente
526 1389 667 1478 inipso
692 1391 812 1478 priore
836 1392 908 1459 fine
932 1388 1116 1479 longitudo
1146 1392 1199 1458 est
1222 1390 1262 1458 in
1285 1393 1383 1459 omni
1408 1391 1483 1460 loco
1506 1409 1627 1479 passos
1651 1390 1886 1479 octuaginta,
1919 1396 1956 1460 et
1986 1392 2026 1458 in
2050 1411 2122 1460 mo·

258 1541 359 1610 dium
383 1562 447 1630 per
469 1547 673 1613 trabersum
697 1549 782 1614 sunt
804 1544 900 1632 passi
925 1545 1101 1634 triginta,
1118 1545 1165 1614 ad
1182 1543 1275 1613 iusto
1290 1565 1435 1633 passum
1451 1543 1591 1612 homini
1608 1547 1867 1614 mensuratum.
1886 1548 1951 1612 hec
1968 1562 2052 1613 vero
2067 1566 2122 1614 re-

262 1699 344 1783 bus,
370 1695 527 1782 qualiter
549 1698 714 1784 superins
736 1699 820 1767 finis
843 1699 955 1787 posite
978 1703 1062 1768 sunt
1083 1704 1119 1768 et
1140 1699 1324 1768 mensurio
1347 1700 1425 1786 ipsa
1447 1697 1643 1786 percurrit,
1660 1700 1736 1767 tota
1753 1701 1789 1766 et
1806 1696 1935 1767 inolita
1950 1717 2031 1768 oum
2045 1717 2124 1765 om-

126 1862 129 1868 ·
258 1849 325 1918 nia
348 1850 444 1920 intro
470 1871 506 1921 se
531 1852 722 1922 abentibus
744 1857 781 1922 et
804 1872 886 1922 cum
909 1853 987 1921 bice
1010 1854 1053 1922 de
1078 1853 1139 1922 bia
1155 1871 1222 1921 sua
1238 1852 1340 1921 nobis
1362 1851 1560 1920 nominatis
1576 1851 1762 1938 germanis
1780 1851 1849 1937 ipsi
1865 1850 1943 1920 thio
1966 1855 2002 1920 et
2016 1870 2122 1940 nepo-

256 2007 312 2070 tes
337 2005 382 2073 ad
406 2007 599 2074 tenendum
622 2011 658 2074 et
681 2006 942 2093 pastenandum
966 2007 1071 2076 vinea
1095 2005 1269 2074 traditum
1298 2007 1477 2074 abuerunt
1504 2053 1843 2072 ..........
1868 2023 1980 2091 usque
1995 2011 2122 2076 nobem

262 2160 351 2230 anni
378 2162 543 2248 completi
568 2160 683 2230 licead
705 2180 770 2229 nos
791 2165 828 2229 et
851 2161 985 2228 nostris
1007 2159 1198 2229 heredibus
1219 2163 1296 2230 tota
1319 2159 1527 2245 supradicta
1550 2159 1720 2228 tradiotio
1742 2165 1865 2230 tenere
1892 2163 1938 2230 ad
1962 2167 2122 2233 nostram

258 2316 485 2400 potestatem,
502 2318 537 2381 et
553 2314 672 2383 fobeas
687 2317 723 2381 et
737 2314 853 2380 omnis
868 2317 988 2383 nostre
1004 2312 1175 2382 utilitatis
1200 2313 1334 2382 ibidem
1355 2313 1488 2401 iacere,
1503 2317 1539 2383 et
1556 2312 1664 2381 binea
1682 2312 1734 2380 ibi
1751 2315 1931 2400 plantare,
1955 2321 1991 2384 et
2006 2311 2122 2390 omnis

261 2463 391 2532 binum
414 2469 450 2532 et
473 2465 639 2550 quicquit
653 2465 784 2533 ibidem
800 2465 1009 2554 annualiter
1025 2465 1195 2534 redierit:
1226 2518 1526 2537 .........
1552 2467 1715 2556 completi
1732 2475 1810 2538 octo
1826 2471 1915 2538 anni
1930 2475 2043 2540 totum
2061 2492 2123 2541 no-

260 2621 333 2684 stre
357 2615 431 2684 sint
453 2617 635 2704 potestati,
661 2618 863 2687 iaciendum
886 2617 1018 2687 exinde
1041 2619 1133 2704 qnod
1157 2620 1387 2707 uoluerimus,
1412 2627 1447 2689 et
1463 2621 1600 2690 nullam
1616 2622 1747 2692 exinde
1765 2623 1868 2689 nobis
1884 2623 2009 2692 tollere
2032 2645 2119 2712 que·

258 2787 345 2855 res3
371 2774 407 2837 et
430 2769 684 2857 obligaverunt
705 2790 742 2838 se
766 2789 899 2857 suoque
924 2770 1017 2837 lilios
1039 2776 1075 2840 et
1097 2773 1245 2841 heredes
1267 2773 1371 2841 nobis
1396 2775 1598 2861 nostrisque
1613 2777 1805 2845 heredibus
1821 2795 1932 2862 usque
1956 2777 2121 2863 completi

261 2921 333 3008 ipsi
358 2926 484 2992 nobem
508 2924 598 2991 anni
621 2924 828 3011 supradicte
856 2975 1302 2995 .............
1328 2928 1536 2997 hominibus
1559 2931 1753 3016 homnique
1776 2930 1954 3018 partibuS,
1969 2930 2015 2999 ad
2030 2950 2124 2998 com·

261 3077 348 3164 pleti
377 3078 446 3166 ipsi
471 3081 598 3147 nobem
623 3079 711 3149 anni
740 3130 1260 3150 ...............
1278 3085 1449 3152 abeamus
1473 3083 1511 3150 in
1538 3085 1617 3171 ipsa
1640 3088 1739 3152 terra
1764 3083 1860 3151 inira
1881 3084 1957 3170 ipse
1980 3085 2064 3152 linis
2088 3091 2124 3154 et

260 3233 441 3301 mensurio
465 3233 572 3302 vinea
595 3234 692 3303 iacta
715 3238 751 3301 et
775 3233 895 3302 lebata
919 3239 955 3302 et
978 3237 1165 3322 cooperata
1189 3235 1232 3302 de
1256 3253 1361 3322 super
1384 3241 1420 3305 et
1434 3237 1477 3304 de
1493 3241 1616 3325 supter
1643 3289 1798 3306 .....
1824 3237 1917 3305 sicut
1933 3237 2029 3305 locus
2046 3238 2122 3324 ipse

262 3385 448 3472 meruerit,
472 3391 513 3454 ut
527 3389 617 3455 bene
632 3392 785 3473 pareant
799 3387 963 3458 laborata
984 3393 1021 3458 et
1043 3389 1179 3458 cultata
1201 3393 1238 3456 et
1260 3387 1389 3476 pomis,
1413 3390 1449 3454 et
1472 3388 1650 3472 plicarent
1672 3408 1709 3458 se
1733 3389 1806 3458 illis
1829 3395 1865 3459 et
1889 3391 2037 3458 heorum
2061 3394 2122 3458 he·

262 3539 407 3606 redibus
434 3591 589 3608 .....
614 3561 676 3628 per
701 3543 783 3628 ipse
799 3541 883 3609 finis
905 3547 941 3610 et
963 3541 1161 3628 mensuria,
1186 3558 1262 3630 seu,
1286 3540 1318 3607 si
1341 3546 1438 3611 estre
1461 3541 1540 3629 ipsa
1563 3543 1747 3612 mensurio
1772 3543 1894 3630 ibique
1912 3544 1951 3610 in
1970 3544 2049 3629 ipsa
2065 3563 2120 3611 re-

263 3693 328 3758 bus
351 3709 475 3759 eorum
499 3693 539 3758 in
563 3693 680 3780 capite
705 3693 812 3762 vinea
835 3695 968 3763 factam
991 3693 1211 3779 abuerimns,
1235 3697 1349 3761 totum
1372 3713 1435 3780 per
1459 3693 1616 3762 medium
1639 3693 1817 3780 equaliter
1840 3711 1904 3760 nos
1930 3694 2013 3764 illut
2026 3694 2122 3763 ¹dibi-

266 3842 450 3912 deremns;
477 3844 551 3912 illis
574 3846 628 3912 vel
653 3845 797 3914 illorum
821 3846 1012 3914 heredibus
1027 3845 1193 3914 tollerent
1208 3844 1292 3913 illut
1307 3845 1479 3932 medium,
1496 3847 1532 3913 et
1547 3845 1651 3912 nobis
1667 3851 1703 3914 et
1719 3846 1765 3914 ad
1780 3845 1913 3914 nostris
1928 3847 2120 3917 heredibus

262 3995 448 4066 traderent
473 3998 511 4064 in
535 4001 628 4064 sorte
653 3999 735 4066 illut
757 3998 986 4068 medietatem
1008 4018 1088 4066 curn
1110 3999 1188 4067 vice
1210 3999 1253 4066 de
1277 3999 1339 4068 bia
1363 4017 1429 4067 sua
1453 4017 1516 4085 per
1538 3998 1648 4068 talem
1661 3999 1803 4067 firmam
1820 4001 2063 4091 scriptionem,
2082 4010 2122 4071 ut

262 4149 359 4216 omni
386 4156 543 4239 tempore
566 4168 631 4219 nos
654 4156 691 4218 et
713 4151 846 4219 nostris
867 4150 1058 4218 heredibus
1081 4151 1253 4219 securiter
1277 4155 1313 4219 et
1335 4152 1487 4220 firmiter
1504 4151 1585 4222 illut
1601 4156 1707 4221 abere
1724 4156 1899 4238 poterent,
1916 4152 2119 4220 iaciendum

261 4301 392 4372 exinde
415 4303 507 4388 qnod
530 4303 760 4390 boluerimuS,
785 4303 1007 4372 defensatum
1030 4321 1168 4388 semper
1193 4301 1275 4369 illut
1298 4301 1401 4370 nobis
1424 4303 1625 4388 nostrisque
1642 4303 1833 4371 heredibus
1857 4321 1920 4387 per
1947 4302 2015 4388 ipsi
2039 4302 2117 4370 thio

263 4460 299 4524 et
321 4461 467 4544 nepotes
490 4462 526 4525 et
548 4477 612 4544 per
635 4456 780 4524 illorum
802 4457 890 4523 filiis
912 4461 948 4524 et
971 4457 1119 4525 heredes
1142 4459 1188 4524 ab
1211 4455 1376 4522 omnibus
1392 4453 1608 4522 ‘hominibus
1631 4454 1799 4541 omnique
1823 4455 2000 4543 partibus,
2024 4454 2119 4524 sicut

262 4607 423 4676 eontinet
435 4611 578 4677 brebem
592 4614 752 4676 nostrum
768 4609 810 4676 de
827 4609 905 4696 ipsa
919 4608 1179 4697 pastenatione,
1197 4610 1289 4696 quod
1316 4660 1508 4677 ......
1533 4609 1714 4677 firmatum
1727 4611 1774 4676 ab
1786 4607 1929 4675 illorum
1944 4614 2046 4695 parte
2062 4630 2119 4679 re·

263 4761 440 4846 tinemus3
466 4765 502 4828 et
524 4761 731 4829 costitutum
755 4761 871 4847 ipsum
894 4761 957 4847 qui
982 4763 1125 4830 brebem
1149 4762 1265 4847 ipsum
1289 4761 1460 4847 continet,
1480 4759 1552 4830 iam
1566 4759 1717 4830 transiit
1739 4765 1775 4828 et
1797 4761 2057 4848 prebaricabit,
2082 4767 2119 4830 et

264 4931 336 4980 non
360 4915 508 4982 abemus
532 4913 570 4980 in
593 4913 837 5001 suprascripta
860 4915 1075 4984 tradiotione
1099 4915 1178 5003 ipsa
1201 4915 1308 4983 binea
1331 4911 1383 4980 sic
1407 4911 1827 4999 superscatentes,
1853 4913 1961 4983 sicuti
1985 4915 2118 4985 exinde

262 5067 412 5155 obligati
436 5068 569 5135 suimus
593 5067 675 5134 illut
697 5067 915 5154 iaciendum,
939 5073 975 5137 et
990 5088 1052 5156 per
1065 5069 1180 5156 legem
1196 5065 1327 5134 exinde
1340 5068 1486 5132 heorum
1503 5081 1712 5151 componere
1727 5065 1915 5134 debuimus
1931 5068 2009 5155 ipsa
2025 5088 2118 5138 oom-

265 5221 453 5308 positione,
477 5240 546 5307 qne
570 5222 646 5310 ipso
670 5225 813 5291 brebem
836 5221 979 5290 illorum
1002 5222 1045 5290 de
1069 5219 1229 5309 predicta
1252 5219 1499 5308 pastenatione
1521 5225 1575 5289 est
1591 5223 1847 5292 continentem.
1865 5223 1965 5291 Modo
1981 5229 2116 5314 autem,

266 5379 305 5442 ut
326 5374 500 5462 diximus,
524 5382 713 5464 propterea
736 5393 858 5444 sumus
881 5375 1010 5444 exinde
1032 5394 1095 5462 per
1121 5379 1213 5445 bona
1236 5375 1498 5445 combenientia
1513 5376 1675 5445 coniunti
1691 5397 1773 5445 cum
1788 5377 1906 5465 ipsum
1921 5380 2063 5445 amatus
2079 5381 2115 5446 et

265 5547 345 5597 cnm
369 5530 545 5599 iohannes
569 5519 667 5598 filius
689 5529 839 5600 iohanni
864 5530 994 5598 iudici:
1021 5532 1096 5621 ipse
1120 5531 1293 5601 iohannes
1314 5531 1391 5599 vioe
1414 5550 1480 5600 sua
1503 5537 1539 5599 et
1562 5532 1639 5599 vioe
1670 5530 1810 5600 selleote
1836 5531 1940 5599 uxori
1965 5549 2028 5598 sue
2050 5527 2114 5616 qui

267 5682 334 5751 luit
356 5683 435 5752 fllia
459 5683 529 5771 ipsi
552 5683 666 5772 mari,
690 5688 726 5754 et
748 5703 811 5770 per
835 5685 966 5752 donum
989 5689 1025 5753 et
1046 5683 1223 5772 launegilt
1244 5683 1391 5753 donabit
1413 5683 1515 5751 nobis
1540 5685 1618 5771 ipsa
1639 5683 1893 5772 compositione
1916 5703 1985 5772 que
2009 5705 2111 5773 supe-

266 5835 342 5906 rius
365 5837 538 5926 diximus,
561 5843 597 5907 et
618 5837 662 5908 de
684 5841 760 5908 tota
783 5837 1028 5928 suprascripta
1050 5839 1279 5928 tradiotione,
1301 5837 1395 5906 sicut
1409 5837 1586 5907 combenit
1602 5839 1696 5906 inter
1711 5854 1775 5904 nos
1790 5842 1828 5907 et
1843 5837 1932 5926 illis,
1948 5840 2111 5910 venimus
