5376 7104
941 655 943 662 ,
1004 569 1412 644 ntetouarlcus
2015 554 2087 641 aaa·

287 802 324 867 et
348 815 486 885 semper
509 795 756 867 antistandum
779 801 816 865 et
837 795 1091 866 defensandum
1115 796 1213 865 vobis
1235 797 1434 884 vestrisque
1458 796 1634 866 eredibus:
1661 794 1830 864 similiter
1853 809 1920 882 ego
1936 793 2130 864 iamdictus

286 949 503 1039 berengneri
527 949 702 1038 obligabit
725 967 782 1018 me
805 951 840 1018 et
864 967 958 1018 meos
980 950 1102 1018 eredes
1125 968 1263 1036 semper
1279 951 1526 1020 antistandum
1542 955 1578 1020 et
1593 948 1850 1018 defensandum
1867 947 1966 1015 vobis
1983 945 2131 1016 vestris-

281 1123 349 1191 que
375 1103 553 1191 eredibus,
577 1107 613 1172 et
636 1121 701 1171 nos
724 1121 845 1172 omnes
869 1103 934 1172 toti
957 1102 1190 1170 communiter
1214 1103 1325 1188 nobie,
1351 1106 1387 1172 et
1409 1105 1467 1171 cui
1488 1103 1630 1171 cartula
1646 1103 1717 1171 ista
1733 1101 1771 1169 in
1788 1119 1934 1171 manum
1950 1103 2133 1188 paruerit,

285 1262 360 1326 tota
384 1257 626 1346 suprascripta
649 1261 817 1343 quartam
840 1261 979 1344 partem
1002 1255 1046 1324 de
1070 1258 1175 1324 rebus
1198 1256 1277 1342 ipsa
1300 1255 1397 1324 infra
1422 1254 1496 1342 ipse
1520 1255 1602 1324 finis
1625 1260 1660 1323 et
1675 1256 1869 1342 mensurie,
1885 1255 1978 1342 quod
1997 1260 2052 1324 est
2070 1273 2134 1322 no-

282 1414 360 1479 stra
385 1409 557 1496 sortione,
581 1430 662 1478 cum
685 1411 763 1478 bice
787 1410 830 1479 de
855 1409 933 1498 ipsa
957 1409 1016 1479 bia
1039 1409 1086 1478 da
1109 1411 1224 1477 omnis
1246 1410 1381 1477 omines
1404 1401 1571 1496 omnique
1592 1407 1770 1495 partibus3
1793 1412 1829 1476 et
1852 1409 1883 1476 si
1906 1409 2030 1478 taliter
2048 1409 2132 1476 illos

283 1561 354 1630 tibi
377 1564 503 1650 tuique
527 1562 706 1648 eredibus,
731 1566 766 1632 et
789 1561 847 1630 cui
871 1563 1012 1631 cartula
1035 1563 1106 1631 ista
1129 1561 1168 1628 in
1191 1581 1336 1632 manum
1370 1563 1553 1649 paruerit,
1585 1561 1772 1632 defensare
1800 1579 1872 1629 non
1895 1563 2137 1650 potuerimus,

282 1725 383 1805 tunc,
408 1719 502 1786 sicut
526 1718 565 1784 in
590 1718 650 1788 lex
674 1717 1001 1807 langnobardorum
1025 1717 1068 1784 de
1084 1717 1215 1784 donum
1231 1719 1266 1784 et
1282 1715 1458 1804 launegilt
1480 1715 1654 1802 continet,
1679 1715 1731 1783 ita
1754 1731 1817 1781 nos
1840 1720 1877 1784 et
1899 1717 2034 1784 nostris
2058 1735 2135 1786 ere-

283 1874 388 1940 dibus
412 1873 670 1960 adimpleamus
692 1879 728 1942 et
750 1874 993 1961 persolbamus
1015 1871 1114 1939 vobis
1138 1871 1336 1959 vestrisque
1352 1871 1515 1941 eredibus
1531 1872 1685 1958 iustitia3
1710 1873 1803 1959 quod
1820 1873 1850 1942 si
1869 1871 1992 1941 taliter
2008 1873 2136 1942 omnia

282 2027 530 2114 suprascripta
555 2046 618 2113 per
641 2027 846 2114 supradicto
870 2023 993 2092 ordine
1016 2025 1134 2110 vobis,
1157 2028 1193 2092 et
1216 2026 1274 2094 cui
1299 2026 1438 2094 cartula
1461 2027 1532 2094 ista
1557 2025 1596 2092 in
1620 2043 1767 2095 manum
1791 2026 1967 2112 paruerit,
1995 2046 2067 2095 non
2092 2048 2132 2097 a·

281 2179 593 2267 dimpleberimuS,
619 2184 682 2248 aut
705 2181 736 2247 si
760 2177 824 2245 'nos
847 2178 1030 2264 nostrique
1054 2177 1217 2246 eredibus
1249 2179 1570 2267 quomodocumque
1604 2200 1667 2267 per
1698 2179 1956 2267 qualecumque
1986 2182 2131 2251 ratione

282 2335 523 2420 quesierimus
547 2333 650 2400 illum
673 2333 727 2402 rel
752 2333 881 2401 exinde
904 2351 963 2402 eos
985 2333 1083 2400 vobis
1105 2301 1229 2406 tollere
1253 2337 1317 2401 aut
1340 2337 1519 2419 contrare,
1542 2337 1605 2401 aut
1628 2334 1659 2399 si
1684 2333 1928 2420 quodcumque
1951 2337 2133 2404 causatio-

288 2505 351 2556 nes
374 2487 505 2556 exinde
529 2487 829 2574 preposuerimus‚
854 2506 917 2574 per
941 2487 1019 2573 ipsa
1034 2486 1168 2574 guadia
1183 2505 1392 2574 componere
1408 2486 1646 2575 obligabimus
1661 2505 1725 2555 nos
1740 2487 1944 2574 supradicte
1962 2488 2131 2558 mulieres

283 2645 321 2708 ot
348 2661 414 2728 ego
438 2640 629 2710 iamdictus
652 2640 866 2727 berengneri
890 2645 927 2708 et
951 2643 1090 2708 nostros
1104 2639 1241 2726 eredes,
1256 2642 1378 2708 tamen
1394 2657 1458 2706 nos
1474 2638 1641 2708 iamdicto
1656 2640 1824 2708 mulieres
1839 2659 1902 2727 per
1915 2658 2128 2710 consensum

283 2795 326 2862 de
351 2796 419 2882 ipsi
442 2796 497 2862 vir
520 2799 556 2862 et
579 2794 764 2863 mundoalt
785 2793 912 2880 nostri,
934 2792 999 2862 tibi
1017 2791 1184 2861 iamdicto
1208 2793 1283 2860 ursi
1308 2794 1363 2861 vel
1386 2793 1431 2862 ad
1454 2796 1533 2862 tuos
1556 2793 1705 2880 eredeS,
1729 2794 1785 2863 vel
1809 2795 1867 2863 cui
1891 2797 2034 2865 cartula
2059 2796 2130 2868 ista

285 2948 323 3013 in
348 2966 496 3018 manum
520 2947 697 3034 paruerit,
722 2947 991 3034 quinquaginta
1014 2948 1096 3014 auri
1120 2944 1249 3013 solidos
1273 2946 1536 3033 constantinos,
1559 2953 1595 3015 et
1616 2947 1737 3014 omnia
1760 2947 2006 3036 suprascripta
2030 2949 2128 3016 vobis

283 3101 556 3188 adimpleamus,
573 3107 609 3170 et
624 3102 761 3188 questio
776 3107 812 3169 et
826 3101 985 3169 causatio
1002 3103 1126 3168 nostra
1142 3104 1178 3168 et
1194 3099 1237 3166 de
1252 3099 1384 3167 nostris
1398 3098 1564 3168 eredibus
1578 3099 1652 3167 sint
1667 3099 1800 3168 exinde
1816 3102 1929 3169 tacita
1945 3105 1981 3170 et
1998 3104 2131 3190 bactra,

289 3257 326 3322 et
348 3253 490 3340 quando
513 3271 586 3339 vos,
611 3258 647 3321 et
670 3252 726 3321 cui
751 3253 893 3322 cartula
916 3251 986 3321 ista
1009 3253 1046 3320 in
1071 3271 1217 3321 manum
1242 3253 1420 3340 paruerit,
1443 3253 1486 3322 de
1509 3252 1717 3341 supradicta
1740 3259 1865 3324 nostra
1889 3255 2080 3325 donatione
2098 3263 2136 3327 et

286 3409 329 3476 de
354 3409 534 3478 monimen
559 3407 688 3476 exinde
712 3407 955 3476 continentem
977 3427 1040 3494 per
1065 3425 1126 3474 vos
1151 3407 1237 3494 ipsis
1259 3407 1448 3477 bolueritis
1464 3414 1557 3478 esset
1572 3416 1748 3497 auctores,
1766 3415 1978 3498 potestatem
1993 3414 2133 3483 abeatis

285 3564 363 3634 vice
387 3566 511 3632 nostra
535 3561 573 3629 in
597 3563 762 3630 omnibus
784 3559 916 3630 exinde
939 3580 1089 3631 causare
1112 3567 1148 3630 et
1170 3563 1278 3632 finem
1302 3564 1447 3652 iacere,
1470 3565 1626 3651 qualiter
1651 3565 1860 3652 bolueritis3
1884 3569 1920 3633 et
1944 3565 2129 3636 licentiam

283 3721 322 3786 et
346 3719 557 3803 potestatem
580 3717 718 3784 abeatis
741 3733 890 3784 causare
913 3734 993 3782 cum
1018 3713 1071 3782 illi
1094 3716 1272 3785 ominibus
1294 3722 1331 3786 et
1353 3721 1536 3806 partibus,
1560 3720 1623 3805 qui
1647 3721 1789 3788 abuerit
1812 3719 1992 3787 monimen
2015 3721 2132 3788 conti-

283 3876 424 3940 nentem
448 3889 496 3938 ex
521 3871 617 3956 ipsas
639 3873 761 3956 rebus,
786 3873 821 3938 et
844 3868 927 3936 inde
951 3888 1031 3937 cum
1054 3871 1106 3938 eis
1129 3870 1172 3939 de
1196 3870 1275 3958 ipsa
1298 3873 1477 3939 monimen
1500 3871 1626 3940 ordine
1649 3871 1782 3959 facere,
1806 3871 1899 3941 sicut
1915 3872 2134 3943 consuetudo

281 4029 377 4093 terre
400 4023 505 4093 istius
528 4028 594 4110 est3
621 4029 657 4092 et
679 4022 823 4109 quando
844 4039 909 4089 nos
932 4023 988 4091 vel
1011 4025 1149 4091 nostros
1172 4024 1294 4093 eredes
1317 4025 1360 4092 de
1391 4025 1595 4113 supradicta
1631 4030 1757 4096 nostra
1779 4026 1970 4096 donatione
1992 4027 2134 4115 quesie-

282 4177 364 4246 ritis
387 4179 516 4247 exinde
540 4181 647 4248 abere
669 4183 852 4265 autorem,
878 4196 942 4244 nos
964 4182 1085 4246 autem
1107 4181 1144 4248 et
1166 4183 1304 4248 nostros
1327 4181 1449 4248 eredes
1474 4179 1576 4248 illum
1600 4181 1719 4267 vobis,
1750 4185 1786 4249 et
1808 4181 1866 4248 cui
1890 4179 2035 4248 cartula
2059 4180 2130 4247 ista

284 4335 322 4400 in
345 4352 492 4403 manum
518 4333 693 4420 paruerit,
717 4333 938 4402 defensemus
961 4337 997 4401 et
1019 4332 1138 4402 omnia
1161 4335 1259 4402 vobis
1281 4335 1559 4422 adimpleamus,
1584 4336 1677 4403 sicut
1700 4334 1865 4421 superius
1889 4335 2039 4421 legitur,
2065 4351 2128 4421 per

283 4487 452 4556 iamdicta
474 4488 607 4576 guadia
630 4491 667 4555 et
690 4485 850 4574 obligata
873 4505 978 4574 pena,
1002 4491 1039 4556 et
1061 4505 1127 4574 ego
1151 4486 1341 4556 iamdictus
1365 4487 1551 4574 iohannes,
1573 4488 1633 4575 qui
1651 4505 1730 4555 sum
1747 4487 1936 4573 mediator,
1954 4505 2034 4552 sum
2055 4487 2135 4555 biro

283 4639 441 4727 predicte
464 4640 598 4708 delecte
614 4645 651 4708 et
667 4640 761 4708 illius
776 4639 925 4728 predicti
943 4639 1084 4708 concili:
1101 4659 1141 4707 ec
1157 4637 1364 4724 supradicta
1380 4642 1485 4708 rebus
1502 4638 1598 4706 intra
1613 4637 1771 4724 predicte
1788 4636 1872 4718 linis
1888 4642 1924 4706 et
1941 4655 2131 4707 mensuras

283 4793 455 4863 ooniunta
479 4797 531 4861 est
555 4809 635 4860 cum
659 4791 734 4860 alia
758 4793 864 4859 rebus
888 4792 1000 4880 ipsius
1022 4793 1125 4881 ursi,
1151 4795 1244 4862 sicut
1266 4813 1330 4862 sue
1352 4793 1490 4862 cartule
1514 4792 1712 4880 parationis
1735 4791 1922 4880 continet,
1946 4797 1982 4860 et
2005 4790 2129 4862 taliter

283 4947 440 5013 scribere
464 4946 670 5032 rogabimus
694 4949 728 5012 te
751 4945 937 5031 iaquintus
959 4948 1136 5032 notarius,
1160 4951 1278 5015 actum
1304 4945 1457 5014 salerno.

331 5071 360 5186 †
387 5099 462 5185 Ego
484 5098 545 5184 qui
570 5117 679 5184 supra
701 5099 985 5184 regemprandus
1008 5099 1118 5168 iudex

284 5294 287 5300 ,
328 5223 358 5337 †
385 5251 460 5338 Ego
483 5249 627 5319 altanus
650 5251 814 5318 notarius
837 5269 892 5319 me
918 5252 1125 5338 subscripsi.
