5376 7104
973 576 1379 652 blplolulrlbbs
1982 575 2047 652 231

244 803 403 890 fruendi,
427 803 644 891 possidendi,
668 803 853 890 vindendi,
877 801 1047 890 donandi,
1070 820 1132 872 scu
1156 803 1398 873 commutandi
1422 801 1573 875 liveram
1595 805 1759 874 babeatis
1776 807 1999 892 potestatem,
2016 805 2100 875 sine

245 956 344 1024 omni
370 961 493 1028 nostra
514 961 552 1026 et
572 956 616 1027 de
639 958 772 1026 nostris
796 955 987 1026 heredibus
1016 957 1307 1026 contrarietatem
1336 963 1399 1027 aut
1422 959 1695 1046 requesitionem
1722 959 1762 1026 in
1784 963 2018 1046 perpetuum:
2044 956 2103 1026 in·

248 1125 356 1196 super
380 1114 416 1178 et
440 1111 487 1178 ab
509 1126 650 1180 omnem
674 1111 853 1180 bominem
878 1127 941 1176 nos
958 1113 994 1178 et
1009 1107 1123 1176 nostri
1147 1107 1295 1176 heredes
1319 1110 1418 1177 vobis
1433 1113 1469 1177 et
1484 1107 1611 1176 vestris
1634 1109 1824 1178 heredibus
1848 1109 2100 1196 suprascripta

249 1264 375 1330 nostra
399 1260 612 1332 traditiones
636 1265 820 1332 antestare
843 1265 879 1330 et
901 1261 1086 1332 defensare
1110 1261 1365 1348 promittimur.
1384 1261 1482 1337 Quod
1505 1261 1535 1329 si
1559 1261 1707 1331 minime
1731 1262 1829 1330 vobis
1853 1261 1984 1332 exindo
2007 1261 2103 1332 feee—

247 1416 374 1502 rimm,
399 1419 545 1484 centum
567 1416 756 1502 byzanteos
780 1415 877 1483 vobis
900 1431 1109 1502 componere
1133 1413 1384 1502 promittimus,
1400 1421 1436 1485 et
1459 1434 1499 1486 ec
1522 1416 1688 1486 chartula
1713 1417 1761 1484 sit
1785 1415 1888 1486 firma
1912 1417 1951 1484 in
1975 1433 2103 1505 perpe-

248 1575 362 1638 tuum.

304 1694 336 1812 †
360 1723 435 1810 Ego
458 1722 513 1792 leo
534 1723 630 1790 filius
652 1723 749 1810 sergi
772 1723 815 1791 de
839 1722 938 1792 leone
961 1723 1003 1792 dc
1027 1721 1252 1793 constantino
1274 1727 1403 1794 comite
1426 1727 1527 1796 testis
1550 1743 1628 1793 sum

302 1853 334 1969 †
358 1881 434 1967 Ego
458 1879 632 1949 iohannes
655 1879 752 1948 filius
775 1881 892 1949 nicete
916 1881 1197 1967 protospatharii
1219 1880 1321 1950 testis
1344 1899 1423 1948 sum

298 2007 330 2124 †
353 2034 430 2121 Ego
453 2035 595 2122 sergius
618 2033 716 2104 filius
739 2033 833 2122 gutli
858 2032 902 2102 de
925 2034 1024 2102 leone
1047 2033 1090 2102 de
1113 2037 1215 2122 gutto
1240 2036 1340 2104 testis
1363 2053 1442 2102 sum

300 2159 331 2276 †
356 2189 431 2277 Ego
455 2208 561 2258 ursus
585 2189 703 2258 soriva
726 2189 835 2258 huius
851 2188 970 2258 civitis
985 2187 1105 2259 amalfi
1122 2190 1215 2258 hanc
1231 2187 1434 2258 chartulam
1450 2189 1657 2260 traditionis
1673 2211 1782 2262 manu
1798 2189 1943 2279 propria
1959 2189 2103 2276 scripsi.

944 2446 1421 2456 *Μ-

1031 2709 1319 2791 DCLXXI.

1033 2971 1088 3048 A.
1117 2969 1169 3046 D.
1197 2965 1319 3049 1013.

301 3217 337 3355 †
362 3271 402 3335 ln
425 3263 569 3333 nomine
592 3261 728 3334 domini
751 3261 931 3333 tricesimo
954 3261 1107 3330 secundo
1131 3277 1227 3330 anno
1250 3259 1372 3328 domni
1396 3257 1542 3346 paldolii
1564 3258 1741 3346 gloriosus
1765 3257 1945 3346 princeps,
1961 3263 1997 3328 et
2013 3259 2109 3327 vice·

251 3429 348 3496 simo
371 3425 519 3510 septimo
543 3432 638 3490 anno
661 3415 883 3507 principatus
907 3414 1026 3484 domni
1042 3413 1188 3484 landolfi
1203 3413 1268 3480 filii
1286 3413 1376 3500 eius,
1394 3417 1430 3480 et
1446 3411 1599 3480 secundo
1623 3430 1719 3482 anno
1742 3413 1967 3500 principatus
1984 3411 2106 3479 domni

253 3577 398 3666 paldolfi
421 3574 489 3644 lilii
513 3571 711 3662 supradicti
735 3569 854 3640 domui
878 3566 1022 3638 landolfi
1045 3566 1191 3654 gloriosi
1215 3565 1410 3653 principis,
1443 3582 1562 3632 mense
1585 3564 1788 3651 december,
1813 3565 2024 3635 duodecima
2049 3565 2108 3632 in-

251 3733 425 3802 dictione.
449 3730 600 3816 Ideoque
622 3744 688 3814 ego
711 3723 839 3792 mulier
862 3720 1006 3790 nomine
1029 3720 1222 3807 sikelgaita
1244 3717 1322 3787 fllia
1345 3716 1499 3803 iaquinti
1515 3714 1657 3802 iudici,
1682 3722 1718 3786 et
1739 3736 1808 3802 que
1832 3736 1911 3785 sum
1936 3736 2027 3786 uxor
2052 3720 2108 3788 di-

255 3887 338 3957 lecti
363 3885 474 3954 iudici
506 3883 568 3970 qui
593 3887 628 3951 et
652 3876 845 3966 adelgardo
867 3874 1010 3960 dicitur,
1034 3873 1129 3940 filius
1152 3871 1367 3960 potelgardi,
1398 3871 1462 3958 qui
1485 3875 1521 3939 et
1544 3869 1671 3939 dilecto
1701 3873 1872 3960 vocabat,
1896 3872 1989 3942 sicut
2014 3873 2107 3942 mihi

251 4055 456 4129 congruum
479 4039 553 4124 est,
585 4051 677 4102 vona
699 4031 834 4100 etenim
856 4047 936 4096 mea
960 4025 1186 4094 volumtatem
1216 4029 1301 4093 ante
1324 4023 1506 4110 presentia
1535 4023 1629 4093 mari
1653 4023 1764 4092 iudici
1793 4027 1829 4092 et
1858 4025 1941 4094 aliis
1966 4026 2105 4096 idoneis

253 4193 436 4262 ominibus
459 4207 524 4276 per
545 4187 694 4256 berbum
709 4187 745 4252 et
767 4183 993 4250 volumtatem
1017 4176 1213 4266 supradicti
1238 4176 1307 4243 viri
1331 4176 1415 4262 mei,
1432 4176 1471 4243 in
1494 4176 1596 4244 cuius
1620 4177 1805 4246 mundium
1829 4195 1921 4263 sum,
1944 4197 2008 4264 per
2033 4198 2103 4248 ane

253 4345 432 4416 cartulam
457 4339 606 4410 donabit
628 4338 743 4425 adque
766 4337 812 4405 ad
835 4353 973 4424 semper
997 4331 1175 4402 abendum
1203 4325 1427 4397 confirmabit
1456 4328 1523 4395 tibi
1552 4327 1698 4398 iannaci
1731 4328 1903 4398 castaldei
1931 4329 2006 4399 filio
2030 4331 2104 4402 ursi

254 4505 330 4571 tota
353 4505 388 4568 et
411 4497 575 4566 inclitam
598 4511 737 4562 omnem
760 4493 865 4560 rebus
889 4507 981 4576 mea,
1005 4487 1098 4574 quod
1128 4485 1217 4554 mibi
1240 4486 1346 4553 abere
1369 4483 1546 4571 pertinuit
1568 4504 1590 4553 a
1613 4501 1698 4570 pars
1722 4483 1879 4570 iaquinti
1902 4485 2014 4554 iudici
2040 4489 2104 4575 qui

257 4651 329 4719 suit
355 4649 497 4737 genitor
521 4663 641 4733 meus,
664 4647 700 4712 et
722 4643 768 4713 da
793 4639 872 4729 ipsa
894 4637 1077 4728 genetrice
1101 4657 1179 4707 mea
1203 4637 1242 4705 in
1265 4637 1338 4704 loco
1362 4634 1474 4704 beteri
1499 4635 1717 4704 salernitane
1740 4634 1894 4724 finibus,
1917 4656 1999 4704 cum
2024 4639 2104 4707 bice

253 4807 299 4875 de
323 4803 394 4872 riis
419 4807 454 4872 et
478 4819 545 4870 usu
569 4817 745 4888 aquarum
769 4802 805 4866 et
826 4793 990 4863 omnibus
1013 4813 1036 4863 a
1058 4811 1095 4861 se
1119 4789 1382 4878 pertinentibus
1405 4785 1597 4872 subditum,
1620 4790 1661 4855 ut
1682 4787 1817 4858 dictum
1841 4795 1909 4876 est,
1933 4790 2015 4860 illut
2039 4793 2110 4862 tibi

255 4958 423 5046 donabit,
448 4955 622 5025 securiter
637 4959 673 5023 et
689 4951 840 5020 firmiter
862 4949 986 5019 amodo
1001 4951 1037 5014 et
1052 4963 1189 5032 semper
1204 4949 1244 5011 tu
1259 4947 1295 5012 et
1310 4942 1381 5012 tuis
1404 4941 1569 5010 eredibus
1593 4939 1790 5028 predictam
1814 4945 1975 5014 nostram
2000 4946 2112 5018 dona-

257 5114 392 5182 tionem
417 5109 595 5179 abendum
618 5127 700 5178 cum
723 5103 837 5173 omnis
860 5102 1040 5170 monimen
1064 5099 1195 5169 exinde
1217 5100 1459 5185 continentes,
1483 5103 1519 5166 et
1541 5099 1660 5166 omnia
1683 5097 1815 5168 exinde
1838 5101 1992 5170 faciendi
2017 5103 2111 5189 quod

257 5241 464 5350 volueritis,
488 5261 582 5330 unde
605 5259 704 5328 etin
727 5255 902 5344 presentis
925 5272 989 5342 pro
1012 5253 1134 5323 eadem
1158 5257 1281 5320 nostra
1304 5252 1496 5321 donatione
1518 5252 1712 5320 secundum
1744 5253 1858 5340 legem
1883 5253 2062 5341 launegilt
2088 5275 2112 5324 a

259 5421 294 5486 te
318 5417 403 5485 iude
427 5415 626 5503 recepimus
649 5409 859 5480 mantellum
883 5426 993 5475 unum
1017 5406 1055 5472 in
1078 5407 1193 5472 omnis
1215 5405 1522 5493 deliberationem
1547 5407 1590 5475 de
1613 5407 1744 5495 quibus
1767 5425 1834 5494 ego
1857 5408 2041 5478 nominata
2065 5409 2116 5476 si-

261 5569 428 5656 kelgaita
461 5587 525 5655 per
558 5583 766 5635 consensum
790 5567 826 5630 et
848 5561 1069 5629 voluntatem
1093 5559 1290 5646 supradicti
1314 5559 1433 5628 dilecti
1458 5559 1568 5628 iudici
1592 5561 1648 5627 vir
1678 5580 1795 5648 meus,
1821 5561 1861 5629 iu
1885 5563 1986 5630 cuius
2010 5582 2118 5632 mun·

260 5725 361 5794 diurn
386 5745 485 5813 sum,
511 5745 574 5812 per
597 5741 690 5792 vona
714 5715 1007 5790 combenientiam
1040 5717 1158 5803 obligo
1191 5735 1247 5786 me
1274 5721 1309 5785 et
1331 5718 1419 5786 meis
1442 5715 1607 5784 eredibus
1635 5717 1760 5788 amodo
1789 5723 1825 5786 et
1852 5736 1990 5806 semper
2014 5724 2118 5790 ante·

267 5877 435 5949 standum
467 5881 503 5948 et
527 5874 780 5946 defensandum
810 5871 876 5942 tibi
905 5871 1028 5958 tuique
1058 5869 1222 5940 eredibus
1254 5870 1381 5940 inclita
1411 5867 1620 5958 supradicta
1651 5890 1730 5940 mea
1754 5870 1947 5942 donatione
1970 5872 2016 5943 da
2041 5873 2118 5942 illis
