<?xml version="1.0" encoding="UTF-8"?>
<!DOCTYPE html PUBLIC "-//W3C//DTD XHTML 1.0 Transitional//EN"
    "http://www.w3.org/TR/xhtml1/DTD/xhtml1-transitional.dtd">
<html xmlns="http://www.w3.org/1999/xhtml" xml:lang="en" lang="en">
 <head>
  <title>
</title>
<meta http-equiv="Content-Type" content="text/html;charset=utf-8" />
  <meta name='ocr-system' content='tesseract 3.04.00' />
  <meta name='ocr-capabilities' content='ocr_page ocr_carea ocr_par ocr_line ocrx_word'/>
</head>
<body>
  <div class='ocr_page' id='page_1' title='image "./codexdiplomatic05aragoog_0252.png"; bbox 0 0 5334 7098; ppageno 0'>
   <div class='ocr_carea' id='block_1_1' title="bbox 984 553 2066 630">
    <p class='ocr_par' dir='ltr' id='par_1_1' title="bbox 984 553 2066 630">
     <span class='ocr_line' id='line_1_1' title="bbox 984 553 2066 630; baseline 0.002 -4"><span class='ocrx_word' id='word_1_1' title='bbox 984 553 1385 630; x_wconf 75' lang='lat' dir='ltr'>ltlpnutlntlubs</span> <span class='ocrx_word' id='word_1_2' title='bbox 2001 557 2066 628; x_wconf 73' lang='lat'>⁶211</span> 
     </span>
    </p>
   </div>
   <div class='ocr_carea' id='block_1_2' title="bbox 168 773 2122 4402">
    <p class='ocr_par' dir='ltr' id='par_1_2' title="bbox 168 773 2122 3939">
     <span class='ocr_line' id='line_1_2' title="bbox 253 773 2104 870; baseline 0.006 -27"><span class='ocrx_word' id='word_1_3' title='bbox 253 773 350 862; x_wconf 83' lang='lat' dir='ltr'><strong>sergi</strong></span> <span class='ocrx_word' id='word_1_4' title='bbox 374 775 521 862; x_wconf 82' lang='lat' dir='ltr'>gloriosi</span> <span class='ocrx_word' id='word_1_5' title='bbox 545 775 628 845; x_wconf 87' lang='lat' dir='ltr'>duci</span> <span class='ocrx_word' id='word_1_6' title='bbox 653 795 748 846; x_wconf 90' lang='lat' dir='ltr'>anno</span> <span class='ocrx_word' id='word_1_7' title='bbox 772 781 939 865; x_wconf 89' lang='lat' dir='ltr'>hoctabo,</span> <span class='ocrx_word' id='word_1_8' title='bbox 964 781 1021 849; x_wconf 88' lang='lat' dir='ltr'>die</span> <span class='ocrx_word' id='word_1_9' title='bbox 1044 782 1251 852; x_wconf 89' lang='lat' dir='ltr'>duodecima</span> <span class='ocrx_word' id='word_1_10' title='bbox 1273 783 1387 851; x_wconf 89' lang='lat' dir='ltr'>menis</span> <span class='ocrx_word' id='word_1_11' title='bbox 1410 783 1591 870; x_wconf 88' lang='lat' dir='ltr'>ianuarii,</span> <span class='ocrx_word' id='word_1_12' title='bbox 1616 782 1812 852; x_wconf 82' lang='lat' dir='ltr'>indictione</span> <span class='ocrx_word' id='word_1_13' title='bbox 1836 784 2015 870; x_wconf 85' lang='lat' dir='ltr'>hoctaba,</span> <span class='ocrx_word' id='word_1_14' title='bbox 2040 786 2104 856; x_wconf 89' lang='lat' dir='ltr'>ha-</span> 
     </span>
     <span class='ocr_line' id='line_1_3' title="bbox 256 903 2108 1024; baseline 0.004 -28"><span class='ocrx_word' id='word_1_15' title='bbox 256 928 374 998; x_wconf 82' lang='lat' dir='ltr'>maltl:</span> <span class='ocrx_word' id='word_1_16' title='bbox 400 931 491 998; x_wconf 90' lang='lat' dir='ltr'>certi</span> <span class='ocrx_word' id='word_1_17' title='bbox 523 948 645 998; x_wconf 89' lang='lat' dir='ltr'>sumus</span> <span class='ocrx_word' id='word_1_18' title='bbox 674 949 738 998; x_wconf 90' lang='lat' dir='ltr'>nos</span> <span class='ocrx_word' id='word_1_19' title='bbox 770 949 868 1001; x_wconf 90' lang='lat' dir='ltr'>anna</span> <span class='ocrx_word' id='word_1_20' title='bbox 898 933 1026 1002; x_wconf 86' lang='lat' dir='ltr'>relicta</span> <span class='ocrx_word' id='word_1_21' title='bbox 1060 935 1179 1005; x_wconf 90' lang='lat' dir='ltr'>niceta</span> <span class='ocrx_word' id='word_1_22' title='bbox 1208 936 1396 1023; x_wconf 91' lang='lat' dir='ltr'>inperialis</span> <span class='ocrx_word' id='word_1_23' title='bbox 1428 937 1713 1024; x_wconf 90' lang='lat' dir='ltr'>prothospadarii</span> <span class='ocrx_word' id='word_1_24' title='bbox 1739 942 1774 1014; x_wconf 88' lang='lat' dir='ltr'>et</span> <span class='ocrx_word' id='word_1_25' title='bbox 1798 903 1972 1006; x_wconf 92' lang='lat' dir='ltr'>iohannes</span> <span class='ocrx_word' id='word_1_26' title='bbox 1996 956 2108 1024; x_wconf 88' lang='lat' dir='ltr'>quam</span> 
     </span>
     <span class='ocr_line' id='line_1_4' title="bbox 256 1083 2104 1176; baseline 0.004 -26"><span class='ocrx_word' id='word_1_27' title='bbox 256 1100 364 1150; x_wconf 91' lang='lat' dir='ltr'>ursus</span> <span class='ocrx_word' id='word_1_28' title='bbox 387 1083 484 1150; x_wconf 87' lang='lat' dir='ltr'>ambi</span> <span class='ocrx_word' id='word_1_29' title='bbox 505 1084 670 1170; x_wconf 82' lang='lat' dir='ltr'>germani</span> <span class='ocrx_word' id='word_1_30' title='bbox 693 1085 869 1172; x_wconf 81' lang='lat' dir='ltr'>genitrice</span> <span class='ocrx_word' id='word_1_31' title='bbox 884 1088 920 1154; x_wconf 87' lang='lat' dir='ltr'>et</span> <span class='ocrx_word' id='word_1_32' title='bbox 937 1086 1017 1172; x_wconf 88' lang='lat' dir='ltr'>filii,</span> <span class='ocrx_word' id='word_1_33' title='bbox 1034 1108 1056 1156; x_wconf 93' lang='lat' dir='ltr'>a</span> <span class='ocrx_word' id='word_1_34' title='bbox 1071 1088 1229 1174; x_wconf 87' lang='lat' dir='ltr'>presenti</span> <span class='ocrx_word' id='word_1_35' title='bbox 1254 1088 1311 1158; x_wconf 90' lang='lat' dir='ltr'>die</span> <span class='ocrx_word' id='word_1_36' title='bbox 1335 1089 1566 1176; x_wconf 89' lang='lat' dir='ltr'>prontissima</span> <span class='ocrx_word' id='word_1_37' title='bbox 1590 1089 1776 1158; x_wconf 89' lang='lat' dir='ltr'>boluntato</span> <span class='ocrx_word' id='word_1_38' title='bbox 1807 1087 2104 1158; x_wconf 89' lang='lat' dir='ltr'>benumdedimus</span> 
     </span>
     <span class='ocr_line' id='line_1_5' title="bbox 257 1237 2107 1330; baseline 0.003 -26"><span class='ocrx_word' id='word_1_39' title='bbox 257 1237 373 1322; x_wconf 87' lang='lat' dir='ltr'>adque</span> <span class='ocrx_word' id='word_1_40' title='bbox 398 1237 437 1304; x_wconf 93' lang='lat' dir='ltr'>in</span> <span class='ocrx_word' id='word_1_41' title='bbox 460 1239 638 1324; x_wconf 86' lang='lat' dir='ltr'>presentis</span> <span class='ocrx_word' id='word_1_42' title='bbox 660 1239 828 1306; x_wconf 81' lang='lat' dir='ltr'>cessimus</span> <span class='ocrx_word' id='word_1_43' title='bbox 851 1243 888 1308; x_wconf 89' lang='grc'>11</span> <span class='ocrx_word' id='word_1_44' title='bbox 912 1239 1190 1308; x_wconf 83' lang='lat' dir='ltr'>contradidimus</span> <span class='ocrx_word' id='word_1_45' title='bbox 1215 1241 1313 1308; x_wconf 84' lang='lat' dir='ltr'>vobis</span> <span class='ocrx_word' id='word_1_46' title='bbox 1330 1241 1478 1310; x_wconf 88' lang='lat' dir='ltr'>iohanni</span> <span class='ocrx_word' id='word_1_47' title='bbox 1502 1241 1631 1310; x_wconf 89' lang='lat' dir='ltr'>iubene</span> <span class='ocrx_word' id='word_1_48' title='bbox 1655 1243 1729 1310; x_wconf 90' lang='lat' dir='ltr'>filio</span> <span class='ocrx_word' id='word_1_49' title='bbox 1745 1243 1841 1330; x_wconf 81' lang='lat' dir='ltr'>sergi</span> <span class='ocrx_word' id='word_1_50' title='bbox 1866 1243 1996 1310; x_wconf 88' lang='lat' dir='ltr'>iubenc</span> <span class='ocrx_word' id='word_1_51' title='bbox 2015 1242 2107 1310; x_wconf 88' lang='lat' dir='ltr'>idest</span> 
     </span>
     <span class='ocr_line' id='line_1_6' title="bbox 258 1391 2112 1483; baseline 0.004 -27"><span class='ocrx_word' id='word_1_52' title='bbox 258 1391 380 1460; x_wconf 90' lang='lat' dir='ltr'>omnia</span> <span class='ocrx_word' id='word_1_53' title='bbox 402 1411 482 1459; x_wconf 90' lang='lat' dir='ltr'>cum</span> <span class='ocrx_word' id='word_1_54' title='bbox 515 1394 700 1480; x_wconf 90' lang='lat' dir='ltr'>omnibns,</span> <span class='ocrx_word' id='word_1_55' title='bbox 731 1398 905 1480; x_wconf 90' lang='lat' dir='ltr'>quantum</span> <span class='ocrx_word' id='word_1_56' title='bbox 929 1393 982 1462; x_wconf 87' lang='lat' dir='ltr'>vel</span> <span class='ocrx_word' id='word_1_57' title='bbox 1010 1396 1049 1462; x_wconf 91' lang='lat' dir='ltr'>in</span> <span class='ocrx_word' id='word_1_58' title='bbox 1073 1395 1243 1481; x_wconf 87' lang='lat' dir='ltr'>quomodo</span> <span class='ocrx_word' id='word_1_59' title='bbox 1266 1397 1373 1464; x_wconf 81' lang='lat' dir='ltr'>abere</span> <span class='ocrx_word' id='word_1_60' title='bbox 1396 1399 1431 1464; x_wconf 88' lang='grc'>11</span> <span class='ocrx_word' id='word_1_61' title='bbox 1455 1393 1634 1482; x_wconf 91' lang='lat' dir='ltr'>possidere</span> <span class='ocrx_word' id='word_1_62' title='bbox 1665 1395 1733 1462; x_wconf 91' lang='lat' dir='ltr'>bisi</span> <span class='ocrx_word' id='word_1_63' title='bbox 1757 1414 1880 1464; x_wconf 88' lang='lat' dir='ltr'>sumus</span> <span class='ocrx_word' id='word_1_64' title='bbox 1903 1396 1943 1463; x_wconf 91' lang='lat' dir='ltr'>in</span> <span class='ocrx_word' id='word_1_65' title='bbox 1966 1397 2112 1483; x_wconf 89' lang='lat' dir='ltr'>beteri,</span> 
     </span>
     <span class='ocr_line' id='line_1_7' title="bbox 260 1544 2116 1638; baseline 0.005 -28"><span class='ocrx_word' id='word_1_66' title='bbox 260 1544 323 1629; x_wconf 92' lang='lat' dir='ltr'>qui</span> <span class='ocrx_word' id='word_1_67' title='bbox 347 1545 489 1614; x_wconf 90' lang='lat' dir='ltr'>ocbenit</span> <span class='ocrx_word' id='word_1_68' title='bbox 511 1549 550 1614; x_wconf 91' lang='lat' dir='ltr'>in</span> <span class='ocrx_word' id='word_1_69' title='bbox 573 1545 800 1615; x_wconf 88' lang='lat' dir='ltr'>donationem</span> <span class='ocrx_word' id='word_1_70' title='bbox 824 1565 847 1614; x_wconf 91' lang='lat' dir='ltr'>a</span> <span class='ocrx_word' id='word_1_71' title='bbox 869 1547 1111 1634; x_wconf 90' lang='lat' dir='ltr'>suprascripto</span> <span class='ocrx_word' id='word_1_72' title='bbox 1140 1547 1258 1614; x_wconf 90' lang='lat' dir='ltr'>virum</span> <span class='ocrx_word' id='word_1_73' title='bbox 1281 1551 1318 1616; x_wconf 91' lang='grc'>11</span> <span class='ocrx_word' id='word_1_74' title='bbox 1341 1548 1542 1635; x_wconf 83' lang='lat' dir='ltr'>genitorem</span> <span class='ocrx_word' id='word_1_75' title='bbox 1564 1552 1727 1617; x_wconf 89' lang='lat' dir='ltr'>nostrum</span> <span class='ocrx_word' id='word_1_76' title='bbox 1753 1569 1776 1618; x_wconf 90' lang='lat' dir='ltr'>a</span> <span class='ocrx_word' id='word_1_77' title='bbox 1798 1549 1929 1618; x_wconf 90' lang='lat' dir='ltr'>domna</span> <span class='ocrx_word' id='word_1_78' title='bbox 1960 1551 2116 1638; x_wconf 84' lang='lat' dir='ltr'>reg-halo</span> 
     </span>
     <span class='ocr_line' id='line_1_8' title="bbox 263 1698 2112 1789; baseline 0.003 -24"><span class='ocrx_word' id='word_1_79' title='bbox 263 1699 417 1784; x_wconf 88' lang='lat' dir='ltr'>gloriosa</span> <span class='ocrx_word' id='word_1_80' title='bbox 440 1698 669 1786; x_wconf 48' lang='lat' dir='ltr'>ducissa&#39;per</span> <span class='ocrx_word' id='word_1_81' title='bbox 692 1698 866 1768; x_wconf 89' lang='lat' dir='ltr'>cartulam</span> <span class='ocrx_word' id='word_1_82' title='bbox 898 1717 961 1786; x_wconf 91' lang='lat' dir='ltr'>per</span> <span class='ocrx_word' id='word_1_83' title='bbox 991 1699 1165 1768; x_wconf 82' lang='lat' dir='ltr'>absolutio</span> <span class='ocrx_word' id='word_1_84' title='bbox 1193 1700 1313 1770; x_wconf 91' lang='lat' dir='ltr'>domni</span> <span class='ocrx_word' id='word_1_85' title='bbox 1335 1703 1490 1788; x_wconf 86' lang='lat' dir='ltr'>arighisi</span> <span class='ocrx_word' id='word_1_86' title='bbox 1515 1701 1670 1789; x_wconf 86' lang='lat' dir='ltr'>genitori</span> <span class='ocrx_word' id='word_1_87' title='bbox 1693 1703 1749 1771; x_wconf 91' lang='lat' dir='ltr'>sui</span> <span class='ocrx_word' id='word_1_88' title='bbox 1774 1723 1855 1771; x_wconf 89' lang='lat' dir='ltr'>curn</span> <span class='ocrx_word' id='word_1_89' title='bbox 1879 1703 1949 1772; x_wconf 91' lang='lat' dir='ltr'>biis</span> <span class='ocrx_word' id='word_1_90' title='bbox 1975 1703 2112 1772; x_wconf 87' lang='lat' dir='ltr'>suiset</span> 
     </span>
     <span class='ocr_line' id='line_1_9' title="bbox 264 1853 2118 1946; baseline 0.004 -28"><span class='ocrx_word' id='word_1_91' title='bbox 264 1853 431 1921; x_wconf 89' lang='lat' dir='ltr'>omnibus</span> <span class='ocrx_word' id='word_1_92' title='bbox 454 1854 523 1922; x_wconf 90' lang='lat' dir='ltr'>sibi</span> <span class='ocrx_word' id='word_1_93' title='bbox 546 1854 825 1941; x_wconf 88' lang='lat' dir='ltr'>pertinentibus,</span> <span class='ocrx_word' id='word_1_94' title='bbox 851 1853 944 1922; x_wconf 90' lang='lat' dir='ltr'>unde</span> <span class='ocrx_word' id='word_1_95' title='bbox 960 1853 1074 1920; x_wconf 85' lang='lat' dir='ltr'>nichil</span> <span class='ocrx_word' id='word_1_96' title='bbox 1091 1858 1395 1946; x_wconf 86' lang='lat' dir='ltr'>exceptuabimus,</span> <span class='ocrx_word' id='word_1_97' title='bbox 1412 1863 1448 1927; x_wconf 89' lang='lat' dir='ltr'>et</span> <span class='ocrx_word' id='word_1_98' title='bbox 1464 1863 1618 1946; x_wconf 88' lang='lat' dir='ltr'>quantas</span> <span class='ocrx_word' id='word_1_99' title='bbox 1635 1859 1796 1928; x_wconf 89' lang='lat' dir='ltr'>cartulas</span> <span class='ocrx_word' id='word_1_100' title='bbox 1820 1857 1904 1926; x_wconf 89' lang='lat' dir='ltr'>inde</span> <span class='ocrx_word' id='word_1_101' title='bbox 1928 1859 2118 1944; x_wconf 81' lang='lat' dir='ltr'>abdimus,</span> 
     </span>
     <span class='ocr_line' id='line_1_10' title="bbox 207 2006 2118 2104; baseline 0.004 -32"><span class='ocrx_word' id='word_1_102' title='bbox 207 2091 212 2104; x_wconf 86' lang='lat'><em>.</em></span> <span class='ocrx_word' id='word_1_103' title='bbox 262 2007 376 2078; x_wconf 87' lang='lat' dir='ltr'>nobas</span> <span class='ocrx_word' id='word_1_104' title='bbox 398 2012 434 2076; x_wconf 90' lang='lat' dir='ltr'>et</span> <span class='ocrx_word' id='word_1_105' title='bbox 457 2009 608 2094; x_wconf 87' lang='lat' dir='ltr'>beteres,</span> <span class='ocrx_word' id='word_1_106' title='bbox 631 2006 792 2076; x_wconf 88' lang='lat' dir='ltr'>dedimus</span> <span class='ocrx_word' id='word_1_107' title='bbox 815 2007 913 2078; x_wconf 87' lang='lat' dir='ltr'>vobis</span> <span class='ocrx_word' id='word_1_108' title='bbox 936 2009 1030 2095; x_wconf 86' lang='grc'>11111,</span> <span class='ocrx_word' id='word_1_109' title='bbox 1055 2013 1166 2080; x_wconf 90' lang='lat' dir='ltr'>autsi</span> <span class='ocrx_word' id='word_1_110' title='bbox 1182 2009 1257 2080; x_wconf 89' lang='grc'>1111</span> <span class='ocrx_word' id='word_1_111' title='bbox 1280 2012 1421 2080; x_wconf 90' lang='lat' dir='ltr'>cartula</span> <span class='ocrx_word' id='word_1_112' title='bbox 1445 2013 1549 2080; x_wconf 91' lang='lat' dir='ltr'>nobis</span> <span class='ocrx_word' id='word_1_113' title='bbox 1573 2012 1656 2080; x_wconf 91' lang='lat' dir='ltr'>inde</span> <span class='ocrx_word' id='word_1_114' title='bbox 1680 2014 1828 2082; x_wconf 85' lang='lat' dir='ltr'>iubente</span> <span class='ocrx_word' id='word_1_115' title='bbox 1851 2011 2003 2097; x_wconf 88' lang='lat' dir='ltr'>dederit,</span> <span class='ocrx_word' id='word_1_116' title='bbox 2029 2011 2118 2081; x_wconf 89' lang='lat' dir='ltr'>dare</span> 
     </span>
     <span class='ocr_line' id='line_1_11' title="bbox 262 2161 2117 2252; baseline 0.005 -29"><span class='ocrx_word' id='word_1_117' title='bbox 262 2161 362 2227; x_wconf 84' lang='lat' dir='ltr'>vobis</span> <span class='ocrx_word' id='word_1_118' title='bbox 386 2179 463 2230; x_wconf 88' lang='lat' dir='ltr'>eam</span> <span class='ocrx_word' id='word_1_119' title='bbox 486 2161 746 2248; x_wconf 89' lang='lat' dir='ltr'>promictimus;</span> <span class='ocrx_word' id='word_1_120' title='bbox 771 2163 865 2230; x_wconf 90' lang='lat' dir='ltr'>unde</span> <span class='ocrx_word' id='word_1_121' title='bbox 888 2167 924 2231; x_wconf 89' lang='lat' dir='ltr'>et</span> <span class='ocrx_word' id='word_1_122' title='bbox 947 2163 986 2230; x_wconf 93' lang='lat' dir='ltr'>in</span> <span class='ocrx_word' id='word_1_123' title='bbox 1010 2167 1174 2249; x_wconf 88' lang='lat' dir='ltr'>presente</span> <span class='ocrx_word' id='word_1_124' title='bbox 1197 2163 1400 2251; x_wconf 87' lang='lat' dir='ltr'>accepimus</span> <span class='ocrx_word' id='word_1_125' title='bbox 1424 2186 1447 2234; x_wconf 87' lang='lat' dir='ltr'>a</span> <span class='ocrx_word' id='word_1_126' title='bbox 1470 2166 1570 2234; x_wconf 89' lang='lat' dir='ltr'>vobis</span> <span class='ocrx_word' id='word_1_127' title='bbox 1592 2165 1723 2234; x_wconf 82' lang='lat' dir='ltr'>exinde</span> <span class='ocrx_word' id='word_1_128' title='bbox 1747 2165 1948 2252; x_wconf 86' lang='lat' dir='ltr'>plenariam</span> <span class='ocrx_word' id='word_1_129' title='bbox 1971 2167 2117 2235; x_wconf 91' lang='lat' dir='ltr'>sanatio</span> 
     </span>
     <span class='ocr_line' id='line_1_12' title="bbox 262 2314 2118 2404; baseline 0.002 -24"><span class='ocrx_word' id='word_1_130' title='bbox 262 2315 345 2381; x_wconf 87' lang='lat' dir='ltr'>auri</span> <span class='ocrx_word' id='word_1_131' title='bbox 371 2314 499 2381; x_wconf 89' lang='lat' dir='ltr'>solidos</span> <span class='ocrx_word' id='word_1_132' title='bbox 520 2317 594 2382; x_wconf 88' lang='lat' dir='ltr'>tres</span> <span class='ocrx_word' id='word_1_133' title='bbox 618 2332 690 2384; x_wconf 90' lang='lat' dir='ltr'>ana</span> <span class='ocrx_word' id='word_1_134' title='bbox 712 2315 782 2384; x_wconf 88' lang='lat' dir='ltr'>tari</span> <span class='ocrx_word' id='word_1_135' title='bbox 807 2320 961 2400; x_wconf 91' lang='lat' dir='ltr'>quatuor</span> <span class='ocrx_word' id='word_1_136' title='bbox 992 2335 1055 2403; x_wconf 89' lang='lat' dir='ltr'>per</span> <span class='ocrx_word' id='word_1_137' title='bbox 1086 2317 1238 2386; x_wconf 90' lang='lat' dir='ltr'>solidum</span> <span class='ocrx_word' id='word_1_138' title='bbox 1261 2321 1322 2404; x_wconf 91' lang='lat' dir='ltr'>qui</span> <span class='ocrx_word' id='word_1_139' title='bbox 1328 2370 1540 2387; x_wconf 92' lang='grc'><strong>........</strong></span> <span class='ocrx_word' id='word_1_140' title='bbox 1566 2320 1665 2387; x_wconf 90' lang='lat' dir='ltr'>vobis</span> <span class='ocrx_word' id='word_1_141' title='bbox 1689 2319 1821 2388; x_wconf 82' lang='lat' dir='ltr'>exinde</span> <span class='ocrx_word' id='word_1_142' title='bbox 1844 2317 2055 2386; x_wconf 87' lang='lat' dir='ltr'>donabimus</span> <span class='ocrx_word' id='word_1_143' title='bbox 2078 2317 2118 2384; x_wconf 90' lang='lat' dir='ltr'>in</span> 
     </span>
     <span class='ocr_line' id='line_1_13' title="bbox 261 2468 2120 2560; baseline 0.003 -28"><span class='ocrx_word' id='word_1_144' title='bbox 261 2469 379 2536; x_wconf 88' lang='lat' dir='ltr'>omnis</span> <span class='ocrx_word' id='word_1_145' title='bbox 393 2468 603 2538; x_wconf 88' lang='lat' dir='ltr'>deliberatio</span> <span class='ocrx_word' id='word_1_146' title='bbox 619 2475 655 2538; x_wconf 90' lang='lat' dir='ltr'>et</span> <span class='ocrx_word' id='word_1_147' title='bbox 670 2469 710 2535; x_wconf 85' lang='lat' dir='ltr'>in</span> <span class='ocrx_word' id='word_1_148' title='bbox 727 2469 844 2537; x_wconf 89' lang='lat' dir='ltr'>omnis</span> <span class='ocrx_word' id='word_1_149' title='bbox 860 2471 1035 2558; x_wconf 90' lang='lat' dir='ltr'>decisitio,</span> <span class='ocrx_word' id='word_1_150' title='bbox 1052 2473 1092 2538; x_wconf 90' lang='lat' dir='ltr'>ut</span> <span class='ocrx_word' id='word_1_151' title='bbox 1106 2490 1129 2539; x_wconf 91' lang='grc'>1</span> <span class='ocrx_word' id='word_1_152' title='bbox 1145 2489 1242 2539; x_wconf 85' lang='grc'>1111</span> <span class='ocrx_word' id='word_1_153' title='bbox 1257 2471 1314 2540; x_wconf 90' lang='grc'>(111</span> <span class='ocrx_word' id='word_1_154' title='bbox 1330 2477 1495 2558; x_wconf 89' lang='lat' dir='ltr'>presente</span> <span class='ocrx_word' id='word_1_155' title='bbox 1511 2474 1601 2540; x_wconf 91' lang='lat' dir='ltr'>etin</span> <span class='ocrx_word' id='word_1_156' title='bbox 1616 2475 1826 2560; x_wconf 88' lang='lat' dir='ltr'>perpetuum</span> <span class='ocrx_word' id='word_1_157' title='bbox 1841 2470 2060 2558; x_wconf 88' lang='lat' dir='ltr'>temporibus</span> <span class='ocrx_word' id='word_1_158' title='bbox 2080 2469 2120 2538; x_wconf 92' lang='lat' dir='ltr'>in</span> 
     </span>
     <span class='ocr_line' id='line_1_14' title="bbox 263 2621 2120 2711; baseline 0.002 -24"><span class='ocrx_word' id='word_1_159' title='bbox 263 2625 383 2689; x_wconf 84' lang='lat' dir='ltr'>vestra</span> <span class='ocrx_word' id='word_1_160' title='bbox 396 2625 433 2689; x_wconf 91' lang='lat' dir='ltr'>et</span> <span class='ocrx_word' id='word_1_161' title='bbox 448 2621 491 2688; x_wconf 92' lang='lat' dir='ltr'>de</span> <span class='ocrx_word' id='word_1_162' title='bbox 508 2623 636 2690; x_wconf 81' lang='lat' dir='ltr'>vestris</span> <span class='ocrx_word' id='word_1_163' title='bbox 651 2622 816 2690; x_wconf 88' lang='lat' dir='ltr'>eredibus</span> <span class='ocrx_word' id='word_1_164' title='bbox 832 2626 954 2691; x_wconf 89' lang='lat' dir='ltr'>manet</span> <span class='ocrx_word' id='word_1_165' title='bbox 969 2625 1204 2709; x_wconf 89' lang='lat' dir='ltr'>potestatibus</span> <span class='ocrx_word' id='word_1_166' title='bbox 1220 2622 1368 2708; x_wconf 90' lang='lat' dir='ltr'>abendi,</span> <span class='ocrx_word' id='word_1_167' title='bbox 1391 2623 1590 2710; x_wconf 79' lang='lat' dir='ltr'>trudiandi,</span> <span class='ocrx_word' id='word_1_168' title='bbox 1609 2623 1823 2711; x_wconf 88' lang='lat' dir='ltr'>possidendi,</span> <span class='ocrx_word' id='word_1_169' title='bbox 1848 2623 2035 2711; x_wconf 89' lang='lat' dir='ltr'>bindendi‚</span> <span class='ocrx_word' id='word_1_170' title='bbox 2060 2623 2120 2690; x_wconf 91' lang='lat' dir='ltr'>do-</span> 
     </span>
     <span class='ocr_line' id='line_1_15' title="bbox 263 2774 2122 2868; baseline 0.001 -28"><span class='ocrx_word' id='word_1_171' title='bbox 263 2774 395 2868; x_wconf 80' lang='lat' dir='ltr'>nandi,</span> <span class='ocrx_word' id='word_1_172' title='bbox 411 2776 653 2844; x_wconf 88' lang='lat' dir='ltr'>commutandi</span> <span class='ocrx_word' id='word_1_173' title='bbox 670 2775 819 2844; x_wconf 89' lang='lat' dir='ltr'>liberam</span> <span class='ocrx_word' id='word_1_174' title='bbox 842 2777 1007 2844; x_wconf 89' lang='lat' dir='ltr'>habeatis</span> <span class='ocrx_word' id='word_1_175' title='bbox 1030 2780 1254 2862; x_wconf 88' lang='lat' dir='ltr'>potestatem,</span> <span class='ocrx_word' id='word_1_176' title='bbox 1278 2780 1315 2844; x_wconf 88' lang='lat' dir='ltr'>et</span> <span class='ocrx_word' id='word_1_177' title='bbox 1338 2776 1411 2843; x_wconf 90' lang='lat' dir='ltr'>iam</span> <span class='ocrx_word' id='word_1_178' title='bbox 1434 2776 1654 2864; x_wconf 90' lang='lat' dir='ltr'>haliquando</span> <span class='ocrx_word' id='word_1_179' title='bbox 1677 2777 1807 2846; x_wconf 83' lang='lat' dir='ltr'>exinde</span> <span class='ocrx_word' id='word_1_180' title='bbox 1830 2794 1946 2863; x_wconf 89' lang='lat' dir='ltr'>neque</span> <span class='ocrx_word' id='word_1_181' title='bbox 1963 2796 1986 2845; x_wconf 90' lang='lat' dir='ltr'>a</span> <span class='ocrx_word' id='word_1_182' title='bbox 2001 2777 2122 2862; x_wconf 92' lang='lat' dir='ltr'>nobis,</span> 
     </span>
     <span class='ocr_line' id='line_1_16' title="bbox 168 2928 2122 3018; baseline -0.002 -16"><span class='ocrx_word' id='word_1_183' title='bbox 168 2998 170 3002; x_wconf 86' lang='lat'>.</span> <span class='ocrx_word' id='word_1_184' title='bbox 264 2947 382 3015; x_wconf 90' lang='lat' dir='ltr'>neque</span> <span class='ocrx_word' id='word_1_185' title='bbox 399 2931 445 2998; x_wconf 89' lang='lat' dir='ltr'>ab</span> <span class='ocrx_word' id='word_1_186' title='bbox 460 2929 628 2997; x_wconf 90' lang='lat' dir='ltr'>eredibus</span> <span class='ocrx_word' id='word_1_187' title='bbox 650 2931 793 3016; x_wconf 86' lang='lat' dir='ltr'>nostris,</span> <span class='ocrx_word' id='word_1_188' title='bbox 808 2930 865 2997; x_wconf 91' lang='lat' dir='ltr'>vel</span> <span class='ocrx_word' id='word_1_189' title='bbox 881 2949 903 2998; x_wconf 93' lang='grc'>1</span> <span class='ocrx_word' id='word_1_190' title='bbox 919 2929 1021 2997; x_wconf 91' lang='lat' dir='ltr'>nobis</span> <span class='ocrx_word' id='word_1_191' title='bbox 1045 2928 1270 2997; x_wconf 89' lang='lat' dir='ltr'>summissam</span> <span class='ocrx_word' id='word_1_192' title='bbox 1292 2947 1481 3016; x_wconf 89' lang='lat' dir='ltr'>personam</span> <span class='ocrx_word' id='word_1_193' title='bbox 1503 2929 1605 2999; x_wconf 88' lang='lat' dir='ltr'>nulla</span> <span class='ocrx_word' id='word_1_194' title='bbox 1621 2929 1810 3016; x_wconf 89' lang='lat' dir='ltr'>requisitio</span> <span class='ocrx_word' id='word_1_195' title='bbox 1833 2929 1964 2998; x_wconf 87' lang='lat' dir='ltr'>exinde</span> <span class='ocrx_word' id='word_1_196' title='bbox 1987 2931 2122 3018; x_wconf 80' lang='lat' dir='ltr'>abetis,</span> 
     </span>
     <span class='ocr_line' id='line_1_17' title="bbox 264 3082 2120 3172; baseline 0.002 -24"><span class='ocrx_word' id='word_1_197' title='bbox 264 3099 337 3149; x_wconf 91' lang='lat' dir='ltr'>non</span> <span class='ocrx_word' id='word_1_198' title='bbox 356 3101 431 3170; x_wconf 87' lang='lat' dir='ltr'>vos,</span> <span class='ocrx_word' id='word_1_199' title='bbox 448 3101 515 3151; x_wconf 89' lang='lat' dir='ltr'>nec</span> <span class='ocrx_word' id='word_1_200' title='bbox 530 3082 659 3152; x_wconf 77' lang='lat' dir='ltr'>nestris</span> <span class='ocrx_word' id='word_1_201' title='bbox 670 3082 835 3152; x_wconf 89' lang='lat' dir='ltr'>eredibus</span> <span class='ocrx_word' id='word_1_202' title='bbox 851 3101 914 3170; x_wconf 90' lang='lat' dir='ltr'>per</span> <span class='ocrx_word' id='word_1_203' title='bbox 930 3083 1069 3152; x_wconf 89' lang='lat' dir='ltr'>nullum</span> <span class='ocrx_word' id='word_1_204' title='bbox 1085 3084 1186 3152; x_wconf 90' lang='lat' dir='ltr'>modo</span> <span class='ocrx_word' id='word_1_205' title='bbox 1201 3103 1297 3152; x_wconf 91' lang='lat' dir='ltr'>nunc</span> <span class='ocrx_word' id='word_1_206' title='bbox 1312 3086 1347 3151; x_wconf 92' lang='lat' dir='ltr'>et</span> <span class='ocrx_word' id='word_1_207' title='bbox 1358 3083 1398 3149; x_wconf 93' lang='lat' dir='ltr'>in</span> <span class='ocrx_word' id='word_1_208' title='bbox 1408 3087 1634 3171; x_wconf 82' lang='lat' dir='ltr'>perpetuum3</span> <span class='ocrx_word' id='word_1_209' title='bbox 1652 3087 1687 3152; x_wconf 89' lang='lat' dir='ltr'>et</span> <span class='ocrx_word' id='word_1_210' title='bbox 1700 3082 1731 3150; x_wconf 92' lang='lat' dir='ltr'>si</span> <span class='ocrx_word' id='word_1_211' title='bbox 1743 3102 1806 3170; x_wconf 88' lang='lat' dir='ltr'>per</span> <span class='ocrx_word' id='word_1_212' title='bbox 1818 3082 1944 3170; x_wconf 91' lang='lat' dir='ltr'>quobis</span> <span class='ocrx_word' id='word_1_213' title='bbox 1959 3088 2120 3172; x_wconf 92' lang='lat' dir='ltr'>tempore</span> 
     </span>
     <span class='ocr_line' id='line_1_18' title="bbox 264 3234 2120 3340; baseline 0.002 -39"><span class='ocrx_word' id='word_1_214' title='bbox 264 3235 393 3321; x_wconf 90' lang='lat' dir='ltr'>quabis</span> <span class='ocrx_word' id='word_1_215' title='bbox 416 3235 559 3303; x_wconf 89' lang='lat' dir='ltr'>modum</span> <span class='ocrx_word' id='word_1_216' title='bbox 582 3236 636 3304; x_wconf 82' lang='lat' dir='ltr'>vel</span> <span class='ocrx_word' id='word_1_217' title='bbox 661 3236 864 3324; x_wconf 85' lang='lat' dir='ltr'>ingenium,</span> <span class='ocrx_word' id='word_1_218' title='bbox 881 3237 955 3305; x_wconf 88' lang='lat' dir='ltr'>sibe</span> <span class='ocrx_word' id='word_1_219' title='bbox 971 3255 1046 3323; x_wconf 81' lang='lat' dir='ltr'>noe,</span> <span class='ocrx_word' id='word_1_220' title='bbox 1063 3242 1128 3304; x_wconf 91' lang='lat' dir='ltr'>aut</span> <span class='ocrx_word' id='word_1_221' title='bbox 1143 3234 1274 3302; x_wconf 88' lang='lat' dir='ltr'>nostris</span> <span class='ocrx_word' id='word_1_222' title='bbox 1298 3235 1477 3340; x_wconf 78' lang='lat' dir='ltr'>enodibus,</span> <span class='ocrx_word' id='word_1_223' title='bbox 1493 3253 1556 3304; x_wconf 89' lang='grc'>111</span> <span class='ocrx_word' id='word_1_224' title='bbox 1571 3235 1761 3304; x_wconf 89' lang='lat' dir='ltr'>summissa</span> <span class='ocrx_word' id='word_1_225' title='bbox 1784 3253 1954 3323; x_wconf 88' lang='lat' dir='ltr'>persona,</span> <span class='ocrx_word' id='word_1_226' title='bbox 1978 3254 2039 3303; x_wconf 84' lang='lat' dir='ltr'>vos</span> <span class='ocrx_word' id='word_1_227' title='bbox 2055 3241 2120 3306; x_wconf 90' lang='lat' dir='ltr'>aut</span> 
     </span>
     <span class='ocr_line' id='line_1_19' title="bbox 263 3389 2118 3478; baseline 0.003 -24"><span class='ocrx_word' id='word_1_228' title='bbox 263 3391 397 3458; x_wconf 81' lang='lat' dir='ltr'>vestris</span> <span class='ocrx_word' id='word_1_229' title='bbox 420 3392 587 3460; x_wconf 91' lang='lat' dir='ltr'>eredibus</span> <span class='ocrx_word' id='word_1_230' title='bbox 610 3391 741 3462; x_wconf 88' lang='lat' dir='ltr'>exinde</span> <span class='ocrx_word' id='word_1_231' title='bbox 758 3411 906 3478; x_wconf 89' lang='lat' dir='ltr'>querere</span> <span class='ocrx_word' id='word_1_232' title='bbox 931 3397 995 3460; x_wconf 90' lang='lat' dir='ltr'>aut</span> <span class='ocrx_word' id='word_1_233' title='bbox 1011 3395 1176 3460; x_wconf 83' lang='lat' dir='ltr'>contrane</span> <span class='ocrx_word' id='word_1_234' title='bbox 1191 3390 1500 3478; x_wconf 89' lang='lat' dir='ltr'>presumserimus,</span> <span class='ocrx_word' id='word_1_235' title='bbox 1524 3393 1560 3457; x_wconf 89' lang='lat' dir='ltr'>ct</span> <span class='ocrx_word' id='word_1_236' title='bbox 1583 3389 1744 3474; x_wconf 89' lang='lat' dir='ltr'>qualibet</span> <span class='ocrx_word' id='word_1_237' title='bbox 1766 3389 1994 3460; x_wconf 89' lang='lat' dir='ltr'>minuitatem</span> <span class='ocrx_word' id='word_1_238' title='bbox 2017 3393 2118 3460; x_wconf 79' lang='lat' dir='ltr'>vobis</span> 
     </span>
     <span class='ocr_line' id='line_1_20' title="bbox 263 3528 2119 3634; baseline 0 -21"><span class='ocrx_word' id='word_1_239' title='bbox 263 3545 394 3614; x_wconf 88' lang='lat' dir='ltr'>exinde</span> <span class='ocrx_word' id='word_1_240' title='bbox 412 3546 615 3633; x_wconf 85' lang='lat' dir='ltr'>fecerimus,</span> <span class='ocrx_word' id='word_1_241' title='bbox 631 3565 839 3634; x_wconf 89' lang='lat' dir='ltr'>componere</span> <span class='ocrx_word' id='word_1_242' title='bbox 854 3546 1101 3632; x_wconf 89' lang='lat' dir='ltr'>promictimus</span> <span class='ocrx_word' id='word_1_243' title='bbox 1124 3561 1188 3612; x_wconf 89' lang='lat' dir='ltr'>nos</span> <span class='ocrx_word' id='word_1_244' title='bbox 1203 3548 1238 3612; x_wconf 90' lang='lat' dir='ltr'>et</span> <span class='ocrx_word' id='word_1_245' title='bbox 1253 3544 1385 3612; x_wconf 90' lang='lat' dir='ltr'>nostris</span> <span class='ocrx_word' id='word_1_246' title='bbox 1408 3543 1574 3611; x_wconf 89' lang='lat' dir='ltr'>eredibus</span> <span class='ocrx_word' id='word_1_247' title='bbox 1590 3541 1689 3610; x_wconf 89' lang='lat' dir='ltr'>vobis</span> <span class='ocrx_word' id='word_1_248' title='bbox 1705 3543 1804 3612; x_wconf 88' lang='lat' dir='ltr'>etad</span> <span class='ocrx_word' id='word_1_249' title='bbox 1820 3545 1949 3612; x_wconf 90' lang='lat' dir='ltr'>vestris</span> <span class='ocrx_word' id='word_1_250' title='bbox 1964 3528 2046 3614; x_wconf 90' lang='lat' dir='ltr'>auri</span> <span class='ocrx_word' id='word_1_251' title='bbox 2062 3565 2119 3614; x_wconf 92' lang='lat' dir='ltr'>so·</span> 
     </span>
     <span class='ocr_line' id='line_1_21' title="bbox 265 3696 2118 3786; baseline 0.001 -22"><span class='ocrx_word' id='word_1_252' title='bbox 265 3698 328 3768; x_wconf 93' lang='lat' dir='ltr'>lidi</span> <span class='ocrx_word' id='word_1_253' title='bbox 346 3698 502 3786; x_wconf 85' lang='lat' dir='ltr'>triginta</span> <span class='ocrx_word' id='word_1_254' title='bbox 517 3699 686 3786; x_wconf 88' lang='lat' dir='ltr'>bizantei,</span> <span class='ocrx_word' id='word_1_255' title='bbox 701 3704 738 3768; x_wconf 90' lang='lat' dir='ltr'>et</span> <span class='ocrx_word' id='word_1_256' title='bbox 754 3718 823 3770; x_wconf 88' lang='lat' dir='ltr'>ano</span> <span class='ocrx_word' id='word_1_257' title='bbox 834 3699 973 3769; x_wconf 87' lang='lat' dir='ltr'>cartula</span> <span class='ocrx_word' id='word_1_258' title='bbox 987 3699 1036 3766; x_wconf 90' lang='lat' dir='ltr'>sit</span> <span class='ocrx_word' id='word_1_259' title='bbox 1051 3699 1156 3767; x_wconf 85' lang='lat' dir='ltr'>firma</span> <span class='ocrx_word' id='word_1_260' title='bbox 1167 3699 1206 3765; x_wconf 92' lang='lat' dir='ltr'>in</span> <span class='ocrx_word' id='word_1_261' title='bbox 1218 3700 1438 3784; x_wconf 89' lang='lat' dir='ltr'>perpetuum:</span> <span class='ocrx_word' id='word_1_262' title='bbox 1456 3696 1592 3782; x_wconf 89' lang='lat' dir='ltr'>scripta</span> <span class='ocrx_word' id='word_1_263' title='bbox 1603 3714 1667 3782; x_wconf 90' lang='lat' dir='ltr'>per</span> <span class='ocrx_word' id='word_1_264' title='bbox 1682 3696 1857 3766; x_wconf 89' lang='lat' dir='ltr'>iohannes</span> <span class='ocrx_word' id='word_1_265' title='bbox 1875 3699 1994 3767; x_wconf 88' lang='lat' dir='ltr'>scriba</span> <span class='ocrx_word' id='word_1_266' title='bbox 2006 3716 2118 3767; x_wconf 89' lang='lat' dir='ltr'>manu</span> 
     </span>
     <span class='ocr_line' id='line_1_22' title="bbox 264 3848 2116 3939; baseline 0.001 -21"><span class='ocrx_word' id='word_1_267' title='bbox 264 3851 390 3938; x_wconf 91' lang='lat' dir='ltr'>propia</span> <span class='ocrx_word' id='word_1_268' title='bbox 407 3851 551 3939; x_wconf 90' lang='lat' dir='ltr'>scripsi,</span> <span class='ocrx_word' id='word_1_269' title='bbox 567 3857 604 3921; x_wconf 91' lang='lat' dir='ltr'>et</span> <span class='ocrx_word' id='word_1_270' title='bbox 620 3851 751 3921; x_wconf 88' lang='lat' dir='ltr'>ibidem</span> <span class='ocrx_word' id='word_1_271' title='bbox 767 3851 892 3938; x_wconf 91' lang='lat' dir='ltr'>scripti</span> <span class='ocrx_word' id='word_1_272' title='bbox 908 3869 1081 3921; x_wconf 90' lang='lat' dir='ltr'>maurone</span> <span class='ocrx_word' id='word_1_273' title='bbox 1096 3850 1139 3918; x_wconf 90' lang='lat' dir='ltr'>de</span> <span class='ocrx_word' id='word_1_274' title='bbox 1156 3848 1278 3935; x_wconf 92' lang='lat' dir='ltr'>lupino</span> <span class='ocrx_word' id='word_1_275' title='bbox 1290 3849 1333 3916; x_wconf 90' lang='lat' dir='ltr'>de</span> <span class='ocrx_word' id='word_1_276' title='bbox 1346 3866 1518 3918; x_wconf 88' lang='lat' dir='ltr'>maurone</span> <span class='ocrx_word' id='word_1_277' title='bbox 1533 3849 1689 3934; x_wconf 88' lang='lat' dir='ltr'>dentice,</span> <span class='ocrx_word' id='word_1_278' title='bbox 1701 3852 1737 3916; x_wconf 89' lang='lat' dir='ltr'>et</span> <span class='ocrx_word' id='word_1_279' title='bbox 1751 3849 1862 3936; x_wconf 87' lang='lat' dir='ltr'>pardo</span> <span class='ocrx_word' id='word_1_280' title='bbox 1878 3850 1953 3917; x_wconf 87' lang='lat' dir='ltr'>filio</span> <span class='ocrx_word' id='word_1_281' title='bbox 1966 3850 2116 3922; x_wconf 89' lang='lat' dir='ltr'>iohanni</span> 
     </span>
    </p>

    <p class='ocr_par' dir='ltr' id='par_1_3' title="bbox 264 4001 2120 4402">
     <span class='ocr_line' id='line_1_23' title="bbox 264 4001 2115 4093; baseline 0.002 -22"><span class='ocrx_word' id='word_1_282' title='bbox 264 4001 307 4072; x_wconf 90' lang='lat' dir='ltr'>de</span> <span class='ocrx_word' id='word_1_283' title='bbox 323 4005 450 4092; x_wconf 88' lang='lat' dir='ltr'>pardo,</span> <span class='ocrx_word' id='word_1_284' title='bbox 463 4009 499 4073; x_wconf 91' lang='lat' dir='ltr'>ct</span> <span class='ocrx_word' id='word_1_285' title='bbox 512 4006 739 4074; x_wconf 91' lang='lat' dir='ltr'>constantino</span> <span class='ocrx_word' id='word_1_286' title='bbox 751 4005 825 4073; x_wconf 88' lang='lat' dir='ltr'>filio</span> <span class='ocrx_word' id='word_1_287' title='bbox 837 4005 986 4076; x_wconf 90' lang='lat' dir='ltr'>iohanni</span> <span class='ocrx_word' id='word_1_288' title='bbox 999 4003 1158 4073; x_wconf 89' lang='lat' dir='ltr'>curialis.</span> <span class='ocrx_word' id='word_1_289' title='bbox 1176 4004 1221 4072; x_wconf 85' lang='lat' dir='ltr'>Et</span> <span class='ocrx_word' id='word_1_290' title='bbox 1233 4003 1306 4071; x_wconf 89' lang='lat' dir='ltr'>alia</span> <span class='ocrx_word' id='word_1_291' title='bbox 1316 4003 1476 4090; x_wconf 89' lang='lat' dir='ltr'>scriptio,</span> <span class='ocrx_word' id='word_1_292' title='bbox 1490 4002 1661 4088; x_wconf 90' lang='lat' dir='ltr'>quomodo</span> <span class='ocrx_word' id='word_1_293' title='bbox 1673 4001 1812 4070; x_wconf 78' lang='lat' dir='ltr'>ciconus</span> <span class='ocrx_word' id='word_1_294' title='bbox 1824 4002 1920 4072; x_wconf 86' lang='lat' dir='ltr'>filius</span> <span class='ocrx_word' id='word_1_295' title='bbox 1936 4008 2115 4093; x_wconf 91' lang='lat' dir='ltr'>quondam</span> 
     </span>
     <span class='ocr_line' id='line_1_24' title="bbox 265 4155 2120 4248; baseline 0.003 -24"><span class='ocrx_word' id='word_1_296' title='bbox 265 4157 408 4226; x_wconf 91' lang='lat' dir='ltr'>sindoni</span> <span class='ocrx_word' id='word_1_297' title='bbox 432 4160 589 4228; x_wconf 89' lang='lat' dir='ltr'>abitator</span> <span class='ocrx_word' id='word_1_298' title='bbox 614 4160 657 4228; x_wconf 90' lang='lat' dir='ltr'>dc</span> <span class='ocrx_word' id='word_1_299' title='bbox 679 4161 861 4230; x_wconf 89' lang='lat' dir='ltr'>mitiliano</span> <span class='ocrx_word' id='word_1_300' title='bbox 883 4159 1031 4228; x_wconf 90' lang='lat' dir='ltr'>donabit</span> <span class='ocrx_word' id='word_1_301' title='bbox 1054 4159 1169 4244; x_wconf 86' lang='lat' dir='ltr'>adque</span> <span class='ocrx_word' id='word_1_302' title='bbox 1193 4157 1237 4226; x_wconf 93' lang='lat' dir='ltr'>ad</span> <span class='ocrx_word' id='word_1_303' title='bbox 1253 4174 1391 4244; x_wconf 89' lang='lat' dir='ltr'>semper</span> <span class='ocrx_word' id='word_1_304' title='bbox 1408 4155 1584 4224; x_wconf 81' lang='lat' dir='ltr'>abendam</span> <span class='ocrx_word' id='word_1_305' title='bbox 1599 4155 1828 4226; x_wconf 85' lang='lat' dir='ltr'>confirmabit</span> <span class='ocrx_word' id='word_1_306' title='bbox 1844 4159 1889 4227; x_wconf 90' lang='lat' dir='ltr'>ad</span> <span class='ocrx_word' id='word_1_307' title='bbox 1905 4160 2067 4248; x_wconf 87' lang='lat' dir='ltr'>areghisi</span> <span class='ocrx_word' id='word_1_308' title='bbox 2083 4165 2120 4230; x_wconf 90' lang='grc'>11</span> 
     </span>
     <span class='ocr_line' id='line_1_25' title="bbox 265 4309 2118 4402; baseline 0 -20"><span class='ocrx_word' id='word_1_309' title='bbox 265 4313 421 4400; x_wconf 90' lang='lat' dir='ltr'>iaquinti</span> <span class='ocrx_word' id='word_1_310' title='bbox 437 4313 608 4384; x_wconf 88' lang='lat' dir='ltr'>castaldei</span> <span class='ocrx_word' id='word_1_311' title='bbox 624 4313 789 4402; x_wconf 86' lang='lat' dir='ltr'>germani</span> <span class='ocrx_word' id='word_1_312' title='bbox 804 4313 871 4382; x_wconf 87' lang='lat' dir='ltr'>filii</span> <span class='ocrx_word' id='word_1_313' title='bbox 888 4313 1038 4382; x_wconf 91' lang='lat' dir='ltr'>iohanni</span> <span class='ocrx_word' id='word_1_314' title='bbox 1053 4311 1168 4378; x_wconf 90' lang='lat' dir='ltr'>omnis</span> <span class='ocrx_word' id='word_1_315' title='bbox 1183 4311 1289 4376; x_wconf 87' lang='lat' dir='ltr'>rebus</span> <span class='ocrx_word' id='word_1_316' title='bbox 1304 4329 1370 4378; x_wconf 90' lang='lat' dir='ltr'>sua</span> <span class='ocrx_word' id='word_1_317' title='bbox 1384 4309 1428 4377; x_wconf 90' lang='lat' dir='ltr'>de</span> <span class='ocrx_word' id='word_1_318' title='bbox 1442 4309 1558 4377; x_wconf 91' lang='lat' dir='ltr'>locum</span> <span class='ocrx_word' id='word_1_319' title='bbox 1572 4309 1703 4396; x_wconf 79' lang='lat' dir='ltr'>tabale,</span> <span class='ocrx_word' id='word_1_320' title='bbox 1715 4315 1751 4379; x_wconf 89' lang='lat' dir='ltr'>et</span> <span class='ocrx_word' id='word_1_321' title='bbox 1766 4313 1909 4398; x_wconf 89' lang='lat' dir='ltr'>troccle,</span> <span class='ocrx_word' id='word_1_322' title='bbox 1925 4317 1961 4381; x_wconf 93' lang='lat' dir='ltr'>et</span> <span class='ocrx_word' id='word_1_323' title='bbox 1977 4313 2118 4401; x_wconf 86' lang='lat' dir='ltr'>ragitu,</span> 
     </span>
    </p>
   </div>
   <div class='ocr_carea' id='block_1_3' title="bbox 264 4463 2117 4556">
    <p class='ocr_par' dir='ltr' id='par_1_4' title="bbox 264 4463 2117 4556">
     <span class='ocr_line' id='line_1_26' title="bbox 264 4463 2117 4556; baseline -0.001 -20"><span class='ocrx_word' id='word_1_324' title='bbox 264 4473 302 4536; x_wconf 91' lang='lat' dir='ltr'>et</span> <span class='ocrx_word' id='word_1_325' title='bbox 323 4468 453 4556; x_wconf 89' lang='lat' dir='ltr'>beteri,</span> <span class='ocrx_word' id='word_1_326' title='bbox 470 4467 541 4538; x_wconf 91' lang='lat' dir='ltr'>ista</span> <span class='ocrx_word' id='word_1_327' title='bbox 556 4474 659 4556; x_wconf 89' lang='lat' dir='ltr'>parte</span> <span class='ocrx_word' id='word_1_328' title='bbox 683 4467 790 4537; x_wconf 87' lang='lat' dir='ltr'>flubio</span> <span class='ocrx_word' id='word_1_329' title='bbox 812 4469 940 4536; x_wconf 91' lang='lat' dir='ltr'>boneia</span> <span class='ocrx_word' id='word_1_330' title='bbox 962 4466 1077 4536; x_wconf 85' lang='grc'>111111</span> <span class='ocrx_word' id='word_1_331' title='bbox 1101 4469 1199 4552; x_wconf 88' lang='lat' dir='ltr'>parte</span> <span class='ocrx_word' id='word_1_332' title='bbox 1223 4482 1334 4552; x_wconf 89' lang='lat' dir='ltr'>usque</span> <span class='ocrx_word' id='word_1_333' title='bbox 1358 4482 1469 4549; x_wconf 89' lang='lat' dir='ltr'>mare;</span> <span class='ocrx_word' id='word_1_334' title='bbox 1499 4463 1578 4532; x_wconf 91' lang='lat' dir='ltr'>ideo</span> <span class='ocrx_word' id='word_1_335' title='bbox 1601 4464 1924 4551; x_wconf 90' lang='lat' dir='ltr'>quomodocumque</span> <span class='ocrx_word' id='word_1_336' title='bbox 1947 4485 2010 4552; x_wconf 90' lang='lat' dir='ltr'>per</span> <span class='ocrx_word' id='word_1_337' title='bbox 2027 4487 2117 4553; x_wconf 90' lang='lat' dir='ltr'>qua·</span> 
     </span>
    </p>
   </div>
   <div class='ocr_carea' id='block_1_4' title="bbox 265 4579 2120 4708">
    <p class='ocr_par' dir='ltr' id='par_1_5' title="bbox 265 4579 2120 4708">
     <span class='ocr_line' id='line_1_27' title="bbox 265 4579 2120 4708; baseline 0.001 -22"><span class='ocrx_word' id='word_1_338' title='bbox 265 4619 454 4707; x_wconf 83' lang='lat' dir='ltr'>tecumque</span> <span class='ocrx_word' id='word_1_339' title='bbox 477 4621 569 4690; x_wconf 89' lang='lat' dir='ltr'>ratio</span> <span class='ocrx_word' id='word_1_340' title='bbox 592 4627 628 4690; x_wconf 90' lang='lat' dir='ltr'>et</span> <span class='ocrx_word' id='word_1_341' title='bbox 650 4622 689 4688; x_wconf 92' lang='lat' dir='ltr'>in</span> <span class='ocrx_word' id='word_1_342' title='bbox 713 4622 885 4708; x_wconf 88' lang='lat' dir='ltr'>predictis</span> <span class='ocrx_word' id='word_1_343' title='bbox 908 4621 1006 4706; x_wconf 86' lang='grc'>11111,</span> <span class='ocrx_word' id='word_1_344' title='bbox 1030 4623 1105 4690; x_wconf 89' lang='lat' dir='ltr'>tam</span> <span class='ocrx_word' id='word_1_345' title='bbox 1129 4621 1201 4687; x_wconf 91' lang='lat' dir='ltr'>ista</span> <span class='ocrx_word' id='word_1_346' title='bbox 1223 4621 1325 4706; x_wconf 87' lang='lat' dir='ltr'>parte</span> <span class='ocrx_word' id='word_1_347' title='bbox 1349 4617 1425 4706; x_wconf 89' lang='lat' dir='ltr'>ipso</span> <span class='ocrx_word' id='word_1_348' title='bbox 1448 4579 1729 4703; x_wconf 83' lang='lat' dir='ltr'>dubioquamet</span> <span class='ocrx_word' id='word_1_349' title='bbox 1746 4615 1864 4685; x_wconf 85' lang='lat' dir='ltr'>inille</span> <span class='ocrx_word' id='word_1_350' title='bbox 1886 4622 2120 4706; x_wconf 86' lang='lat' dir='ltr'>pariensque</span> 
     </span>
    </p>
   </div>
   <div class='ocr_carea' id='block_1_5' title="bbox 265 4769 2121 5787">
    <p class='ocr_par' dir='ltr' id='par_1_6' title="bbox 265 4769 2121 5787">
     <span class='ocr_line' id='line_1_28' title="bbox 265 4769 2121 4864; baseline -0.001 -22"><span class='ocrx_word' id='word_1_351' title='bbox 265 4795 381 4864; x_wconf 87' lang='lat' dir='ltr'>mare,</span> <span class='ocrx_word' id='word_1_352' title='bbox 405 4775 520 4844; x_wconf 86' lang='lat' dir='ltr'>eidem</span> <span class='ocrx_word' id='word_1_353' title='bbox 543 4777 650 4845; x_wconf 89' lang='lat' dir='ltr'>ciceri</span> <span class='ocrx_word' id='word_1_354' title='bbox 673 4775 894 4863; x_wconf 90' lang='lat' dir='ltr'>pertinentes</span> <span class='ocrx_word' id='word_1_355' title='bbox 917 4776 987 4844; x_wconf 84' lang='lat' dir='ltr'>fuit</span> <span class='ocrx_word' id='word_1_356' title='bbox 1010 4778 1134 4862; x_wconf 87' lang='lat' dir='ltr'>otest,</span> <span class='ocrx_word' id='word_1_357' title='bbox 1157 4773 1214 4840; x_wconf 84' lang='grc'>111</span> <span class='ocrx_word' id='word_1_358' title='bbox 1236 4773 1359 4858; x_wconf 85' lang='lat' dir='ltr'>inerit,</span> <span class='ocrx_word' id='word_1_359' title='bbox 1386 4774 1499 4839; x_wconf 89' lang='lat' dir='ltr'>totum</span> <span class='ocrx_word' id='word_1_360' title='bbox 1521 4769 1684 4838; x_wconf 84' lang='lat' dir='ltr'>funditus</span> <span class='ocrx_word' id='word_1_361' title='bbox 1708 4789 1789 4838; x_wconf 92' lang='lat' dir='ltr'>cum</span> <span class='ocrx_word' id='word_1_362' title='bbox 1812 4771 1934 4841; x_wconf 90' lang='lat' dir='ltr'>omnia</span> <span class='ocrx_word' id='word_1_363' title='bbox 1958 4773 2056 4842; x_wconf 90' lang='lat' dir='ltr'>intro</span> <span class='ocrx_word' id='word_1_364' title='bbox 2081 4794 2121 4844; x_wconf 91' lang='lat' dir='ltr'>se</span> 
     </span>
     <span class='ocr_line' id='line_1_29' title="bbox 268 4923 2118 5015; baseline -0.002 -17"><span class='ocrx_word' id='word_1_365' title='bbox 268 4927 464 4998; x_wconf 87' lang='lat' dir='ltr'>abentibus</span> <span class='ocrx_word' id='word_1_366' title='bbox 486 4929 722 5015; x_wconf 90' lang='lat' dir='ltr'>omnibusque</span> <span class='ocrx_word' id='word_1_367' title='bbox 745 4927 819 4996; x_wconf 89' lang='lat' dir='ltr'>suis</span> <span class='ocrx_word' id='word_1_368' title='bbox 842 4927 1070 5015; x_wconf 87' lang='lat' dir='ltr'>pertinentiis</span> <span class='ocrx_word' id='word_1_369' title='bbox 1094 4929 1228 4995; x_wconf 89' lang='lat' dir='ltr'>etcum</span> <span class='ocrx_word' id='word_1_370' title='bbox 1252 4925 1330 4993; x_wconf 91' lang='lat' dir='ltr'>bice</span> <span class='ocrx_word' id='word_1_371' title='bbox 1354 4925 1398 4993; x_wconf 90' lang='lat' dir='ltr'>de</span> <span class='ocrx_word' id='word_1_372' title='bbox 1421 4923 1491 4992; x_wconf 88' lang='lat' dir='ltr'>biis</span> <span class='ocrx_word' id='word_1_373' title='bbox 1512 4923 1608 5011; x_wconf 87' lang='lat' dir='ltr'>suis,</span> <span class='ocrx_word' id='word_1_374' title='bbox 1632 4926 1772 4992; x_wconf 90' lang='lat' dir='ltr'>etcum</span> <span class='ocrx_word' id='word_1_375' title='bbox 1797 4924 1913 4992; x_wconf 92' lang='lat' dir='ltr'>omnis</span> <span class='ocrx_word' id='word_1_376' title='bbox 1935 4925 2118 4995; x_wconf 92' lang='lat' dir='ltr'>monimen</span> 
     </span>
     <span class='ocr_line' id='line_1_30' title="bbox 267 5077 2121 5169; baseline 0 -23"><span class='ocrx_word' id='word_1_377' title='bbox 267 5080 424 5169; x_wconf 90' lang='lat' dir='ltr'>indeque</span> <span class='ocrx_word' id='word_1_378' title='bbox 447 5082 669 5169; x_wconf 89' lang='lat' dir='ltr'>pertinentes</span> <span class='ocrx_word' id='word_1_379' title='bbox 691 5080 910 5151; x_wconf 89' lang='lat' dir='ltr'>trasactibus</span> <span class='ocrx_word' id='word_1_380' title='bbox 932 5078 1076 5148; x_wconf 88' lang='lat' dir='ltr'>nomine</span> <span class='ocrx_word' id='word_1_381' title='bbox 1091 5083 1127 5148; x_wconf 90' lang='lat' dir='ltr'>et</span> <span class='ocrx_word' id='word_1_382' title='bbox 1143 5079 1340 5149; x_wconf 79' lang='lat' dir='ltr'>sfunditus</span> <span class='ocrx_word' id='word_1_383' title='bbox 1355 5077 1436 5148; x_wconf 90' lang='lat' dir='ltr'>illut</span> <span class='ocrx_word' id='word_1_384' title='bbox 1451 5080 1609 5167; x_wconf 90' lang='lat' dir='ltr'>ipsorum</span> <span class='ocrx_word' id='word_1_385' title='bbox 1624 5078 1789 5166; x_wconf 89' lang='lat' dir='ltr'>germani</span> <span class='ocrx_word' id='word_1_386' title='bbox 1804 5078 1966 5148; x_wconf 89' lang='lat' dir='ltr'>donabit:</span> <span class='ocrx_word' id='word_1_387' title='bbox 1984 5079 2121 5165; x_wconf 83' lang='lat' dir='ltr'>scripta</span> 
     </span>
     <span class='ocr_line' id='line_1_31' title="bbox 266 5229 2117 5323; baseline -0.004 -19"><span class='ocrx_word' id='word_1_388' title='bbox 266 5255 333 5323; x_wconf 88' lang='lat' dir='ltr'>per</span> <span class='ocrx_word' id='word_1_389' title='bbox 358 5255 467 5305; x_wconf 88' lang='lat' dir='ltr'>ursus</span> <span class='ocrx_word' id='word_1_390' title='bbox 489 5235 608 5306; x_wconf 91' lang='lat' dir='ltr'>scriba</span> <span class='ocrx_word' id='word_1_391' title='bbox 631 5237 674 5304; x_wconf 89' lang='lat' dir='ltr'>de</span> <span class='ocrx_word' id='word_1_392' title='bbox 697 5235 970 5322; x_wconf 86' lang='lat' dir='ltr'>quadragesimo</span> <span class='ocrx_word' id='word_1_393' title='bbox 992 5251 1087 5303; x_wconf 89' lang='lat' dir='ltr'>anno</span> <span class='ocrx_word' id='word_1_394' title='bbox 1110 5236 1335 5322; x_wconf 88' lang='lat' dir='ltr'>principatus</span> <span class='ocrx_word' id='word_1_395' title='bbox 1357 5235 1478 5304; x_wconf 91' lang='lat' dir='ltr'>domni</span> <span class='ocrx_word' id='word_1_396' title='bbox 1502 5232 1620 5322; x_wconf 84' lang='lat' dir='ltr'>gisolfi</span> <span class='ocrx_word' id='word_1_397' title='bbox 1634 5231 1678 5301; x_wconf 89' lang='grc'>(11</span> <span class='ocrx_word' id='word_1_398' title='bbox 1694 5251 1814 5302; x_wconf 90' lang='lat' dir='ltr'>mense</span> <span class='ocrx_word' id='word_1_399' title='bbox 1837 5237 1987 5319; x_wconf 84' lang='lat' dir='ltr'>agustus</span> <span class='ocrx_word' id='word_1_400' title='bbox 2010 5229 2117 5318; x_wconf 90' lang='lat' dir='ltr'>quin·</span> 
     </span>
     <span class='ocr_line' id='line_1_32' title="bbox 267 5385 2117 5478; baseline -0.002 -18"><span class='ocrx_word' id='word_1_401' title='bbox 267 5391 448 5460; x_wconf 82' lang='lat' dir='ltr'>tadeoima</span> <span class='ocrx_word' id='word_1_402' title='bbox 471 5391 678 5478; x_wconf 89' lang='lat' dir='ltr'>indictione,</span> <span class='ocrx_word' id='word_1_403' title='bbox 696 5396 732 5460; x_wconf 90' lang='lat' dir='ltr'>ct</span> <span class='ocrx_word' id='word_1_404' title='bbox 746 5412 769 5461; x_wconf 90' lang='grc'>1</span> <span class='ocrx_word' id='word_1_405' title='bbox 783 5392 934 5460; x_wconf 89' lang='lat' dir='ltr'>testibus</span> <span class='ocrx_word' id='word_1_406' title='bbox 955 5392 1134 5475; x_wconf 87' lang='lat' dir='ltr'>roborata,</span> <span class='ocrx_word' id='word_1_407' title='bbox 1159 5389 1230 5457; x_wconf 87' lang='lat' dir='ltr'>ista</span> <span class='ocrx_word' id='word_1_408' title='bbox 1254 5389 1400 5476; x_wconf 88' lang='lat' dir='ltr'>scriptio</span> <span class='ocrx_word' id='word_1_409' title='bbox 1423 5391 1476 5458; x_wconf 93' lang='grc'>111</span> <span class='ocrx_word' id='word_1_410' title='bbox 1490 5386 1718 5473; x_wconf 87' lang='lat' dir='ltr'>exemplatio.</span> <span class='ocrx_word' id='word_1_411' title='bbox 1735 5385 1834 5473; x_wconf 80' lang='lat' dir='ltr'>ntia,</span> <span class='ocrx_word' id='word_1_412' title='bbox 1850 5385 2020 5473; x_wconf 90' lang='lat' dir='ltr'>quomodo</span> <span class='ocrx_word' id='word_1_413' title='bbox 2039 5386 2117 5472; x_wconf 91' lang='lat' dir='ltr'>ipsc</span> 
     </span>
     <span class='ocr_line' id='line_1_33' title="bbox 267 5539 2120 5634; baseline -0.004 -18"><span class='ocrx_word' id='word_1_414' title='bbox 267 5549 407 5616; x_wconf 87' lang='lat' dir='ltr'>cicerus</span> <span class='ocrx_word' id='word_1_415' title='bbox 430 5545 527 5614; x_wconf 85' lang='lat' dir='ltr'>filius</span> <span class='ocrx_word' id='word_1_416' title='bbox 549 5546 699 5634; x_wconf 88' lang='lat' dir='ltr'>predicti</span> <span class='ocrx_word' id='word_1_417' title='bbox 724 5544 864 5613; x_wconf 88' lang='lat' dir='ltr'>sindoni</span> <span class='ocrx_word' id='word_1_418' title='bbox 888 5545 1073 5613; x_wconf 86' lang='lat' dir='ltr'>habitator</span> <span class='ocrx_word' id='word_1_419' title='bbox 1094 5543 1138 5612; x_wconf 89' lang='lat' dir='ltr'>de</span> <span class='ocrx_word' id='word_1_420' title='bbox 1161 5542 1352 5629; x_wconf 90' lang='lat' dir='ltr'>mitilian0,</span> <span class='ocrx_word' id='word_1_421' title='bbox 1377 5544 1472 5613; x_wconf 87' lang='lat' dir='ltr'>sicut</span> <span class='ocrx_word' id='word_1_422' title='bbox 1486 5545 1521 5613; x_wconf 90' lang='lat' dir='ltr'>ei</span> <span class='ocrx_word' id='word_1_423' title='bbox 1544 5561 1744 5632; x_wconf 87' lang='lat' dir='ltr'>congruum</span> <span class='ocrx_word' id='word_1_424' title='bbox 1768 5541 1895 5612; x_wconf 82' lang='lat' dir='ltr'>sderad</span> <span class='ocrx_word' id='word_1_425' title='bbox 1911 5559 1977 5610; x_wconf 88' lang='lat' dir='ltr'>sua</span> <span class='ocrx_word' id='word_1_426' title='bbox 1993 5539 2120 5610; x_wconf 92' lang='lat' dir='ltr'>bolun-</span> 
     </span>
     <span class='ocr_line' id='line_1_34' title="bbox 267 5694 2117 5787; baseline -0.004 -17"><span class='ocrx_word' id='word_1_427' title='bbox 267 5706 340 5772; x_wconf 86' lang='lat' dir='ltr'>tate</span> <span class='ocrx_word' id='word_1_428' title='bbox 363 5699 511 5772; x_wconf 87' lang='lat' dir='ltr'>donabit</span> <span class='ocrx_word' id='word_1_429' title='bbox 534 5699 650 5787; x_wconf 88' lang='lat' dir='ltr'>adque</span> <span class='ocrx_word' id='word_1_430' title='bbox 665 5699 711 5770; x_wconf 89' lang='lat' dir='ltr'>ad</span> <span class='ocrx_word' id='word_1_431' title='bbox 727 5715 864 5786; x_wconf 87' lang='lat' dir='ltr'>semper</span> <span class='ocrx_word' id='word_1_432' title='bbox 881 5695 1057 5768; x_wconf 88' lang='lat' dir='ltr'>abendum</span> <span class='ocrx_word' id='word_1_433' title='bbox 1072 5696 1351 5768; x_wconf 84' lang='lat' dir='ltr'>confirmaberad</span> <span class='ocrx_word' id='word_1_434' title='bbox 1367 5699 1523 5784; x_wconf 89' lang='lat' dir='ltr'>ipsorum</span> <span class='ocrx_word' id='word_1_435' title='bbox 1538 5699 1700 5784; x_wconf 88' lang='lat' dir='ltr'>areghisi</span> <span class='ocrx_word' id='word_1_436' title='bbox 1716 5698 1751 5765; x_wconf 90' lang='lat' dir='ltr'>et</span> <span class='ocrx_word' id='word_1_437' title='bbox 1768 5695 1926 5784; x_wconf 87' lang='lat' dir='ltr'>iaquinti</span> <span class='ocrx_word' id='word_1_438' title='bbox 1942 5694 2117 5766; x_wconf 88' lang='lat' dir='ltr'>castaldis</span> 
     </span>
    </p>
   </div>
   <div class='ocr_carea' id='block_1_6' title="bbox 269 5849 2118 5942">
    <p class='ocr_par' dir='ltr' id='par_1_7' title="bbox 269 5849 2118 5942">
     <span class='ocr_line' id='line_1_35' title="bbox 269 5849 2118 5942; baseline 0 -22"><span class='ocrx_word' id='word_1_439' title='bbox 269 5856 387 5924; x_wconf 91' lang='lat' dir='ltr'>omnis</span> <span class='ocrx_word' id='word_1_440' title='bbox 409 5853 656 5942; x_wconf 87' lang='lat' dir='ltr'>suprascripta</span> <span class='ocrx_word' id='word_1_441' title='bbox 679 5857 784 5925; x_wconf 86' lang='lat' dir='ltr'>rebus</span> <span class='ocrx_word' id='word_1_442' title='bbox 807 5873 873 5924; x_wconf 87' lang='lat' dir='ltr'>sua</span> <span class='ocrx_word' id='word_1_443' title='bbox 897 5853 940 5923; x_wconf 92' lang='lat' dir='ltr'>de</span> <span class='ocrx_word' id='word_1_444' title='bbox 964 5851 1216 5942; x_wconf 88' lang='lat' dir='ltr'>suprascriptis</span> <span class='ocrx_word' id='word_1_445' title='bbox 1239 5851 1325 5922; x_wconf 91' lang='lat' dir='ltr'>locis</span> <span class='ocrx_word' id='word_1_446' title='bbox 1347 5851 1479 5940; x_wconf 83' lang='lat' dir='ltr'>sabale,</span> <span class='ocrx_word' id='word_1_447' title='bbox 1502 5852 1539 5922; x_wconf 91' lang='lat' dir='ltr'>et</span> <span class='ocrx_word' id='word_1_448' title='bbox 1565 5850 1708 5938; x_wconf 89' lang='lat' dir='ltr'>troccle,</span> <span class='ocrx_word' id='word_1_449' title='bbox 1724 5854 1759 5920; x_wconf 89' lang='lat' dir='ltr'>et</span> <span class='ocrx_word' id='word_1_450' title='bbox 1774 5849 1911 5937; x_wconf 85' lang='lat' dir='ltr'>ragitu,</span> <span class='ocrx_word' id='word_1_451' title='bbox 1928 5856 1964 5922; x_wconf 89' lang='lat' dir='ltr'>et</span> <span class='ocrx_word' id='word_1_452' title='bbox 1987 5849 2118 5938; x_wconf 83' lang='lat' dir='ltr'>beteri,</span> 
     </span>
    </p>
   </div>
   <div class='ocr_carea' id='block_1_7' title="bbox 0 0 2683 7092">
    <p class='ocr_par' dir='ltr' id='par_1_8' title="bbox 0 0 2683 7092">
     <span class='ocr_line' id='line_1_36' title="bbox 0 0 2683 7092; baseline 0 0"><span class='ocrx_word' id='word_1_453' title='bbox 0 0 2683 7092; x_wconf 95' lang='lat' dir='ltr'> </span> 
     </span>
    </p>
   </div>
  </div>
 </body>
</html>
