5310 7080
932 510 1340 586 oinnounmous
1653 611 1656 618 ,
1973 518 2041 592 135

236 739 350 806 ursata
374 735 568 820 semapiata
591 733 677 800 aare
701 733 895 802 solidorum
915 737 1302 806 constantinianorum.
1328 740 1364 806 et
1397 739 1444 808 ud
1472 739 1511 806 in
1543 737 1627 810 aliis
1652 739 1764 810 modis
1797 757 1868 810 non
1891 739 1969 810 eiad
1993 758 2089 810 com·

237 890 374 959 mutata
396 885 451 954 vel
476 884 731 972 exemplatum,
757 885 827 954 ista
849 887 989 956 cartula
1011 893 1098 974 aput
1114 906 1177 956 nos
1193 890 1402 981 retinemus,
1418 897 1454 962 et
1468 893 1543 964 alia
1558 894 1666 965 talem
1689 893 1733 963 de
1756 911 1828 962 uno
1851 892 1969 963 tinore
1995 898 2088 981 aput

239 1044 298 1111 bos
320 1039 524 1112 remisimus
540 1010 571 1128 †
587 1044 624 1109 et
646 1040 767 1110 taliter
789 1042 946 1112 scribere
963 1042 1169 1130 rogabimus
1184 1048 1219 1112 te
1235 1047 1357 1131 petrus
1372 1043 1524 1114 clericus
1546 1049 1583 1116 at
1606 1043 1768 1118 notarius
1793 1047 1854 1135 qui
1872 1045 2089 1115 interfuisti.

283 1167 312 1284 †
337 1210 404 1282 ego
427 1192 489 1280 qui
513 1211 622 1280 supra
645 1195 736 1262 miro
760 1192 869 1262 iudex

338 1366 405 1436 ego
428 1347 491 1436 qui
513 1366 624 1436 supra
647 1349 830 1419 mirandus
855 1349 965 1420 iudex

285 1474 314 1591 †
340 1519 406 1590 ego
430 1501 697 1572 maraldust
636 1506 697 1572 not
698 1503 798 1571 arius
821 1522 876 1572 me
900 1505 1094 1592 subscripsi

339 1674 404 1744 ego
427 1655 606 1726 hodelsrit.

1063 2300 1275 2382 DGXV.

1014 2563 1069 2642 A.
1097 2561 1148 2639 D.
1178 2555 1309 2640 1009.

286 2810 384 2948 †ln
409 2858 552 2929 nomine
576 2858 710 2926 domini
736 2854 901 2923 vicesimo
931 2853 1045 2940 primo
1072 2868 1166 2920 anno
1189 2848 1412 2936 principatus
1438 2847 1558 2916 domni
1586 2847 1699 2916 nostri
1721 2849 1903 2935 guaimari
1935 2849 2083 2938 gloriosi

243 3011 425 3102 principis,
450 3025 570 3078 mense
594 3007 759 3091 martius,
783 3006 933 3096 septima
957 3001 1164 3070 indictione.
1190 3000 1338 3087 Ideoque
1361 3016 1427 3086 ego
1450 2997 1653 3086 grimoaldu
1676 2999 1772 3067 fliius
1794 3000 1974 3086 quondam
1997 3003 2091 3090 petri

243 3161 449 3247 clamiceio,
474 3161 643 3246 quoniam
667 3159 769 3225 nobis
793 3161 847 3225 est
870 3155 1072 3242 pertinente
1096 3154 1202 3222 abere
1226 3150 1295 3219 due
1318 3151 1417 3237 pecie
1440 3149 1484 3217 de
1506 3148 1612 3216 terris
1636 3151 1748 3220 baone
1765 3150 1935 3218 inlocum
1956 3155 2093 3240 campi-

244 3315 340 3384 liano
357 3315 386 3398 ¹)
402 3333 425 3382 a
440 3313 564 3380 subtus
589 3309 740 3379 ecclesia
755 3307 870 3376 sancti
888 3303 1075 3376 marciani:
1095 3302 1211 3391 prima
1226 3301 1328 3389 peoia
1342 3303 1395 3369 est
1409 3301 1505 3369 inter
1522 3300 1667 3369 reneclu
1680 3305 1716 3369 et
1729 3301 1922 3388 bicintinu;
1938 3304 2094 3374 secunda

243 3463 345 3551 pecie
367 3467 421 3532 est
444 3483 466 3533 a
489 3462 614 3530 subtus
637 3458 787 3528 ecclesia
804 3458 921 3528 sancti
938 3456 1132 3540 marciani,
1156 3458 1192 3524 et
1214 3471 1413 3539 congruum
1438 3456 1492 3520 est
1509 3452 1618 3520 michi
1637 3452 1764 3522 inclita
1781 3454 1938 3524 sortione
1954 3475 2034 3526 mea
2050 3458 2093 3524 ds>

238 3615 347 3685 ambo
364 3610 568 3699 supradicte
584 3611 683 3698 pecie
699 3609 917 3677 benumdare
933 3605 1076 3676 amandi
1093 3609 1129 3673 et
1145 3605 1221 3672 ursi
1245 3607 1281 3672 et
1292 3604 1422 3674 achino
1436 3601 1603 3691 germani
1616 3603 1684 3672 filii
1696 3605 1874 3691 quondam
1886 3605 2092 3696 grimoaldi,

243 3770 278 3834 et
294 3763 446 3835 balaami
470 3764 545 3831 illio
562 3763 740 3849 quondam
757 3759 906 3829 iohanni
923 3759 985 3844 qui
1001 3759 1080 3828 sitis
1096 3759 1165 3826 thii
1182 3761 1218 3825 et
1234 3761 1391 3843 nepotes3
1409 3756 1548 3825 interea
1563 3773 1628 3842 ego
1651 3755 1841 3826 iamdictus
1857 3759 2092 3848 grimoaldum

243 3918 340 3985 Siout
364 3914 454 3983 mihi
478 3931 677 4001 congruum
702 3915 769 3998 est,
794 3913 886 3979 bona
910 3927 988 3979 mea
1004 3909 1205 3996 boluntate,
1229 3925 1292 3994 per
1315 3925 1384 3977 ano
1407 3907 1588 3978 cartulam
1604 3910 1697 3977 Ante
1712 3909 1892 3996 presentia
1909 3913 2092 3982 Romoaldi

244 4068 395 4138 castaldi
421 4065 714 4138 benumdedimus
738 4069 844 4151 atque
868 4068 907 4132 at
929 4080 1067 4150 semper
1091 4062 1266 4132 abendum
1291 4061 1579 4132 confirmabimus
1595 4062 1694 4130 bobis
1710 4061 1871 4131 iamdicti
1888 4064 1955 4133 thii
1973 4069 2009 4134 et
2032 4083 2093 4135 ne-

245 4224 343 4308 potes
367 4217 497 4292 inclita
520 4219 599 4306 ipsa
623 4217 777 4286 sortione
801 4220 923 4285 nostra
938 4215 981 4284 de
996 4215 1157 4302 predicta
1173 4217 1291 4304 rebus,
1307 4235 1375 4303 que
1390 4217 1444 4284 est
1459 4215 1502 4284 de
1518 4221 1652 4304 septem
1667 4215 1849 4302 sortionis,
1874 4214 2001 4285 inclita
2018 4235 2093 4286 una

243 4373 287 4441 de
311 4376 415 4442 ambo
438 4373 642 4460 supradicte
658 4372 770 4458 pecie,
787 4389 868 4440 cnm
884 4371 1004 4439 omnia
1022 4370 1118 4436 intro
1133 4386 1170 4436 se
1186 4368 1376 4438 abentibus
1390 4367 1624 4454 omnibusque
1640 4366 1715 4435 suis
1729 4368 1945 4454 pertinentis
1962 4373 2092 4439 etcum

246 4525 322 4594 bice
347 4526 390 4594 de
413 4525 470 4594 bie
493 4544 571 4612 sue,
595 4530 633 4594 at
656 4524 828 4594 securiter
851 4527 888 4591 et
912 4523 1063 4590 firmiter
1086 4521 1208 4590 amodo
1230 4525 1266 4588 et
1283 4537 1420 4606 semper
1436 4536 1496 4586 vos
1512 4521 1549 4587 et
1564 4519 1691 4587 uestris
1707 4519 1871 4588 eredibus
1887 4521 1969 4590 illut
1985 4525 2093 4593 abeu-

243 4679 341 4765 dum,
366 4679 635 4765 dominandum,
659 4677 920 4765 possidendum,
946 4676 1067 4744 omnia
1089 4673 1219 4742 exinde
1243 4671 1444 4742 iaciendum
1468 4670 1561 4757 quod
1585 4669 1792 4758 bolueritis3
1817 4677 1853 4742 et
1876 4692 1940 4760 pro
1964 4678 2094 4743 confir-

246 4831 414 4901 mandam
438 4835 474 4900 et
496 4829 784 4899 stabiliscendam
808 4846 876 4896 anc
901 4831 1022 4896 nostra
1046 4825 1256 4914 binditione,
1281 4807 1377 4892 nunc
1400 4843 1422 4892 a
1443 4824 1618 4926 presentis
1643 4827 1841 4912 recepimus
1858 4845 1881 4894 a
1897 4829 1957 4896 bos
1981 4833 2095 4898 statn—
2166 4835 2172 4846 '

243 4989 317 5052 tum
340 4985 511 5072 pretium,
536 4982 548 5048 i
573 4987 658 5050 sunt
681 4982 758 5052 anri
784 4981 856 5050 tari
882 4979 966 5047 boni
992 4997 1179 5052 numerum
1195 4977 1329 5064 biginti
1345 4995 1422 5065 sex,
1438 4978 1531 5046 sicut
1547 4977 1642 5046 inter
1659 4980 1761 5047 nobis
1776 4979 1952 5049 combonit
1968 4983 2007 5048 in
2023 5002 2096 5049 om-

244 5137 300 5204 nis
321 5136 590 5205 deliberatione.
608 5133 796 5220 Finitoque
820 5151 904 5200 vero
919 5133 1075 5219 pretium
1100 5131 1215 5217 ipsum
1239 5136 1326 5217 aput
1348 5149 1425 5219 nos,
1443 5150 1485 5202 ea
1501 5131 1643 5218 quidem
1659 5133 1850 5218 rationem,
1873 5138 1909 5200 et
1924 5151 1986 5219 per
2003 5136 2096 5202 bona

241 5291 504 5360 combenientia
527 5289 664 5378 guadia
688 5290 787 5358 bobis
811 5287 977 5359 iamdicti
1003 5289 1167 5376 germani
1193 5293 1229 5356 et
1254 5291 1400 5375 nepotes
1422 5286 1582 5356 dedimus
1606 5292 1643 5356 et
1667 5287 1897 5358 mediatorem
1921 5289 2021 5358 bobis
2036 5307 2098 5374 po-

257 5575 381 5588 --ι-----.....1
397 5582 406 5586 -
445 5580 605 5587 --,..-.-.-.-ι

283 5758 308 5832 ¹)
332 5759 434 5820 Extra
458 5756 646 5820 Salernum.
