5318 7102
642 523 686 593 la
1328 519 1691 591 cnrrvuunurn

639 765 815 828 concessa,
844 741 873 814 si
899 741 972 838 ipse
998 741 1132 816 iustitia
1156 741 1198 813 ab
1223 739 1300 814 aliis
1326 741 1562 835 requisierint,
1590 743 1657 814 dut
1682 742 1759 814 aliis
1788 742 1851 814 hab
1873 743 1924 814 eis
1942 744 2073 816 iustitia
2091 769 2235 840 querere
2253 750 2429 841 voluerint,

638 901 785 996 qualiter
811 901 1006 978 interillos
1032 901 1201 974 iudicium
1226 901 1471 975 terminentur.

588 1059 722 1134 Placuit
735 1060 835 1133 nobis
852 1061 895 1131 de
913 1059 983 1132 illis
1001 1060 1135 1134 duobus
1152 1059 1279 1146 causis,
1295 1083 1356 1154 pro
1370 1057 1495 1155 quibus
1513 1059 1703 1131 iudicatum
1721 1059 1827 1133 luerit
1844 1060 1885 1132 ad
1904 1001 2064 1148 mortem,
2085 1061 2180 1135 nulla
2197 1063 2311 1136 lacere
2330 1075 2432 1162 potest

594 1187 599 1197 ι
635 1219 853 1313 repetitione,
874 1221 954 1314 quia
972 1221 1085 1292 omnis
1111 1243 1170 1291 rex
1188 1242 1281 1306 suas,
1309 1218 1522 1291 saecundum
1541 1219 1709 1291 iudicium
1727 1220 1939 1304 francorum,
1969 1217 2004 1289 in
2023 1218 2160 1313 publico
2179 1221 2321 1296 luerunt
2339 1247 2430 1321 repu-

634 1383 735 1450 tatas.
764 1377 860 1450 Etsi
887 1379 1011 1475 aliquis
1037 1379 1268 1473 postmodum,
1297 1388 1477 1473 postquam
1496 1378 1527 1448 ei
1547 1377 1615 1449 vita
1632 1377 1774 1449 luerunt
1799 1399 1977 1462 concessa,
2005 1400 2084 1449 eum
2112 1377 2244 1452 iustitia
2262 1383 2431 1477 acquirere

517 1609 519 1616 ,
633 1539 796 1630 potuerit,
817 1538 852 1608 in
872 1561 933 1609 sua
950 1537 1108 1609 libertate
1125 1545 1241 1608 teneat
1258 1543 1293 1608 et
1310 1535 1484 1622 defendat,
1512 1543 1546 1606 et
1562 1495 1802 1608 testimonium
1821 1559 1889 1606 non
1908 1533 2106 1629 recipiatur.
2137 1539 2223 1610 Nam
2241 1541 2333 1614 inter
2350 1541 2429 1614 sela-

631 1695 730 1767 vinos
756 1697 869 1791 legem
895 1696 1095 1768 iudicandas
1122 1698 1236 1767 locum
1256 1719 1325 1767 non
1343 1701 1497 1780 teneant,
1525 1699 1560 1763 et
1577 1691 1650 1764 siad
1668 1699 1921 1764 sacramentum
1947 1692 2077 1786 aliquid
2104 1696 2136 1766 ei
2154 1696 2346 1769 iudicatum
2365 1699 2430 1771 lne-

629 1851 674 1926 rit
700 1855 790 1949 quod
817 1857 931 1927 iurare
958 1854 1092 1942 debeat,
1112 1865 1146 1928 et
1164 1854 1193 1926 si
1220 1854 1345 1946 aliquis
1371 1855 1484 1948 ipsum
1511 1857 1764 1922 sacramentum
1783 1849 1909 1921 lalsum
1927 1849 2043 1922 dicere
2062 1853 2225 1940 voluerit,
2246 1879 2328 1929 cum
2346 1881 2431 1928 arma

628 2013 814 2085 contendat
840 2015 877 2108 ⁴).

578 2168 616 2242 Si
642 2170 766 2264 aliquis
792 2179 870 2266 post
895 2171 1063 2244 iudicium
1090 2171 1324 2243 sclavinorum
1351 2170 1481 2240 luerint
1507 2169 1576 2240 vita
1602 2187 1779 2252 concessa,
1809 2173 1843 2236 et
1861 2167 1933 2262 ipse
1951 2170 2169 2262 postmodum
2188 2171 2340 2266 aliquam
2358 2196 2428 2266 per-

590 2375 592 2382 <
624 2331 811 2421 petraverit
837 2339 872 2402 et
898 2331 1029 2402 iustitia
1056 2329 1199 2400 reddere
1226 2351 1295 2399 non
1315 2326 1479 2413 voluerit,
1499 2326 1659 2412 dicendo,
1680 2326 1769 2418 quod
1789 2333 1964 2398 mortuum
1983 2327 2040 2413 sit,
2069 2327 2112 2399 Et
2130 2329 2207 2400 ideo
2226 2329 2359 2402 iustitia
2383 2332 2399 2401 l
2415 2373 2427 2383 -

621 2509 700 2558 cere
727 2511 796 2560 non
823 2487 943 2574 daban,
972 2488 1147 2559 Statutum
1165 2500 1231 2572 est,
1252 2493 1290 2557 ut
1315 2487 1492 2582 superiore
1510 2485 1640 2559 iudicio
1659 2484 1848 2582 sustineat,
1869 2485 1960 2578 quod
1986 2493 2084 2558 antea
2102 2489 2277 2558 sustinere
2295 2487 2425 2574 debeat;

621 2656 656 2721 et
681 2649 709 2717 si
736 2647 866 2740 aliquid
894 2645 982 2720 male
1001 2645 1135 2731 lecerit,
1156 2647 1347 2716 secundum
1366 2644 1548 2738 aequitatis
1566 2642 1723 2714 ordinem
1742 2642 1917 2715 licentiam
1944 2643 2066 2716 habeat
2083 2668 2145 2715 sua
2162 2644 2333 2717 iustitiam
2350 2669 2427 2738 que-

620 2830 709 2893 rere,
739 2806 781 2876 de
807 2809 921 2878 causis
947 2828 1029 2876 vero
1056 2805 1258 2899 perpetratis
1284 2813 1463 2898 postquam
1490 2804 1532 2874 ad
1558 2811 1705 2874 mortem
1732 2803 1904 2875 iudicatus
1930 2811 1995 2888 est,
2015 2803 2058 2872 de
2076 2803 2249 2898 preteritis
2277 2815 2422 2890 maneat,

620 2963 711 3037 sicut
737 2967 897 3061 superius
923 2964 1151 3036 disiudioatus
1176 2963 1294 3034 luerit.

571 3121 618 3191 lle
645 3120 778 3194 latrone
805 3123 1070 3209 sormannitum,
1105 3124 1134 3194 si
1164 3120 1251 3193 liber
1277 3121 1378 3193 homo
1405 3119 1610 3214 susceperit,
1630 3137 1680 3189 xu
1698 3119 1827 3191 solidos
1846 3127 2029 3213 componat
2054 3127 2089 3191 et
2115 3143 2237 3192 servus
2263 3141 2334 3195 cxx
2360 3125 2425 3197 icto

617 3279 925 3375 persuissionibus.

567 3437 612 3510 Ut
636 3437 749 3509 omnis
775 3439 834 3530 qui
860 3438 1014 3510 latrones
1045 3437 1080 3508 iu
1107 3437 1288 3512 lorvanum
1314 3437 1479 3532 hapulent
1504 3435 1665 3508 miserint
1690 3435 1817 3506 vicinis
1842 3436 1937 3522 suis,
1971 3437 2060 3507 alius
2090 3436 2277 3509 comitibus
2303 3447 2423 3513 notum

614 3596 754 3682 faciant,
783 3595 934 3667 eundem
961 3595 1131 3666 latronem
1158 3595 1278 3666 adesse
1305 3594 1554 3676 forbannitum,
1584 3599 1621 3664 ut
1647 3592 1706 3664 ille
1733 3614 1814 3664 eum
1841 3590 2022 3686 recipiant.

565 3755 610 3828 Ut
635 3755 753 3827 nullus
778 3757 838 3826 alii
864 3755 906 3827 de
933 3754 1066 3840 liberis,
1096 3755 1154 3826 alii
1181 3754 1223 3825 de
1249 3753 1368 3824 liberis
1387 3750 1586 3824 hominibus
1604 3751 1645 3822 ad
1663 3751 1828 3844 placitum
1854 3751 1910 3822 vel
1929 3749 1970 3821 ad
1989 3751 2131 3823 mallum
2154 3753 2274 3825 venire
2298 3778 2426 3852 cogan-

610 3921 679 4000 tur,
708 3913 881 4007 aexceptis
907 3912 1072 3986 sclavinis
1099 3921 1133 3982 et
1157 3911 1267 3982 bassis
1294 3910 1475 3994 comitum,
1504 3910 1572 3981 nisi
1599 3909 1658 4003 qui
1685 3933 1823 3984 oausam
1850 3935 1949 3983 suam
1975 3919 2034 3984 aut
2060 3935 2206 4005 querere
2230 3912 2346 4002 debet,
2368 3925 2426 3989 aut

614 4070 837 4166 respondere.

563 4227 608 4301 Ut
632 4236 739 4302 testes
765 4227 806 4300 ad
832 4226 1075 4299 testimonium
1101 4225 1291 4298 dicendum
1316 4221 1488 4318 premium
1506 4247 1575 4294 non
1594 4223 1833 4297 conducantur
1850 4231 1885 4298 et
1902 4223 2039 4300 nullum
2056 4227 2297 4302 testimonium
2316 4231 2422 4316 dicat,

611 4395 669 4459 aut
696 4394 953 4459 sacramentum
981 4387 1086 4457 iuret.

560 4528 611 4617 ut'
630 4539 782 4629 abbates,
811 4545 870 4637 qui
897 4541 1151 4617 monasteribus
1170 4542 1351 4638 presumit,
1371 4541 1534 4614 volumus
1553 4539 1661 4633 adque
1682 4540 1854 4624 iuvemus,
1883 4547 1922 4613 ut
1941 4541 2134 4614 seeundum
2153 4548 2310 4640 regulam
2330 4547 2425 4620 vibat

608 4710 643 4774 et
669 4702 837 4787 doceant,
868 4715 903 4775 et
928 4703 970 4773 de
998 4700 1164 4775 subiectis
1191 4701 1232 4772 de
1259 4700 1324 4773 hoe
1351 4699 1442 4794 quod
1461 4699 1552 4786 illis,
1580 4705 1616 4771 et
1641 4698 1825 4771 carnaliter
1850 4708 1886 4771 et
1903 4700 2105 4796 spontaliter
2132 4704 2331 4778 ministrare
2358 4729 2423 4780 cu·

607 4867 697 4945 rent,
726 4866 761 4930 et
787 4859 1002 4953 vigilantiam
1029 4858 1189 4932 habeant.

559 5013 603 5090 Ut
627 5015 766 5088 abbates
792 5015 852 5108 qui
878 5015 1045 5088 canoniea
1071 5014 1218 5100 debent,
1252 5037 1374 5087 norma
1400 5014 1495 5087 illius
1521 5015 1685 5088 similiter
1716 5015 1789 5088 suis
1814 5016 2017 5112 prevideant
2042 5019 2184 5108 clerici,
2214 5021 2307 5095 sicut
2332 5024 2418 5096 ordo

580 5173 773 5247 ·canonica
798 5173 940 5259 docent,
970 5175 1060 5246 iusta
1087 5174 1180 5245 vires
1205 5173 1404 5259 decertent,
1434 5173 1582 5266 qualiter
1608 5173 1680 5268 ipse
1708 5174 1793 5246 ordo
1819 5173 1948 5246 ibidem
1974 5186 2145 5251 servetur.
2173 5177 2216 5252 llt
2242 5185 2281 5252 ut
2305 5178 2418 5254 officio

514 5318 521 5338 ⁰
603 5331 759 5407 devitum
786 5335 898 5430 ipsum
925 5333 1062 5430 explere
1089 5342 1229 5428 queant,
1259 5342 1294 5405 et
1311 5333 1468 5406 ordinem
1487 5357 1591 5406 suum
1608 5331 1806 5405 custodiant
1824 5354 1928 5426 quam
1950 5358 2008 5428 pre
2027 5343 2144 5409 cetera
2161 5337 2417 5414 delectamenta

595 5769 620 5849 ¹)
643 5792 658 5829 r
682 5771 791 5833 Armis
814 5771 1016 5842 contendere,
1035 5768 1162 5849 judicio
1184 5771 1284 5834 duelli
1306 5787 1338 5836 se
1355 5787 1500 5852 purpure
1525 5794 1553 5832 u.
1577 5769 1646 5852 (Du
1670 5770 1779 5849 Gange
1802 5769 1910 5834 Gloss.
1935 5791 1965 5834 v.
1989 5773 2118 5852 Arma).
