5334 7098
963 561 1358 634 diplomaticus
1964 551 2031 623 ool

238 795 368 862 trionis
392 795 464 859 fine
486 792 561 876 bia,
586 794 622 858 et
646 789 729 857 inde
752 794 835 856 sunt
859 789 955 874 passi
978 788 1098 855 decem
1121 790 1155 854 et
1178 789 1267 870 octo,
1291 787 1327 851 et
1352 782 1554 851 rebolbente
1579 765 1618 848 in
1640 797 1725 866 pars
1750 779 1898 847 meridie
1923 795 1986 864 per
2012 780 2084 844 fine

235 948 350 1035 ,ipsius
372 945 549 1014 hecclesie
572 944 669 1030 passi
693 947 784 1028 octo;
809 941 938 1010 iterum
963 960 1025 1028 per
1049 939 1197 1008 eandem
1221 939 1292 1006 fine
1316 935 1520 1004 rebolbente
1544 935 1583 1001 in
1606 951 1690 1019 pars
1706 931 1903 1000 occidentis
1918 932 2014 1018 passi
2032 934 2087 1000 bi-

237 1102 337 1186 ginti
361 1099 541 1186 quadtuor
566 1100 602 1164 et
624 1097 760 1182 palmos
782 1099 869 1180 tres3
894 1099 930 1162 et
953 1093 1155 1160 rebolbente
1177 1110 1240 1179 per
1263 1091 1412 1160 eandem
1436 1090 1507 1156 fine
1524 1091 1561 1158 in
1577 1107 1660 1176 pars
1676 1087 1825 1155 meridie
1841 1087 1936 1176 passi
1953 1089 2085 1176 biginti

236 1255 305 1321 duo
328 1255 449 1322 minus
472 1253 635 1340 guvitum
660 1270 786 1336 unum;
810 1255 1058 1316 verumtamen
1081 1247 1284 1314 rebolbente
1309 1264 1371 1331 per
1395 1245 1543 1312 eandem
1567 1243 1638 1309 fine
1663 1242 1700 1307 in
1726 1242 1804 1328 ipsa
1820 1260 1904 1328 pars
1920 1242 2089 1329 meridie,

237 1405 330 1473 sicut
355 1407 414 1472 hic
438 1423 544 1490 super
567 1403 608 1470 in
633 1404 712 1489 ipsu
736 1402 973 1470 disturvatum
998 1398 1157 1487 legitur,
1191 1397 1289 1484 passi
1320 1397 1451 1484 biginti
1477 1396 1546 1463 duo
1570 1395 1688 1462 minus
1712 1398 1877 1483 gubitum
1901 1414 2029 1481 unum;
2056 1401 2092 1464 et

240 1558 368 1628 iterum
393 1558 598 1626 rebolbente
622 1558 660 1623 in
675 1544 769 1644 ‘pars
793 1555 989 1622 occidentis
1013 1558 1049 1620 et
1072 1552 1312 1638 coniungente
1336 1550 1374 1616 in
1400 1550 1478 1638 ipsa
1503 1549 1563 1616 bia
1585 1567 1654 1634 que
1678 1553 1731 1616 est
1752 1549 1871 1634 priore
1895 1550 1980 1635 fine,
2008 1556 2094 1618 sunt

241 1711 326 1781 inde
350 1731 473 1800 passos
496 1712 704 1798 octuaginta
727 1713 872 1796 septem:
893 1712 969 1776 tota
984 1706 1191 1793 supradicta
1215 1721 1401 1772 mensuras
1425 1703 1469 1770 ad
1487 1702 1578 1768 iusto
1594 1719 1737 1788 passum
1756 1702 1894 1769 homini
1911 1703 1981 1770 suit
1997 1722 2095 1772 mon-

242 1872 381 1953 surata3
416 1870 481 1934 hec
517 1883 601 1932 vero
632 1868 737 1932 rebus
767 1882 830 1950 per
859 1863 1027 1932 iamdicte
1052 1861 1134 1927 finis
1157 1865 1192 1927 et
1215 1859 1396 1926 mensurio
1418 1861 1492 1924 tota
1516 1862 1552 1924 et
1575 1857 1722 1942 inclita,
1747 1861 1840 1925 sicut
1864 1857 2096 1944 dictumest,

244 2021 352 2087 nobis
375 2019 617 2104 tradiderunt,
643 2017 869 2084 medietatem
887 2016 959 2102 ipse
975 2012 1157 2082 maraldus
1181 2013 1219 2079 in
1242 2030 1325 2097 pars
1348 2010 1625 2098 septemtrionis
1641 2017 1677 2079 et
1693 2013 1921 2081 medietatem
1939 2014 2014 2099 ipse
2031 2014 2099 2080 fri·

248 2173 358 2242 derisi
382 2172 421 2238 in
445 2191 528 2258 pars
550 2171 714 2256 meridie,
739 2171 803 2238 tali
828 2169 965 2254 ordine,
991 2173 1030 2235 ut
1053 2167 1176 2236 amodo
1199 2171 1236 2234 et
1252 2185 1390 2253 semper
1407 2185 1470 2234 nos
1488 2167 1689 2254 nostrisque
1706 2169 1894 2238 heredibus
1910 2175 2013 2270 natos
2028 2190 2097 2240 na-

245 2331 365 2396 scente
389 2327 556 2394 inclitum
580 2325 662 2392 illut
684 2327 806 2391 nostre
830 2321 1014 2408 potestatis
1031 2325 1215 2388 teneamus
1240 2327 1274 2390 et
1297 2323 1531 2410 dominamus,
1549 2329 1584 2390 et
1600 2325 1786 2391 circoitum
1804 2323 1885 2392 illut
1900 2326 2099 2411 perfectum

246 2480 446 2562 cludamuS,
470 2481 506 2544 et
528 2493 667 2562 semper
690 2493 749 2541 eos
772 2474 907 2541 clusum
931 2475 1152 2560 habeamus,
1185 2479 1220 2541 et
1251 2474 1425 2542 faciamus
1451 2476 1547 2541 intus
1571 2475 1650 2560 ipsa
1673 2477 1778 2540 rebus
1803 2493 1902 2561 casa,
1925 2481 1961 2543 et
1986 2495 2099 2542 unuin

246 2631 288 2697 de
311 2647 389 2714 nos,
405 2629 461 2695 rel
477 2628 609 2694 nostris
633 2625 717 2692 filiis
738 2630 774 2694 et
796 2625 931 2712 eredes,
955 2643 1092 2710 semper
1116 2624 1193 2692 hibi
1218 2626 1434 2714 habitemus,
1460 2629 1501 2691 ut
1518 2628 1625 2693 rebus
1649 2627 1728 2711 ipsa
1753 2627 1884 2694 cotidie
1909 2627 2102 2714 vigilemus

247 2787 282 2850 et
305 2783 405 2850 salba
430 2781 615 2867 faciamus3
642 2781 692 2847 sic
716 2785 851 2864 tamen,
876 2784 916 2847 ut
938 2779 1087 2847 hamodo
1113 2780 1190 2864 ipsa
1212 2797 1310 2864 casa,
1334 2783 1375 2846 ut
1400 2780 1535 2846 dietum
1560 2783 1644 2866 est,
1671 2779 1844 2846 faciamus
1868 2785 1903 2848 et
1926 2781 2003 2848 hibi
2028 2782 2104 2850 abi-

136 3006 138 3010 ,
247 2939 374 3020 temuS,
399 2953 464 3002 nec
487 2951 558 3000 non
583 2937 619 3000 et
643 2932 768 2999 amodo
790 2933 964 3000 faciamus
989 2930 1065 2998 hibi
1089 2931 1308 3017 palmentum
1324 2931 1494 2998 flavitum
1511 2932 1682 3017 optimum
1700 2951 1781 2998 cum
1797 2933 2003 3000 susscitorio
2021 2951 2098 3019 suo,

249 3087 357 3154 etsie
381 3085 556 3154 faciamus
581 3085 697 3172 ipsum
721 3085 962 3170 palmentum,
988 3089 1028 3151 ut
1050 3084 1275 3152 medietatem
1300 3085 1430 3154 veniad
1452 3084 1490 3152 in
1515 3087 1594 3173 ipsa
1616 3086 1711 3155 socia
1736 3086 1849 3170 ipsius
1872 3087 2041 3173 maraldi,
2066 3093 2102 3156 et

249 3239 476 3310 medietatem
488 3240 609 3307 veniat
622 3239 659 3304 in
673 3239 752 3324 ipsa
764 3237 859 3305 socia
877 3237 989 3324 ipsius
1005 3237 1176 3323 friderisi,
1196 3243 1234 3306 ut
1247 3237 1343 3306 omni
1358 3243 1514 3325 tempore
1531 3239 1648 3326 ipsum
1665 3241 1887 3326 palmentum
1904 3242 1982 3307 hihi
2000 3243 2107 3309 aboa-

250 3411 329 3460 mus
352 3393 570 3477 conciatum,
595 3395 635 3458 ut
659 3391 813 3478 perfecte
837 3389 912 3459 hibi
936 3390 1157 3458 vindemiare
1181 3397 1216 3460 et
1233 3391 1351 3477 pisare
1375 3412 1571 3481 possamus.
1597 3397 1642 3461 Et
1665 3395 1791 3463 amodo
1814 3398 1851 3462 et
1875 3413 2014 3481 semper
2040 3412 2104 3460 nos

252 3547 456 3633 nostrisque
480 3546 644 3614 eredibus
667 3551 769 3615 natos
793 3549 964 3614 nascente
989 3544 1114 3614 inclita
1137 3546 1216 3632 ipsa
1239 3551 1346 3616 rebus
1369 3547 1412 3616 de
1435 3565 1542 3633 super
1566 3551 1603 3614 et
1625 3546 1668 3615 de
1682 3549 1807 3614 subtus
1824 3548 1981 3634 perlecta
2000 3548 2099 3616 labo-

253 3715 384 3784 remuS,
408 3703 444 3766 et
466 3715 663 3784 operemus,
688 3701 725 3765 et
748 3697 964 3784 studiemus‚
990 3703 1025 3767 et
1048 3699 1109 3766 ubi
1134 3699 1319 3786 meruerit,
1344 3703 1441 3769 astas
1464 3699 1667 3785 plantemus
1690 3703 1726 3766 et
1751 3701 1839 3768 vites
1863 3701 1905 3768 de
1930 3719 2022 3766 rono
2047 3701 2100 3766 vi-

253 3849 361 3936 tine0,
385 3855 421 3918 et
443 3850 525 3918 illut
548 3869 749 3937 surgamus
774 3869 837 3917 seu
859 3854 895 3918 et
917 3849 1023 3937 vites,
1047 3850 1109 3918 ubi
1135 3851 1322 3938 meruerit,
1347 3853 1558 3938 traghamus
1582 3857 1615 3919 et
1641 3853 1935 3940 propaginemus,
1960 3857 2002 3920 ut
2027 3859 2102 3922 tota

254 4005 359 4069 rebus
382 4001 461 4088 ipsa
484 4003 641 4088 perlecta
664 4003 797 4091 paread
822 4002 987 4071 laborata
1010 4008 1046 4071 et
1069 4001 1204 4072 cultata
1229 4008 1266 4071 et
1289 4009 1403 4092 surta,
1427 4023 1489 4072 seu
1506 4007 1542 4072 et
1559 4005 1769 4073 annualiter
1787 4010 1869 4090 apto
1887 4009 2044 4092 tempore
2061 4007 2104 4074 de

255 4156 380 4222 subtus
404 4156 510 4222 rebus
533 4157 611 4242 ipsa
635 4174 778 4224 aremus
801 4159 837 4222 et
859 4155 1087 4243 seminemus,
1113 4157 1218 4242 quale
1241 4163 1398 4225 semente
1423 4158 1499 4226 hibi
1525 4157 1712 4244 meruerit,
1739 4163 1774 4227 et
1801 4158 1914 4226 labori
1934 4160 2001 4244 ipsi
2027 4165 2124 4226 stu-'

257 4307 393 4374 diemus
418 4314 453 4376 et
476 4308 737 4396 recolligamus,
761 4315 797 4377 et
821 4309 945 4378 inclito
969 4311 1181 4380 terraticum
1204 4313 1396 4380 secundum
1414 4313 1706 4381 consuetudinem
1723 4313 1766 4378 de
1784 4315 1859 4398 ipso
1876 4313 1991 4379 locum
2010 4313 2103 4398 ipso-

257 4478 335 4526 rum
360 4461 511 4529 maraldi
535 4464 572 4528 et
596 4461 750 4530 friderisi
764 4513 774 4551 ,
798 4464 854 4530 vel
878 4464 922 4530 ad
946 4481 1030 4548 pars
1055 4465 1221 4532 iamdicte
1245 4466 1406 4550 ecclesie,
1432 4467 1515 4533 inde
1539 4464 1686 4551 hibique
1711 4467 1847 4548 demus;
1873 4469 1909 4533 et
1932 4467 1962 4532 si
1987 4471 2103 4536 ortum

257 4613 332 4681 hibi
356 4613 575 4701 abuerimus,
591 4615 647 4682 vel
670 4615 870 4703 fecerimus,
895 4638 1033 4704 semper
1056 4619 1127 4687 alio
1149 4619 1199 4685 sic
1224 4619 1435 4687 terraticum
1459 4619 1542 4687 inde
1565 4619 1618 4687 eis
1642 4619 1779 4706 demus;
1803 4619 1971 4686 similiter
1995 4623 2031 4686 et
2056 4621 2100 4687 de

256 4765 375 4835 omnia
398 4769 491 4853 quod
513 4769 552 4835 in
577 4770 654 4856 ipsa
677 4773 782 4838 rebus
805 4772 1024 4860 abuerimus,
1048 4773 1143 4840 iusto
1166 4775 1373 4842 terraticum
1399 4774 1481 4840 inde
1504 4777 1557 4843 eis
1581 4775 1716 4840 demus
1736 4775 1781 4841 Et
1804 4775 1929 4843 amodo
1952 4781 1988 4843 et
2011 4793 2103 4843 sein-

257 4939 320 5005 per
342 4923 548 4993 annualiter
571 4944 634 5012 per
658 4929 815 5014 tempore
839 4927 882 4994 de
906 4928 1083 4996 vindemie
1099 4933 1181 5014 apto
1197 4933 1352 5015 tempore
1368 4927 1542 4996 faciamus
1557 4926 1644 5014 illis,
1662 4927 1717 4995 vel
1734 4949 1818 5014 pars
1842 4929 1999 5015 predicte
2025 4933 2109 4996 hec-

259 5073 365 5142 clesie
388 5076 492 5164 scire,
517 5084 557 5147 ut
571 5079 741 5168 ‚dirigant
764 5083 849 5150 illuc
865 5083 988 5150 missos
1005 5101 1098 5167 suos,
1116 5082 1169 5150 vel
1188 5083 1335 5150 beniant
1352 5079 1438 5165 illis,
1457 5085 1492 5148 et
1507 5099 1571 5148 nos
1586 5086 1662 5150 tota
1680 5084 1785 5149 rebus
1808 5082 1886 5168 ipsa
1911 5085 1993 5167 apto
2018 5085 2107 5147 tem·

258 5245 341 5312 pore
364 5229 632 5320 vindemiemus
656 5241 691 5304 et
713 5255 819 5324 poma
842 5255 910 5322 que
926 5236 1002 5304 hibi
1020 5237 1128 5304 luerit
1143 5257 1206 5322 per
1222 5254 1372 5321 annum,
1390 5255 1452 5305 seu
1475 5237 1559 5304 nuci
1584 5254 1648 5302 suo
1673 5241 1831 5321 ternpore
1857 5235 1934 5300 illos
1958 5232 2111 5318 colliga·

259 5414 353 5481 mus,
377 5398 413 5462 et
436 5371 563 5462 inclita
586 5393 775 5492 medietate
798 5391 841 5458 de
865 5390 943 5476 ipsa
968 5409 1072 5476 poma
1094 5395 1130 5456 et
1154 5393 1236 5458 nuci
1253 5393 1313 5460 hic
1337 5391 1478 5461 salerno
1502 5392 1547 5460 ad
1570 5391 1695 5459 domus
1720 5389 1863 5456 illorum
1889 5387 1971 5454 inde
1994 5385 2107 5455 addu-

261 5571 394 5638 camus,
419 5553 497 5638 ipsa
520 5551 595 5618 alia
617 5547 808 5616 medietate
832 5545 935 5611 nobis
961 5546 1153 5633 abeamuS,
1179 5546 1254 5633 ipse
1278 5550 1373 5614 hubo
1396 5551 1468 5615 tote
1493 5547 1651 5632 pisemus
1674 5549 1709 5612 et
1734 5561 1797 5629 per
1821 5546 1899 5626 ipsa
1922 5541 2106 5627 palmenta

262 5707 404 5795 signula
427 5726 523 5793 aqua
546 5708 641 5776 iusta
656 5707 796 5774 ratione
812 5706 1009 5793 mittamus,
1022 5711 1058 5775 et
1073 5707 1188 5773 omnis
1204 5708 1328 5774 vinum
1342 5713 1451 5792 quam
1476 5705 1519 5772 de
1536 5703 1614 5790 ipsa
1631 5703 1737 5768 rebus
1755 5697 1899 5783 exierit,
1916 5701 1992 5765 tam
2007 5715 2110 5764 mun-

263 5867 342 5932 dum
367 5881 475 5952 quam
499 5862 691 5949 peciolum,
716 5881 780 5948 per
804 5860 1030 5929 medietatem
1054 5860 1134 5928 illut
1157 5859 1369 5928 dividamus:
1395 5875 1478 5944 pars
1502 5854 1659 5942 predicte
1676 5853 1848 5921 hecclesie
1867 5850 1995 5920 tollant
2022 5850 2106 5920 inde

414 6029 482 6087 Tou.
506 6046 541 6086 iv.
1666 5997 1671 6007 ¹
1919 6007 1956 6064 26
