5376 7104
997 514 1404 593 nirnouirrcus
2012 467 2083 594 arr

276 742 364 831 ipsis
388 743 498 809 rebus
521 725 614 828 quod
637 740 705 810 tibi
728 740 889 828 donabit,
914 743 980 811 hec
1000 747 1099 810 sunt:
1122 745 1252 831 curtis,
1269 745 1409 833 ortatis,
1426 743 1542 814 bineis
1557 749 1593 814 et
1611 745 1774 833 hincaliS,
1791 743 2007 832 castanieta,
2023 761 2131 832 quer-

276 895 380 982 tieta,
404 898 560 982 cerreta,
576 893 701 980 monti,
726 893 846 984 plano,
862 893 998 964 cultum
1013 893 1127 982 adque
1143 895 1333 984 incultum,
1350 901 1387 965 et
1401 895 1621 966 intrinsecus
1636 896 1744 985 casis,
1760 899 1881 968 omnia
1896 903 1932 966 et
1949 901 1989 966 in
2013 896 2128 966 omni·

277 1048 342 1114 bus
366 1046 582 1133 ubicumque
605 1044 648 1114 de
670 1045 776 1113 rebus
791 1047 827 1112 et
841 1045 935 1114 casis
951 1043 1040 1113 meis
1056 1046 1241 1148 inbentum
1258 1047 1368 1116 fucrit
1384 1049 1423 1117 in
1439 1047 1595 1118 abellino
1618 1054 1654 1119 et
1676 1049 1715 1117 in
1732 1049 1901 1118 iamdicto
1926 1049 2000 1118 loco
2016 1051 2132 1119 baneo

275 1201 312 1266 et
338 1217 403 1286 per
426 1197 500 1268 alia
522 1197 670 1287 singula
693 1197 783 1284 loca,
801 1197 839 1263 in
856 1197 989 1264 finibus
1004 1201 1040 1265 et
1064 1199 1293 1285 pertinentiis
1316 1201 1358 1270 de
1382 1205 1551 1272 comitato
1573 1201 1737 1290 abellini,
1755 1206 1869 1272 totum
1892 1202 2007 1291 adque
2032 1203 2127 1272 inte-

277 1371 387 1440 grum
411 1352 494 1422 illut
516 1352 583 1420 tibi
607 1353 700 1421 mari
724 1351 872 1420 donabit
895 1370 969 1420 una
992 1370 1072 1420 cum
1096 1351 1247 1421 inferius
1271 1357 1306 1422 et
1329 1354 1587 1441 superiusque,
1612 1374 1693 1424 cum
1717 1355 1787 1423 viis
1816 1358 1852 1423 ct
1881 1355 2013 1424 auditis
2037 1353 2131 1443 suis,

280 1525 361 1574 cum
387 1506 504 1594 aquis,
528 1525 610 1573 cum
634 1506 868 1591 omnibusque
891 1502 965 1571 suis
989 1502 1231 1592 pertinentiis,
1254 1509 1290 1575 et
1313 1525 1394 1574 cum
1419 1507 1497 1594 ipsa
1521 1507 1748 1596 moniminas,
1773 1509 1834 1596 qui
1859 1462 2006 1595 deipsis
2024 1509 2133 1577 rebus

276 1663 314 1729 et
340 1661 436 1729 casis
459 1663 544 1728 sunt
566 1639 789 1745 pertinentes
812 1658 927 1745 adque
951 1657 1208 1744 continentem,
1233 1657 1278 1727 ad
1301 1677 1439 1746 semper
1465 1659 1642 1728 abendum
1673 1663 1709 1728 et
1738 1659 1989 1748 possidendum
2020 1664 2060 1728 tu
2092 1663 2131 1730 et

277 1817 361 1881 tuos
384 1813 549 1900 heredes,
573 1819 608 1883 et
631 1815 689 1882 cui
714 1831 777 1900 per
800 1828 862 1878 vos
884 1810 1006 1880 datum
1030 1811 1086 1878 vel
1111 1808 1308 1881 alienatum
1331 1831 1407 1882 esse
1431 1815 1596 1900 paruerit
1623 1819 1660 1883 et
1684 1815 1827 1883 illorum
1857 1811 2070 1900 heredibus,
2094 1817 2131 1883 et

280 1967 485 2036 faciendum
507 1965 637 2035 exinde
661 1965 796 2052 omnia,
820 1964 991 2050 quomodo
1014 1968 1050 2032 et
1072 1963 1230 2050 qualiter
1254 1965 1452 2054 bolueritis,
1470 1967 1549 2036 sine
1565 1966 1883 2036 contradictionem
1905 1986 2019 2037 meam
2036 1971 2072 2035 et
2086 1966 2131 2035 de

278 2118 368 2187 meis
392 2117 585 2188 heredibus
608 2117 730 2205 aliqua
753 2115 999 2204 requisitione.
1026 2114 1071 2183 Et
1094 2133 1158 2204 pro
1181 2132 1250 2183 anc
1273 2135 1353 2185 mea
1370 2115 1600 2186 donationem
1617 2117 1900 2186 confirmandum
1917 2117 2031 2204 adque
2047 2135 2133 2186 con-

279 2271 573 2342 stabilisccndum
595 2270 763 2338 continuo
787 2267 920 2355 recepit
943 2288 966 2338 a
988 2272 1024 2335 te
1049 2268 1152 2337 iuxta
1175 2269 1288 2355 legem
1314 2268 1491 2356 launegilt
1515 2269 1729 2339 mantellum
1748 2288 1859 2338 unum
1875 2270 1938 2358 qui
1956 2267 2052 2338 inter
2068 2287 2132 2336 no-

278 2425 334 2494 bis
358 2423 551 2510 combenit3
576 2424 681 2493 finita
704 2427 759 2491 est
780 2421 901 2490 eadem
925 2439 1041 2490 meam
1065 2421 1225 2506 donati0,
1250 2425 1286 2490 et
1310 2421 1404 2491 unde
1428 2420 1546 2509 obligo
1570 2441 1626 2490 me
1649 2439 1715 2510 ego
1738 2422 1801 2508 qui
1826 2440 1935 2508 supra
1951 2427 2072 2509 petrus
2087 2426 2125 2490 et

278 2578 370 2647 meis
393 2579 513 2665 obligo
537 2575 704 2646 eredibus
725 2573 791 2643 tibi
808 2574 922 2642 eidem
938 2574 1030 2641 mari
1047 2577 1083 2641 et
1099 2572 1144 2641 ad
1160 2571 1232 2639 tuis
1248 2571 1438 2641 heredibus
1460 2572 1660 2662 obligamus
1676 2591 1752 2640 noa.
1770 2574 1868 2650 Quod
1883 2573 1914 2640 si
1930 2574 2125 2660 aliquando

280 2735 437 2818 tempore
462 2729 585 2799 eadem
610 2747 690 2798 mea
711 2728 953 2810 donationem,
978 2726 1032 2794 uti
1054 2722 1264 2812 prelegitur‚
1287 2741 1350 2810 per
1373 2742 1596 2810 quacumque
1627 2725 1777 2794 inbenta
1807 2726 1985 2794 rationem
2010 2729 2122 2794 retor-

191 2973 193 2978 .
278 2902 369 2953 nare
391 2885 456 2952 aut
479 2882 660 2949 remobcre
684 2878 941 2966 quesierimus,
964 2875 1183 2963 querendum
1206 2873 1303 2942 vobis
1329 2873 1412 2942 inde
1435 2871 1572 2960 aliquid
1595 2873 1742 2960 tollere,
1766 2874 1819 2942 vel
1848 2876 2032 2964 minuare,
2056 2883 2124 2946 aut

278 3036 463 3104 remobere
488 3030 741 3119 quesierimus,
766 3033 831 3098 aut
855 3029 897 3097 de
921 3033 1045 3097 nostra
1068 3029 1252 3095 subtraere
1276 3025 1530 3112 proprietatem
1554 3029 1590 3094 et
1604 3025 1897 3113 dominationem,
1916 3033 1980 3096 aut
1994 3029 2025 3096 si
2042 3027 2123 3100 illut

279 3191 346 3260 tibi
368 3197 405 3259 et
426 3188 472 3260 ad
495 3190 569 3257 tuis
591 3187 801 3272 heredibus,
833 3189 870 3252 et
898 3184 957 3251 cui
981 3202 1044 3270 per
1068 3187 1102 3251 tc
1127 3183 1251 3252 datum
1275 3181 1331 3248 vel
1355 3180 1551 3250 alienatum
1577 3181 1740 3267 paruerit
1763 3187 1799 3251 et
1822 3183 1868 3250 ad
1892 3182 2034 3252 illorum
2059 3186 2122 3251 he-

279 3342 435 3429 redibus,
460 3358 526 3429 ego
548 3345 584 3409 et
606 3357 701 3407 meos
724 3338 872 3406 heredes
896 3354 967 3404 non
989 3334 1294 3405 defensaberimus
1316 3335 1362 3403 da
1386 3353 1441 3402 me
1465 3337 1501 3402 et
1525 3335 1572 3404 da
1595 3353 1690 3402 meos
1714 3335 1874 3420 heredes,
1898 3339 1934 3402 et
1950 3335 2009 3403 cui
2025 3355 2048 3404 a
2064 3355 2121 3403 me

275 3499 400 3570 datum
424 3503 488 3568 aut
509 3496 708 3583 obligatum
731 3493 906 3581 paruerit,
929 3497 966 3562 et
988 3491 1034 3560 da
1058 3489 1406 3558 illorumheredibus
1421 3507 1494 3556 non
1509 3459 1813 3558 defensaberimus
1836 3491 2030 3558 secuudum
2045 3491 2124 3560 lan-

276 3653 518 3741 gobardorum
543 3653 672 3740 legem,
695 3651 775 3718 Ideo
797 3654 882 3719 ante
906 3649 1027 3716 omnia
1051 3646 1188 3733 questio
1203 3649 1240 3712 et
1256 3643 1416 3713 causatio
1431 3647 1555 3712 nostra
1569 3641 1702 3712 exinde
1718 3663 1834 3713 vacua
1858 3651 1894 3712 et
1911 3647 2023 3715 tacita
2039 3645 2127 3732 sint,

273 3814 312 3875 et
336 3804 604 3894 quinquaginta
626 3801 730 3871 solidi
752 3801 854 3873 aurei
878 3797 1097 3870 constantini
1121 3816 1187 3884 ego
1210 3799 1246 3865 et
1270 3813 1364 3864 meos
1388 3795 1510 3864 eredes
1532 3795 1599 3864 tibi
1623 3799 1659 3864 et
1674 3796 1720 3864 ad
1735 3797 1808 3865 tuis
1825 3797 2015 3866 heredibus
2030 3816 2126 3866 com-

276 3976 406 4045 ponere
429 3958 645 4045 obligamus,
668 3961 705 4026 et
728 3956 765 4024 in
790 3960 899 4025 antea
921 3973 983 4041 per
1008 3951 1133 4022 inbitis
1157 3967 1294 4036 semper
1316 3949 1438 4018 tacitis
1453 3952 1489 4016 et
1503 3950 1680 4017 contentis
1697 3967 1980 4038 permaneamus,
2004 3951 2124 4037 adque

276 4127 339 4194 per
363 4108 488 4177 invitis
512 4107 593 4176 illut
615 4109 714 4176 vobis
737 4105 985 4190 defensemus,
1009 4104 1103 4171 sicut
1127 4119 1237 4187 supra
1260 4100 1359 4167 uobis
1382 4097 1532 4186 obligati
1555 4116 1697 4187 sumus,
1720 4119 1784 4186 per
1807 4101 2016 4188 supradicta
2038 4103 2131 4172 obli·

274 4264 362 4347 gata
384 4278 492 4348 pena3
517 4261 560 4329 de
583 4261 666 4332 aliis
689 4276 774 4328 uero
797 4257 1000 4326 hominibus
1024 4255 1079 4323 vel
1103 4252 1269 4341 partibus
1284 4251 1386 4320 siatis
1414 4251 1498 4318 inde
1524 4269 1587 4337 per
1614 4268 1675 4318 vos
1701 4256 1827 4320 autore
1852 4257 1889 4322 et
1912 4253 2127 4343 defensores,

273 4433 354 4482 cum
380 4414 450 4482 ista
474 4413 616 4484 cartula
639 4417 675 4481 et
697 4432 777 4480 cum
801 4411 880 4498 ipsa
903 4409 1116 4492 monimina,
1140 4424 1209 4492 que
1225 4404 1270 4474 de
1284 4406 1398 4491 ipsam
1410 4405 1517 4473 rebus
1532 4407 1569 4472 et
1584 4404 1628 4473 de
1646 4403 1723 4492 ipsa
1739 4423 1824 4474 casa
1839 4411 1924 4474 sunt
1943 4406 2129 4476 continen-

274 4573 348 4638 tem
372 4571 407 4635 et
430 4566 689 4655 pertinentem,
714 4569 754 4632 ut
779 4563 886 4632 liceat
908 4581 972 4650 per
994 4578 1055 4627 vos
1079 4559 1162 4628 inde
1186 4561 1329 4627 autores
1352 4561 1389 4626 et
1413 4557 1632 4628 defensorem
1655 4577 1806 4628 causare
1829 4563 1866 4628 et
1888 4558 2127 4651 contendere,

272 4724 310 4787 et
332 4737 396 4804 per
419 4735 479 4784 vos
503 4717 705 4786 defensores
728 4732 859 4801 essere,
883 4711 975 4778 sicut
997 4713 1033 4779 et
1056 4728 1120 4778 nos
1142 4709 1260 4777 facere
1283 4707 1543 4795 debuissemus,
1572 4711 1610 4776 et
1633 4707 1807 4777 securiter
1831 4711 2064 4797 possideatis,
2088 4718 2125 4782 et

272 4888 414 4938 omnem
438 4866 736 4938 combenientiam
760 4863 814 4933 vel
839 4833 1090 4931 diffinitionem
1115 4861 1207 4947 quod
1235 4859 1318 4928 inde
1344 4860 1515 4947 feceritis,
1544 4861 1708 4932 stabilem
1731 4865 1850 4932 essent
1873 4870 2126 4953 permaneant,

272 5025 351 5093 sine
367 5021 686 5092 contradictionem
701 5035 815 5086 meam
831 5020 867 5084 et
881 5015 924 5084 de
940 5015 1029 5083 meis
1044 5012 1234 5082 heredibus
1246 5030 1309 5099 per
1322 5011 1529 5099 supradicta
1544 5012 1704 5102 obligata
1725 5033 1831 5103 pena,
1844 5018 1881 5084 et
1893 5011 2031 5103 semper
2044 5015 2129 5086 illut

271 5177 494 5246 defensemus
516 5173 613 5240 omni
637 5177 793 5256 tempore
816 5167 862 5237 da
887 5169 966 5254 ipsa
989 5184 1080 5235 uxor
1103 5184 1240 5249 meam,
1264 5169 1300 5234 et
1323 5165 1384 5252 qui
1409 5184 1473 5252 pro
1496 5170 1599 5254 parte
1623 5167 1699 5236 eius
1721 5168 1804 5237 inde
1827 5166 2032 5239 causaberit
2054 5185 2120 5257 per

272 5329 398 5398 eadem
423 5327 584 5416 obligata
608 5344 714 5413 pena.
739 5323 836 5398 Quod
859 5327 894 5390 te
916 5321 1060 5408 guelfus
1082 5317 1319 5386 subdiaconus
1342 5319 1378 5385 et
1401 5317 1564 5388 notarius
1580 5318 1889 5410 scribererogavit
1912 5321 1952 5389 in
1968 5318 2130 5390 abellino

275 5500 397 5552 mense
421 5484 457 5549 et
479 5478 673 5548 indictione
704 5475 870 5544 feliciter.

321 5605 353 5724 †
376 5651 443 5722 ego
466 5633 528 5720 qui
553 5647 661 5718 supra
685 5626 868 5697 maraldus

321 5757 352 5874 †
377 5787 452 5873 Ego
476 5785 682 5854 alamanno.
