5310 7080
984 539 1385 654 lllPLOMrlTlCUS
2013 541 2057 608 bl

256 756 350 825 sedis
374 758 695 846 archiepiscopatui
719 761 952 852 salernitano,
968 767 1003 832 et
1019 765 1140 850 ibique
1157 771 1249 834 esset
1264 767 1452 854 subscripti
1469 770 1576 836 testes
1592 786 1656 854 pro
1671 785 1756 854 pars
1772 773 1808 835 et
1824 767 1902 834 vice
1919 766 2031 853 ipsius
2047 785 2105 836 ar·

256 911 499 1001 chiepiscopii,
521 933 585 1000 per
609 913 882 985 demandatione
905 917 1018 1002 ipsius
1041 918 1160 984 domni
1186 922 1444 1008 archiepiscopi
1468 921 1513 991 61
1536 923 1729 991 tenendum
1753 927 1789 990 et
1811 920 2046 992 laborandum
2069 925 2105 990 et

255 1066 518 1146 pastenandum
540 1070 726 1136 arbustum
750 1067 902 1137 tradidit
925 1070 1013 1136 mihi
1038 1052 1270 1158 truppoaldus
1293 1074 1468 1157 presbiter
1491 1077 1527 1141 et
1550 1076 1661 1144 abbas
1677 1073 1824 1142 ecclesie
1840 1077 1964 1142 sancte
1987 1071 2103 1140 marie

254 1215 369 1302 plevis
394 1220 541 1286 nucerie
565 1238 637 1308 1116
661 1220 761 1306 pecie
785 1221 828 1289 de
851 1224 950 1290 terra
971 1224 1108 1310 bacua,
1132 1224 1225 1309 quod
1246 1243 1329 1311 pars
1354 1226 1465 1312 ipsius
1488 1225 1760 1310 archiepiscopii
1784 1227 1867 1294 abet
1890 1226 1928 1292 in
1955 1223 2031 1310 ipso
2055 1223 2106 1290 lo-

253 1386 334 1434 cum
358 1369 505 1438 nucerie
530 1389 552 1438 a
575 1373 699 1438 subtus
723 1371 894 1440 molinum
920 1373 1031 1459 ipsius
1055 1373 1326 1462 archiepiscopii
1351 1394 1476 1462 pereo
1500 1377 1583 1443 finis
1606 1380 1642 1444 61
1664 1376 1873 1444 mensurie:
1905 1395 1928 1446 a
1952 1373 2105 1442 meridie

255 1520 326 1587 fine
352 1522 564 1590 archaturia
588 1521 632 1590 de
656 1523 732 1608 ipso
755 1523 891 1590 molinu
906 1523 949 1592 de
965 1523 1071 1590 tluvio
1096 1523 1243 1612 saltere,
1259 1531 1342 1595 sunt
1357 1526 1440 1597 inde
1456 1529 1551 1613 passi
1567 1534 1733 1596 centum:
1759 1549 1781 1596 a
1803 1548 1888 1614 pars
1910 1529 2105 1598 occidentis

255 1671 327 1738 dne
355 1673 469 1758 ipsius
493 1675 779 1762 archiepiscopii,
805 1679 889 1743 sunt
912 1676 995 1744 inde
1012 1679 1106 1762 passi
1128 1679 1370 1767 quadraginta
1387 1687 1488 1750 octo:
1513 1684 1555 1750 de
1579 1701 1685 1768 super
1707 1704 1729 1752 a
1752 1685 1854 1768 parte
1878 1680 2107 1750 sebtetrionis

256 1824 326 1892 fine
353 1827 467 1912 ipsius
491 1826 779 1914 archiepiscopii,
802 1827 903 1896 sicud
919 1831 979 1898 via
995 1831 1179 1920 discernit,
1195 1839 1278 1900 sunt
1295 1833 1376 1902 inde
1392 1853 1514 1920 passos
1529 1835 1591 1904 alii
1608 1839 1775 1902 centum:
1800 1855 1823 1903 a
1849 1853 1933 1921 pars
1956 1834 2107 1902 orientis

253 1977 326 2044 dne
353 1979 465 2063 ipsius
487 1981 775 2067 archiepiscopii,
799 1987 835 2048 61
857 1985 1097 2070 coniungente
1121 1985 1212 2052 sein
1231 1985 1308 2069 ipsa
1332 1984 1543 2054 archaturia
1559 1985 1678 2070 priore
1694 1986 1783 2053 lines
1798 1991 1884 2054 sunt
1900 1985 1984 2053 inde
2008 1986 2101 2072 passi

256 2133 500 2220 quadraginta
524 2136 611 2223 dui,
643 2141 755 2204 totum
779 2136 824 2207 ad
849 2140 941 2205 iusto
971 2156 1113 2224 passum
1144 2139 1256 2205 omini
1280 2144 1540 2206 mensuratum.
1572 2140 1619 2205 Ec
1646 2158 1729 2207 vero
1752 2140 1913 2224 predicta
1936 2142 2038 2226 pecia
2062 2143 2107 2211 de

256 2289 355 2353 terra
378 2305 441 2373 per
465 2289 632 2356 iamdicte
655 2291 738 2356 finis
761 2293 797 2356 61
818 2291 999 2360 mensurie
1015 2293 1127 2356 totum
1150 2296 1186 2359 61
1201 2291 1367 2358 inclitum
1384 2290 1474 2360 illud
1490 2309 1571 2358 cum
1587 2292 1707 2359 omnia
1724 2291 1819 2359 intro
1842 2311 1879 2360 se
1900 2295 2104 2380 abentibus,

250 2438 486 2525 omnibusque
510 2442 583 2508 suis
613 2443 859 2529 pertinentiiS,
884 2447 1022 2510 etcum
1046 2443 1124 2510 vice
1147 2443 1190 2511 de
1213 2443 1273 2510 bia
1296 2462 1362 2510 sua
1385 2442 1475 2509 illud
1499 2443 1602 2509 nobis
1630 2444 1705 2529 ipse
1736 2443 1969 2530 truppoaldus
1991 2446 2102 2514 abbas

249 2593 292 2660 ad
317 2594 578 2679 pastenandum
604 2598 790 2663 arbustum
813 2595 963 2664 tradidit
992 2597 1058 2665 tali
1082 2597 1233 2682 ordine,
1265 2597 1312 2663 ud
1344 2598 1469 2666 amodo
1492 2602 1528 2665 et
1550 2617 1662 2683 usque
1686 2597 1868 2666 duodecim
1892 2599 1979 2666 anni
2005 2617 2099 2666 eom·

247 2743 335 2828 pleti
361 2744 406 2812 ad
431 2751 555 2813 nostra
579 2749 615 2812 ct
639 2747 681 2814 de
706 2747 837 2813 11661116
860 2747 1024 2814 eredibus
1039 2749 1111 2814 sint
1127 2751 1298 2834 potestate
1314 2766 1371 2814 666
1386 2749 1577 2815 tenendum
1600 2753 1636 2816 et
1650 2747 1918 2832 dominandum,
1944 2753 1980 2817 61
1997 2750 2098 2816 sobee

248 2900 283 2964 et
306 2899 423 2964 omnis
446 2903 567 2967 nostre
591 2899 757 2968 utilitatis
780 2901 876 2968 iusta
898 2901 1074 2970 rationem
1101 2901 1229 2968 ibidem
1250 2901 1441 2986 faciamus,
1457 2905 1493 2968 61
1509 2918 1572 2987 per
1590 2903 1775 2969 circoitum
1799 2901 1888 2968 illud
1911 2901 2098 2970 cludamus

247 3053 281 3116 et
306 3049 444 3116 clusum
468 3053 649 3139 abeamuS,
674 3051 774 3120 sicud
798 3052 991 3138 meruerit,
1015 3059 1051 3120 et
1075 3057 1186 3119 totum
1209 3069 1268 3119 eos
1290 3055 1516 3136 pastenemus
1541 3054 1730 3119 arbustum
1753 3052 1795 3118 de
1821 3055 1910 3118 bono
1933 3053 2096 3139 vitineo,

244 3205 279 3268 61
302 3206 479 3287 quantum
504 3205 629 3271 vinum
653 3206 707 3272 vel
732 3205 879 3293 frugens
893 3256 903 3292 ,
934 3211 970 3274 et
1001 3207 1083 3291 quic
1113 3202 1320 3272 annualiter
1352 3204 1477 3271 amodo
1508 3208 1544 3272 et
1576 3222 1688 3290 usque
1712 3209 1788 3272 octo
1811 3204 1900 3272 anni
1924 3207 2090 3292 completi

244 3351 374 3420 ibidem
400 3354 610 3441 fecerimus,
636 3358 750 3422 totum
773 3361 892 3424 nostre
916 3358 989 3424 61111
1011 3359 1218 3444 potestatis,
1251 3359 1287 3422 et
1311 3357 1447 3472 nullam
1472 3357 1666 3424 sortionem
1693 3355 1776 3425 inde
1800 3358 1846 3426 ad
1869 3377 1952 3443 pars
1977 3356 2091 3444 ipsius

242 3505 519 3594 archiepiscopii
541 3508 678 3594 demus3
703 3508 747 3578 ad
763 3508 929 3594 completi
952 3511 1071 3578 autem
1088 3509 1156 3596 ipsi
1173 3513 1250 3576 octo
1265 3509 1353 3578 anni
1370 3509 1528 3576 inantea
1553 3526 1663 3594 usque
1687 3508 1863 3594 quadtuor
1888 3511 1975 3578 anni
1998 3527 2092 3578 com·

242 3659 341 3746 pleti,
367 3660 415 3726 ud
438 3661 561 3730 amodo
585 3679 622 3728 se
647 3660 846 3746 compleant
871 3661 939 3746 ipsi
962 3661 1146 3728 duodecim
1170 3661 1270 3747 anni,
1295 3666 1469 3746 quantum
1492 3663 1617 3728 vinum
1640 3661 1772 3728 ibidem
1795 3661 1996 3749 fecerimus,
2022 3667 2094 3731 ter·
2228 3753 2233 3766 .

243 3811 333 3880 tiam
358 3817 497 3899 partem
522 3813 605 3880 inde
628 3813 752 3880 demus
775 3814 821 3881 ad
843 3831 927 3899 pars
950 3812 1063 3898 ipsius
1085 3812 1359 3900 archiepiscopii
1382 3817 1418 3880 et
1442 3813 1509 3880 due
1531 3813 1638 3880 sortis
1661 3812 1750 3879 illud
1774 3813 1875 3879 nobis
1899 3815 2089 3898 abeamus3

240 3967 283 4036 ad
306 3969 469 4056 completi
495 3975 614 4038 autem
638 3968 706 4056 ipsi
729 3969 913 4037 duodecim
936 3969 1024 4036 611111
1040 3985 1103 4034 nos
1119 3972 1239 4036 autem
1256 3969 1293 4036 et
1309 3968 1442 4034 nostris
1465 3967 1629 4037 eredibus
1652 3971 1822 4038 abeamus
1846 3971 1885 4036 in
1908 3973 1984 4038 1616
2008 3969 2089 4056 ipsa

238 4129 334 4191 terra
357 4142 420 4208 per
445 4123 518 4208 ipse
542 4122 625 4190 flnis
653 4127 688 4190 et
711 4124 892 4199 mensurie
916 4125 1102 4190 arbustum
1125 4121 1282 4206 sactum,
1306 4123 1504 4206 operatum,
1528 4125 1564 4188 et
1586 4119 1785 4207 cultatum,
1816 4126 2014 4188 6161111111
2039 4121 2082 4190 16

236 4293 341 4362 super
366 4275 467 4343 6116
491 4278 638 4361 subter,
662 4276 761 4342 sicud
785 4276 1103 4344 1616111666111166
1127 4275 1223 4340 locus
1247 4272 1321 4357 ipse
1345 4274 1546 4358 meruerit,
1580 4274 1627 4338 ud
1658 4290 1747 4339 vene
1777 4273 1910 4357 paread
1933 4273 2079 4340 sactum.

234 4427 281 4495 Et
304 4447 385 4512 yam
410 4429 449 4494 in
473 4431 582 4495 611166
605 4427 701 4492 omni
724 4429 896 4512 tempore,
912 4426 995 4493 dum
1012 4443 1075 4492 1166
1090 4429 1126 4493 61
1143 4426 1275 4494 1661116
1290 4427 1454 4492 eredibus
1476 4424 1565 4494 illud
1589 4443 1652 4510 per
1676 4425 1751 4511 ipse
1774 4425 1858 4491 finis
1881 4429 1917 4492 61
1942 4443 2086 4492 mensu-

235 4579 289 4647 rie
313 4584 436 4646 tenere
460 4581 495 4645 61
519 4577 681 4644 laborare
704 4574 932 4660 voluerimus
956 4579 1070 4643 totum
1094 4579 1216 4646 nostre
1232 4575 1306 4644 sint
1322 4576 1508 4663 potestatis
1531 4595 1589 4644 eos
1615 4577 1810 4644 tenendum
1834 4580 1871 4644 et
1893 4576 2082 4646 dominan-

233 4731 335 4815 dum,
360 4735 395 4797 et
418 4731 516 4796 sobee
540 4733 575 4795 61
598 4728 713 4795 omnis
728 4733 847 4796 nostre
864 4729 1032 4796 utilitatis
1049 4728 1143 4797 11616
1158 4729 1334 4797 rationem
1349 4730 1481 4798 ibidem
1505 4730 1692 4815 1661611116,
1716 4731 1753 4796 61
1777 4732 1892 4796 totum
1915 4747 1975 4796 eos
1999 4731 2085 4797 abto

233 4887 391 4970 tempore
414 4882 504 4949 illud
528 4882 728 4949 laboremus
752 4885 788 4949 et
811 4881 984 4949 cultemus
999 4881 1041 4948 de
1058 4899 1166 4968 super
1182 4882 1276 4948 etde
1292 4835 1415 4951 subter
1440 4884 1515 4969 ipso
1538 4885 1739 4968 arbustum,
1763 4883 1863 4950 sicud
1886 4883 1983 4950 locus
2007 4883 2084 4969 ipse

232 5036 417 5122 meruerit,
431 5041 609 5122 quatenus
625 5034 814 5121 proficiant
830 5039 951 5102 6111611
967 5033 1183 5121 dispereant;
1199 5039 1236 5103 et
1250 5055 1313 5121 per
1329 5035 1508 5103 vindemie
1523 5039 1679 5122 tempore
1696 5035 1868 5104 faciamus
1885 5037 1978 5103 scire
1994 5053 2081 5122 pars

214 5187 349 5274 ipsius
372 5185 671 5274 archiepiscopii,
695 5191 736 5252 ut
759 5186 901 5273 dirigad
925 5186 1054 5254 ibidem
1084 5187 1231 5254 missum
1254 5203 1385 5272 suum,
1411 5188 1446 5251 et
1471 5200 1534 5252 nos
1557 5189 1593 5252 et
1618 5185 1748 5253 nostris
1773 5187 1936 5253 eredibus
1960 5189 2078 5252 totum

231 5339 307 5425 ipso
331 5341 517 5407 arbustum
541 5341 623 5408 abto
649 5342 805 5424 tempore
829 5339 1099 5435 bindemiemus,
1122 5336 1221 5404 sicud
1246 5337 1433 5423 meruerit,
1450 5343 1486 5405 et
1502 5341 1619 5404 totum
1643 5336 1718 5424 ipso
1740 5336 1865 5404 vinum
1889 5339 2008 5422 ibique
2032 5337 2080 5406 ed

230 5491 450 5578 palmentum
475 5493 570 5560 inter
594 5511 657 5559 1166
682 5491 883 5562 dividamus
900 5492 938 5557 in
955 5491 1063 5559 161116
1079 5495 1202 5577 parte:
1228 5490 1376 5559 missum
1398 5491 1549 5576 predicti
1573 5490 1843 5576 archiepiscopii
1870 5489 1978 5558 tollad
2001 5491 2081 5576 ipso

230 5647 355 5714 uinum
381 5645 527 5713 tertiam
551 5649 703 5732 partem,
719 5647 756 5712 61
771 5662 835 5712 nos
850 5648 886 5712 et
902 5643 1033 5712 nostris
1048 5643 1211 5712 eredibus
1229 5645 1392 5713 tollamus
1409 5643 1547 5730 relique
1563 5644 1631 5711 due
1648 5643 1768 5728 sortis;
1785 5646 1821 5710 et
1837 5641 1914 5729 ipsa
1929 5642 2080 5710 tertiam

229 5805 349 5886 parte,
374 5799 467 5886 quod
492 5799 537 5867 ad
560 5817 644 5884 pars
668 5797 781 5884 ipsius
796 5797 1065 5884 archiepiscopii
1082 5779 1255 5882 elicuerit,
1281 5814 1345 5864 nos
1360 5800 1395 5866 et
1411 5796 1542 5862 nostris
1564 5796 1728 5862 eredibus
1751 5795 1961 5864 annualiter
1985 5793 2078 5862 illud
