5334 7098
595 520 663 593 156
1231 518 1413 602 ‚cobtx
1446 517 1712 590 CllVENSlS
1754 571 1757 578 .

541 744 660 832 posuit
676 793 866 812 ........
891 741 1106 812 mediatores
1130 743 1297 812 ansarico
1320 747 1356 811 et
1372 740 1580 828 radelchisi,
1596 740 1714 808 tinore
1728 739 1885 826 quidem,
1903 741 1943 806 ut
1959 737 2034 808 alia
2050 739 2107 808 die
2123 743 2309 826 postquam
2323 743 2394 812 sibi

547 895 674 964 tulerit
698 911 844 963 uxorem
868 893 994 963 eadem
1016 890 1224 979 supradicta
1239 893 1333 962 fresa
1348 897 1510 981 nepotem
1534 912 1661 979 meam,
1678 899 1763 962 ωηο
1778 891 1956 959 emitteret
1972 895 2078 977 atque
2100 891 2261 960 firmaret
2276 892 2393 962 eidem

545 1047 665 1134 nepoti
690 1065 767 1116 mee
790 1047 984 1116 secundum
1016 1049 1130 1135 legem
1153 1051 1188 1116 et
1212 1046 1501 1115 consuetudinem
1525 1049 1621 1114 terre
1644 1044 1748 1113 istius
1771 1043 1944 1131 scriptum
1967 1045 2199 1131 morgincap‚
2225 1043 2318 1130 quod
2340 1053 2393 1114 est

546 1203 715 1286 quartam
741 1198 907 1268 videlicet
929 1205 1070 1287 partem
1093 1219 1139 1268 ex
1161 1199 1325 1268 omnibus
1348 1201 1454 1266 rebus
1477 1195 1688 1283 supstantiis
1710 1195 1797 1281 suiS,
1822 1199 1895 1262 tam
1918 1195 1961 1262 de
1984 1194 2075 1264 casis
2096 1200 2132 1263 et
2154 1196 2275 1280 terrie,
2299 1197 2391 1282 quod

544 1351 631 1418 abet
657 1368 720 1436 per
742 1349 885 1437 signule
908 1351 1116 1422 cibitatibus
1138 1355 1173 1420 et
1196 1349 1350 1421 castellis
1372 1353 1408 1417 et
1430 1368 1453 1418 a
1475 1347 1560 1416 ioris
1584 1349 1675 1416 casis
1698 1351 1734 1414 et
1757 1347 1946 1433 casalibus,
1962 1348 2005 1414 de
2021 1345 2134 1414 serbis
2157 1351 2193 1414 et
2216 1347 2259 1415 de
2276 1346 2389 1415 ancil-

544 1503 604 1590 lis,
623 1504 666 1572 de
683 1505 833 1592 peculiis
849 1505 993 1594 magnis
1008 1511 1044 1575 et
1057 1506 1193 1594 parbis,
1210 1506 1252 1575 de
1268 1506 1457 1572 mobilibus
1472 1507 1508 1572 et
1524 1503 1801 1590 inmobentibus‚
1817 1503 1859 1570 de
1876 1507 2027 1589 paterna
2051 1501 2105 1570 vel
2128 1513 2294 1571 materna
2309 1506 2391 1571 sub-

542 1657 664 1742 statia,
681 1657 724 1725 de
739 1658 861 1727 omnia
875 1676 941 1727 sua
956 1663 991 1726 et
1007 1658 1045 1724 in
1061 1657 1239 1745 omnibus,
1256 1662 1432 1744 quantum
1448 1658 1480 1724 ei
1498 1657 1653 1744 pertinet
1668 1656 1723 1722 vel
1741 1657 1919 1742 pertinere
1935 1655 2072 1740 debeat3
2091 1674 2175 1724 nam
2190 1656 2283 1742 quod
2301 1661 2386 1724 tunc

541 1810 730 1897 habuerit,
756 1831 819 1880 seu
842 1815 878 1880 et
901 1813 994 1897 quod
1023 1814 1061 1879 in
1086 1817 1195 1882 antea
1217 1810 1341 1880 diebus
1365 1810 1438 1878 vite
1462 1829 1524 1879 sue
1554 1829 1683 1896 parare
1714 1814 1777 1880 aut
1798 1810 1969 1921 conquire
2001 1809 2179 1895 potuerit,
2203 1813 2239 1876 et
2262 1812 2383 1877 eodem

541 1961 712 2049 scriptum
736 1967 823 2032 bene
847 1969 883 2032 et
907 1964 1044 2032 utiliter
1068 1985 1091 2034 a
1113 1965 1262 2034 testibus
1285 1967 1513 2051 roboratum,
1537 1965 1630 2031 sicut
1661 1963 1879 2031 consuetudo
1902 1965 1978 2047 est,
2002 1965 2037 2028 et
2063 1980 2144 2028 eum
2167 1962 2252 2030 dare
2277 1965 2385 2030 uxori

540 2131 603 2182 sue
627 2119 748 2203 nepoti
772 2135 861 2205 mee,
885 2120 930 2186 Et
953 2118 1030 2204 ipsa
1053 2137 1133 2186 eum
1156 2119 1402 2188 commendare
1425 2118 1483 2185 cui
1508 2119 1672 2185 boluerit.
1706 2116 1752 2184 xt
1783 2117 1813 2182 si
1845 2115 1966 2182 taliter
2003 2114 2109 2180 Nobis
2133 2131 2205 2180 non
2229 2114 2386 2217 adinplej

539 2268 644 2354 berit,
668 2274 755 2337 tunc
779 2271 914 2357 viginti
936 2272 1039 2341 solidi
1062 2271 1282 2341 constantini
1307 2289 1515 2357 componere
1538 2268 1710 2356 obligabit
1726 2267 1827 2334 nobis
1843 2267 1898 2334 vel
1915 2265 1970 2330 illi
1986 2266 2096 2334 omini
2113 2268 2176 2352 qui
2194 2269 2288 2336 hunc
2306 2270 2384 2336 bre-

541 2423 619 2494 bem
642 2441 706 2508 pro
729 2429 830 2510 parte
855 2429 978 2494 nostra
999 2426 1164 2513 traderit,
1188 2429 1233 2494 Et
1254 2443 1298 2493 ea
1322 2445 1390 2512 que
1414 2424 1624 2513 protegitur,
1652 2442 1715 2509 per
1740 2421 1865 2489 invitis
1888 2419 1989 2486 nobis
2013 2421 2214 2508 adimpleret
2238 2442 2301 2508 per
2324 2443 2384 2491 ea-

511 2547 515 2557 ’
539 2571 619 2640 dem
643 2573 778 2660 guadia
803 2580 839 2642 et
862 2595 925 2660 per
940 2576 1094 2643 districti
1111 2575 1179 2662 ipsi
1199 2575 1413 2644 mediatores
1430 2578 1465 2642 et
1481 2593 1574 2660 pena
1597 2573 1771 2660 obligata.

588 2725 670 2794 Alia
686 2727 800 2814 igitur
816 2728 949 2814 guadia
965 2729 1051 2796 milri
1070 2729 1168 2796 dedit
1181 2727 1256 2814 ipse
1268 2730 1535 2816 prenominatus
1551 2726 1659 2814 maio,
1676 2727 1720 2793 Et
1735 2724 1946 2793 mediatores
1962 2725 2071 2790 michi
2089 2725 2206 2810 posuit
2223 2727 2388 2794 ansarico

539 2881 575 2974 et
598 2877 791 2946 radelchisi
817 2881 869 2948 Ea
893 2881 1059 2964 ratione,
1084 2885 1123 2948 ut
1145 2879 1176 2947 si
1201 2881 1277 2947 dies
1301 2879 1438 2946 bocatio
1462 2878 1637 2963 ebenerit,
1660 2884 1696 2945 et
1720 2878 1797 2962 ipsa
1820 2882 1946 2962 nepote
1971 2895 2050 2944 mea
2074 2894 2185 2945 uxore
2209 2895 2275 2946 sua
2289 2897 2335 2945 ex
2349 2903 2387 2948 oc

538 3029 659 3098 seculo
676 3032 846 3116 hobierit‚
863 3039 898 3100 et
913 3034 991 3100 sine
1014 3034 1137 3100 eredes
1161 3032 1378 3118 excesserit,
1403 3039 1439 3099 et
1463 3030 1577 3098 lilium
1600 3031 1656 3098 vel
1680 3030 1795 3099 filiam
1819 3048 1891 3096 non
1914 3030 2125 3117 reliquerit,
2152 3037 2190 3098 ut
2213 3039 2385 3118 quantum

539 3182 781 3268 deportaberit
804 3183 880 3268 ipsa
904 3188 1029 3270 nepote
1052 3203 1131 3252 mea
1156 3203 1266 3252 uxore
1290 3203 1368 3270 sua,
1393 3190 1433 3252 ut
1449 3187 1627 3270 quantum
1643 3183 1775 3252 exinde
1791 3184 1955 3269 paruerit
1971 3183 2032 3249 illo
2048 3189 2218 3268 tempore,
2243 3187 2384 3270 quando

538 3333 581 3400 de
605 3337 670 3400 hoc
695 3327 811 3402 seculo
835 3335 1053 3423 excesserit,
1084 3343 1120 3404 et
1143 3339 1329 3407 inventum
1352 3336 1483 3405 exinde
1507 3335 1643 3422 luerit,
1674 3339 1787 3403 totum
1810 3341 1845 3404 et
1869 3337 2048 3420 integrum
2071 3339 2275 3405 rabertatur
2298 3345 2384 3425 aput

538 3502 602 3553 nos
626 3489 661 3554 et
686 3488 817 3554 nostris
840 3488 1023 3574 eredibus,
1048 3491 1126 3555 sine
1150 3489 1432 3558 contradictione
1456 3485 1572 3574 ipsius
1606 3487 1701 3574 magi
1732 3486 1786 3553 vel
1816 3485 1859 3552 de
1883 3486 1961 3554 eius
1984 3487 2159 3556 eredibus.
2185 3490 2282 3558 Etsi
2307 3493 2386 3560 tali·

539 3643 593 3707 ter
617 3641 727 3707 michi
749 3639 889 3726 meique
911 3642 1075 3709 eredibus
1098 3643 1279 3729 adinplere
1303 3643 1481 3728 noluerit,
1516 3647 1602 3711 tunc
1632 3643 1898 3730 quinquaginta
1925 3645 2051 3711 lraurei
2080 3643 2186 3712 solidi
2217 3651 2385 3714 constan-

537 3789 607 3857 tini
632 3809 760 3878 penam
783 3792 887 3858 nobis
910 3795 1111 3881 nostrisque
1135 3797 1299 3864 eredibus
1329 3813 1538 3882 componere
1561 3794 1749 3879 placitabit
1772 3814 1834 3880 per
1865 3796 2070 3882 supradicta
2099 3797 2235 3884 guadia
2260 3805 2295 3866 et
2322 3820 2385 3886 prr

539 3942 698 4013 districti
723 3946 792 4032 ipsi
825 3947 1037 4016 mediatores
1060 3953 1097 4014 et
1120 3948 1278 4036 obligata
1298 3967 1412 4036 pena.

581 4099 697 4184 Igitur
720 4099 791 4168 alia
814 4101 950 4186 guadie
972 4101 1081 4168 michi
1097 4101 1195 4170 dedit
1212 4103 1287 4186 ipse
1307 4103 1511 4170 nominatus
1528 4101 1636 4190 maio,
1660 4109 1696 4172 et
1713 4102 1925 4171 mediatores
1949 4103 2057 4172 michi
2081 4107 2199 4190 posuit
2222 4109 2387 4175 ansarico

534 4255 570 4319 et
593 4249 783 4318 radelclrisi
807 4271 849 4320 ea
874 4251 1025 4339 ratione,
1053 4257 1091 4322 ut
1114 4253 1145 4320 si
1170 4253 1324 4340 peccatis
1347 4255 1590 4322 eminentibus
1615 4255 1691 4343 ipsa
1716 4262 1843 4344 nepote
1866 4275 1945 4325 mea
1971 4275 2080 4326 uxore
2127 4277 2193 4328 sua
2218 4262 2290 4328 hab
2314 4260 2385 4328 ali-

533 4419 604 4488 qua
626 4419 715 4488 gens
738 4402 933 4489 depredata
957 4404 1079 4492 suerit,
1104 4409 1145 4472 ut
1168 4410 1294 4491 querat
1318 4425 1397 4475 eam
1419 4406 1625 4495 diligenter,
1650 4407 1822 4493 quomodo
1846 4409 1973 4476 melius
1996 4409 2167 4495 potuerit3
2185 4417 2222 4478 et
2245 4414 2276 4480 si
2303 4432 2383 4480 eam

533 4555 724 4642 invenerit,
748 4562 844 4626 emat
865 4576 944 4627 eam
968 4559 1011 4626 de
1035 4559 1177 4646 proprio
1200 4560 1313 4645 pretio
1338 4579 1414 4648 suo;
1440 4565 1475 4630 et
1499 4561 1529 4627 si
1554 4561 1655 4630 illam
1680 4564 1881 4631 vendiderit
1904 4568 1940 4631 et
1964 4563 2111 4632 minime
2134 4566 2300 4634 invenire
2325 4583 2388 4654 po-

530 4710 655 4794 tuerit,
680 4715 715 4776 et
738 4729 760 4778 a
782 4711 884 4777 nobis
907 4711 962 4779 vel
987 4715 1033 4780 ab
1056 4712 1220 4780 eredibus
1244 4712 1376 4782 nostris
1399 4714 1563 4801 pulsatus
1586 4716 1766 4802 lue1·it,ut
1791 4734 1854 4801 per
1878 4715 2003 4800 aliqua
2028 4715 2259 4804 neglegentia
2282 4719 2387 4788 illam

535 4859 698 4927 invenire
715 4879 785 4928 non
802 4863 986 4951 potuisset,
1003 4867 1089 4932 tunc
1106 4865 1246 4934 iuratus
1264 4865 1365 4934 nobis
1381 4865 1478 4934 dicat
1493 4867 1540 4934 ad
1553 4871 1679 4935 sancta
1695 4867 1751 4934 dei
1769 4867 1971 4952 evangelia,
1989 4867 2075 4953 quia
2091 4869 2286 4956 diligenter
2305 4890 2387 4940 eam

536 5011 690 5096 quesibit
713 5019 748 5082 et
772 5014 934 5084 invenire
957 5035 1029 5084 non
1051 5019 1193 5104 potuit,
1217 5025 1252 5087 et
1276 5024 1363 5086 ωηο
1387 5040 1409 5088 a
1433 5020 1534 5086 nobis
1558 5039 1702 5088 manere
1725 5019 1919 5088 absolutus.
1945 5020 1990 5087 Et
2013 5020 2091 5090 ideo
2115 5025 2210 5090 hunc
2234 5026 2382 5093 brebem

531 5165 658 5252 scripsi
676 5187 741 5256 ego
757 5169 931 5238 deusdede
947 5169 1117 5239 diaconus
1133 5175 1169 5238 et
1184 5171 1363 5260 notariuS,
1378 5175 1498 5242 taliter
1514 5176 1613 5261 quali
1630 5193 1692 5260 per
1708 5177 1914 5263 supradicta
1928 5177 2068 5244 ratione
2085 5179 2187 5246 nobis
2203 5177 2383 5264 placitum

530 5321 628 5392 lecit.
654 5325 781 5392 Actum
805 5327 844 5390 ln
866 5323 1014 5394 civitate
1037 5325 1184 5426 Lucerie
1208 5329 1270 5412 qui
1294 5331 1329 5395 et
1347 5325 1524 5414 interluit,
1543 5329 1661 5398 Mense
1685 5334 1721 5398 et
1737 5328 1932 5396 indictione
1949 5330 2195 5418 suprascripta
2212 5331 2389 5402 feliciter.

574 5446 605 5561 †
630 5477 705 5564 Ego
728 5476 790 5563 qui
814 5495 923 5566 supra
946 5481 1020 5547 otto
1046 5479 1162 5548 iudice

575 5600 606 5716 †
634 5631 708 5716 Ego
732 5639 812 5718 poto
835 5637 926 5702 teste

577 5754 608 5869 †
633 5785 707 5870 llgo
731 5791 812 5870 poto
836 5791 924 5856 teste
948 5807 1040 5856 sum.
