5318 7102
980 559 1164 632 REGUM
1195 557 1519 632 FllllNCOllUlll
2078 567 2127 634 ⁶29

367 777 489 863 cibus,
518 800 622 872 quam
648 777 847 852 aduersario
874 803 937 852 sno
963 789 1069 854 testes
1096 782 1371 877 perducendum,
1400 782 1491 875 quod
1518 805 1590 852 rem
1617 803 1717 874 quarn
1744 783 1776 852 ei
1803 782 1918 874 querit
1951 791 2171 878 paterenus,

366 939 479 1012 eidem
507 939 656 1034 reliquid
683 941 720 1036 ⁴).

318 1103 362 1173 Ut
387 1102 501 1173 omnis
527 1100 659 1174 solucio
686 1110 787 1196 atque
813 1101 1029 1198 compositio,
1051 1125 1117 1197 que
1134 1103 1210 1196 lege
1230 1104 1362 1175 saliclra
1388 1104 1598 1192 continetur,
1618 1127 1678 1198 per
1704 1104 1887 1176 duodecim
1914 1105 2074 1178 denarios
2101 1111 2171 1182 sol-

366 1269 504 1333 vantur.
534 1261 683 1355 Excepto
704 1260 759 1332 ubi
779 1261 957 1334 contentio
985 1263 1075 1334 inter
1101 1285 1245 1334 saxones
1272 1271 1305 1334 et
1324 1262 1473 1334 frisones
1500 1271 1616 1335 exorta
1634 1263 1751 1350 luerit,
1774 1262 1831 1333 ubi
1850 1267 2025 1353 volumus,
2046 1269 2089 1340 Ut
2107 1293 2170 1364 per

366 1420 595 1491 undenarios
622 1421 812 1512 quantitate
839 1419 941 1490 solidi
968 1443 1069 1514 quem
1103 1419 1205 1492 lrabet
1224 1425 1261 1515 ²),
1283 1444 1369 1515 qnae
1397 1419 1451 1492 vel
1480 1444 1572 1506 saxo,
1602 1420 1657 1490 vel
1684 1403 1772 1492 frixo
1799 1423 1841 1493 ad
1868 1433 1999 1518 partem
2035 1426 2168 1500 salichu

367 1580 494 1652 francis
521 1604 600 1652 oum
626 1603 667 1650 eo
693 1579 843 1672 litigant,
873 1581 1007 1652 solvere
1036 1578 1183 1650 debeant
1209 1579 1269 1667 ita,
1298 1579 1389 1650 sicut
1416 1579 1584 1674 scriptum
1611 1587 1663 1651 est
1681 1583 1718 1675 8).

318 1735 354 1808 Si
381 1738 449 1810 duo
474 1738 673 1809 testimonia
699 1737 741 1808 de
768 1736 920 1830 qualibet
946 1759 1018 1806 rem
1046 1735 1372 1822 testimoniaberint,
1391 1745 1425 1809 et
1443 1738 1532 1809 inter
1550 1763 1586 1809 se
1605 1737 1817 1824 discordant,
1839 1742 1936 1812 Tunc
1955 1767 2076 1816 onmes
2095 1752 2168 1842 agi-

366 1907 445 1992 gant
472 1900 495 1992 ⁸)
524 1921 630 1969 unum
657 1921 698 1967 ex
724 1921 793 1968 una
820 1905 969 1990 partem,
999 1903 1032 1966 et
1058 1897 1164 1968 alium
1191 1919 1231 1966 err
1258 1894 1347 1983 alia,
1377 1905 1415 1969 ut
1441 1895 1491 1967 illi
1517 1896 1584 1968 duo
1611 1897 1789 1969 decertent
1814 1923 1893 1971 cum
1920 1905 2028 1975 scutis
2054 1912 2089 1976 et
2114 1907 2168 1977 lu-

365 2059 486 2130 stibus.
517 2058 602 2130 Nam
630 2059 658 2129 si
684 2057 830 2128 tlebores
856 2057 984 2128 fuerint
1008 2049 1033 2151 ⁸)
1060 2057 1132 2151 ipse
1158 2065 1278 2141 testes,
1305 2063 1390 2126 tunc
1417 2055 1458 2126 ad
1485 2078 1623 2127 crucem
1650 2057 1902 2132 examinentur.
1924 2062 2019 2146 Quod
2048 2064 2076 2133 si
2095 2089 2167 2137 ma-

365 2217 430 2287 iori
456 2217 539 2289 etati
566 2225 647 2288 sunt
673 2226 706 2288 ct
731 2239 799 2286 non
828 2223 970 2310 possunt
997 2215 1039 2286 ad
1065 2237 1206 2286 crucem
1234 2224 1336 2300 staro,
1367 2216 1465 2287 Tunc
1492 2216 1603 2288 mittat
1630 2215 1719 2288 filios
1737 2241 1818 2289 suos
1836 2228 1895 2291 aut
1913 2229 2085 2313 parentes,
2107 2235 2167 2298 aut

365 2379 615 2470 qualecumque
644 2377 783 2448 homine
810 2385 954 2470 possunt
980 2376 1037 2468 qui
1065 2399 1125 2469 pro
1152 2376 1201 2445 eis
1228 2379 1455 2449 contendunt.
1490 2378 1532 2451 m
1558 2377 1616 2447 ille
1644 2378 1781 2470 quiderrr
1809 2379 1882 2474 ipsa
1908 2380 2056 2454 salsitate
2084 2407 2166 2454 con-

365 2537 502 2607 vinctus
529 2536 646 2623 luerit,
674 2535 791 2607 dextra
819 2559 957 2607 manum
985 2538 1104 2630 perdat
1128 2531 1166 2630 ⁸).

316 2697 364 2767 [le
390 2695 550 2769 omnibus
576 2696 693 2766 divitis
720 2696 907 2782 solvendis,
928 2697 1018 2767 sicut
1036 2720 1095 2790 per
1114 2695 1303 2788 antiquitus
1323 2696 1387 2766 luit
1405 2697 1627 2780 constitutus,
1649 2719 1708 2790 per
1722 2695 1885 2799 denarios
1908 2698 2086 2771 solvantur
2104 2727 2165 2797 per

362 2865 466 2928 totam
494 2859 604 2952 legem
631 2855 771 2942 salichu,
799 2865 940 2950 excepto
966 2855 1099 2940 leudes,
1121 2855 1148 2925 si
1168 2880 1260 2941 saxo,
1281 2857 1347 2927 Aut
1366 2857 1452 2927 frixo
1479 2858 1629 2948 aliquem
1657 2855 1837 2942 occiderit,
1858 2881 1918 2952 per
1937 2879 1980 2928 xn
2000 2861 2163 2935 denarios

365 3015 555 3088 solvantur.

318 3176 456 3247 Primus
485 3177 640 3247 omnium
667 3173 795 3268 placuit
822 3173 933 3256 nobis,
963 3182 1000 3244 ut
1026 3172 1158 3244 cartula
1185 3172 1417 3268 obligationis,
1438 3195 1504 3265 quc
1530 3177 1618 3246 facte
1645 3183 1725 3246 sunt
1744 3173 1785 3243 dc
1804 3174 1950 3269 singulis
1969 3176 2167 3253 hominibus

363 3337 485 3429 quise
512 3345 546 3408 et
572 3359 696 3406 uxores
723 3334 824 3419 lilios,
854 3334 907 3404 rel
934 3332 1022 3405 filias
1049 3334 1083 3402 in
1111 3332 1253 3404 servitio
1279 3333 1509 3418 tradiderunt,
1530 3331 1587 3434 ubi
1608 3335 1746 3405 invente
1774 3334 1917 3420 suerint,
1945 3335 2162 3431 frangantur,

362 3506 394 3569 et
422 3498 486 3592 ipsi
513 3499 583 3570 sint
608 3497 721 3582 liberi,
752 3496 842 3568 sicut
869 3497 1028 3591 primitus
1054 3495 1196 3567 fuerunt
1222 3500 1257 3588 ²).

353 4130 377 4210 ¹)
399 4130 514 4203 Questi
539 4147 608 4210 cap.
633 4127 665 4188 di
689 4127 852 4189 Ludovico
870 4127 927 4189 Pio
945 4125 999 4186 nel
1023 4127 1106 4186 Mur.
1125 4144 1176 4204 op.
1195 4143 1224 4185 c.
1243 4123 1272 4182 si
1289 4121 1428 4199 leggono
1451 4119 1537 4180 dalla
1560 4121 1679 4200 pagina
1695 4119 1755 4182 tao
1778 4120 1843 4182 alla
1858 4139 1931 4201 pag.
1948 4121 2021 4184 136.
2046 4124 2072 4184 Il
2089 4144 2166 4206 pre-

310 4281 406 4336 sente
424 4294 494 4356 cap.
512 4273 725 4354 corrisponde
743 4273 772 4332 al
789 4274 828 4333 N.
846 4273 862 4332 l
880 4270 933 4331 del
957 4277 1041 4332 testo
1064 4269 1298 4340 Muratoriano‚
1316 4265 1405 4328 nella
1423 4267 1486 4328 line
1503 4272 1596 4348 perd,
1613 4267 1684 4328 cioe
1701 4265 1824 4330 da—de
1840 4265 1891 4330 his
1907 4267 2030 4334 duobus
2047 4316 2054 4332 .
2073 4319 2078 4330 .
2097 4319 2103 4332 .
2122 4319 2128 4334 .
2152 4320 2159 4333 .

321 4420 530 4501 reliquid-il
555 4420 674 4482 Codice
699 4427 810 4481 nostro
834 4419 996 4480 concorda
1017 4418 1111 4495 quasi
1135 4414 1383 4477 letteralmente
1407 4411 1456 4475 col
1480 4412 1593 4474 codice
1609 4415 1750 4474 Estense
1775 4413 1837 4492 (Cl.
1855 4414 1938 4474 Mur.
1957 4415 2002 4476 ib.
2019 4417 2159 4499 Notat).

353 4569 375 4647 ²)
396 4569 516 4630 Invece
540 4567 572 4626 di
596 4573 636 4628 ut
656 4581 716 4644 per
737 4565 786 4627 xl.
809 4564 960 4628 denarios
983 4562 1167 4643 quantitate
1188 4559 1286 4625 solidi
1307 4575 1403 4640 quem
1425 4560 1527 4623 habet
1553 4558 1576 4619 il
1600 4559 1682 4620 Mur.
1710 4559 1763 4619 ha:
1788 4566 1827 4622 ut
1848 4574 1908 4638 per
1929 4559 1978 4621 LX
2008 4559 2160 4626 denario·
2256 4645 2261 4650 ι

310 4729 385 4780 rum
405 4713 627 4795 quantitatem
649 4712 747 4776 solidi
769 4713 922 4776 habeant.

350 4861 374 4942 ³)
395 4860 479 4922 Mur.
505 4861 547 4920 11.

351 5007 377 5088 ⁴)
396 5008 422 5068 ll
445 5009 529 5068 Mur.
555 5007 595 5067 ed
619 5007 641 5066 il
666 5005 743 5067 Cod.
769 5007 882 5066 Esten.
909 5005 1024 5064 invece
1048 5002 1080 5062 di
1103 5008 1182 5066 tuno
1204 5015 1316 5063 omnes
1337 4997 1471 5077 aqiqant
1493 4998 1613 5057 hanno:
1636 5002 1715 5060 tunc
1737 5013 1845 5062 comcs
1868 4998 1979 5079 eliqat.

350 5157 373 5236 ⁸)
396 5157 421 5217 Il
444 5157 528 5218 Mur.
552 5173 625 5235 pag.
650 5156 722 5216 129.
747 5156 831 5215 Nota
852 5153 903 5231 94)
925 5153 997 5213 dice
1022 5150 1152 5211 doversi
1177 5156 1294 5228 questa
1317 5148 1411 5225 legge
1436 5149 1538 5208 ritare
1564 5147 1727 5210 coll'aiuto
1751 5146 1805 5208 del
1829 5149 1906 5210 Cod.
1925 5151 2038 5222 Esten,
2057 5151 2090 5211 in
2107 5149 2163 5211 cui

309 5305 425 5367 invece
449 5302 481 5363 di
505 5301 647 5364 deberes
669 5305 686 5361 e
710 5301 825 5360 scritto
855 5296 1045 5360 flebiliores.
1078 5297 1173 5358 Circa
1197 5295 1226 5355 la
1249 5295 1325 5373 qual
1349 5294 1461 5374 parole
1490 5293 1694 5372 soggiunge:
1721 5317 1736 5352 u
1760 5310 1820 5373 pro
1841 5293 1971 5360 infirmo
1996 5315 2034 5358 ac
2057 5293 2162 5360 debili

309 5471 326 5508 a
350 5457 470 5513 veteres
491 5450 650 5510 dicerunt
672 5445 803 5520 nabilis,
826 5447 916 5508 unde
937 5443 1101 5516 Italicum,
1128 5442 1258 5515 fievole,
1283 5449 1313 5503 et
1337 5442 1500 5504 Gallicum
1523 5442 1625 5504 loible
1651 5465 1678 5501 n.

349 5598 374 5678 ο)
396 5598 518 5672 Questa
548 5595 643 5674 legge
674 5594 725 5656 dal
756 5594 919 5674 principio
950 5589 1014 5652 alle
1046 5589 1158 5670 parole
1183 5587 1288 5652 scutis
1311 5595 1347 5653 et
1368 5587 1515 5652 fustibus
1549 5588 1710 5651 concorda
1734 5587 1784 5650 col
1808 5589 1847 5648 N.
1873 5589 1977 5650 XVlIl
2000 5589 2054 5652 dcl
2078 5597 2163 5656 testo

307 5743 544 5816 Muratorian03
571 5749 651 5803 tutta
675 5743 727 5821 poi
751 5740 801 5804 col
825 5739 901 5801 Cod.
927 5739 1040 5798 Esten.
1065 5737 1125 5816 (cl.
1150 5736 1234 5796 Mur.
1261 5735 1305 5794 ils.
1330 5737 1412 5796 Nota
1435 5735 1497 5814 Μ).

352 5889 375 5969 ²)
396 5891 478 5951 Mur.
503 5891 540 5951 V.
