5318 7102
614 435 658 505 46
1313 443 1677 520 onprruunnm

562 655 606 727 Ut
632 656 803 752 mancipia
828 657 982 731 benditio
1010 661 1194 758 effugativa
1220 663 1356 736 nullum
1383 667 1527 763 recipiat
1547 667 1584 762 ¹).

561 816 609 887 De
637 819 770 888 manire
796 841 892 904 vero,
920 819 989 892 nisi
1015 821 1051 890 in
1069 823 1247 916 genuitate
1264 821 1302 920 ²),
1332 831 1391 896 aut
1416 823 1620 910 hereditate,
1649 846 1718 895 non
1737 823 1782 894 sit
1800 832 1918 919 oporte
1946 824 2215 913 observandum,
2235 826 2277 899 de
2297 829 2416 903 ceteris

610 997 692 1046 vero
720 974 1005 1068 inquisitionibus
1031 1000 1092 1071 per
1118 979 1335 1053 districtione
1362 981 1499 1054 comitis
1524 983 1565 1052 ad
1594 981 1675 1054 mali
1702 983 1857 1068 veniant,
1887 991 1921 1054 et
1939 983 2029 1056 iuste
2049 984 2293 1057 examinentur
2311 985 2351 1058 ad
2368 985 2416 1060 iu·

609 1134 739 1206 stitiam
766 1133 972 1222 faciendam,
1002 1158 1118 1209 comes
1144 1161 1227 1209 vero
1255 1162 1324 1211 non
1351 1162 1491 1236 semper
1514 1163 1681 1237 pauperes
1707 1165 1768 1238 per
1794 1142 1920 1237 placita
1947 1143 2142 1238 opprimant
2156 1139 2195 1237 8).
2273 1158 2279 1168 ·

560 1291 596 1364 Si
624 1295 700 1387 quis
727 1293 995 1388 langombard'us
1021 1297 1207 1368 facientem
1235 1321 1354 1370 casum
1382 1300 1525 1371 humani
1544 1299 1755 1394 fragilitatis,
1776 1301 1972 1396 recogitans
1991 1325 2051 1396 pro
2070 1301 2183 1374 salute
2203 1301 2318 1372 anime
2343 1325 2412 1389 sue,

608 1452 649 1523 de
677 1451 781 1522 rebus
807 1455 880 1524 suis
906 1454 1057 1526 voluerit
1084 1456 1246 1526 iudicare
1263 1457 1319 1527 vel
1345 1459 1478 1530 cartula
1504 1457 1701 1528 donationis
1727 1455 1870 1528 cuilibet
1897 1459 2032 1543 lacere,
2062 1480 2131 1529 non
2158 1458 2250 1532 sieut
2277 1451 2438 1532 aetenus'

607 1615 682 1685 lieri
710 1615 852 1704 solebat,
882 1621 936 1688 ius
963 1619 992 1690 si
1019 1619 1159 1689 vivendi
1176 1614 1214 1714 ι),
1244 1619 1492 1703 commutandi,
1522 1626 1555 1688 et
1581 1641 1641 1712 per
1667 1616 1768 1688 aliam
1796 1625 1890 1688 carta
1915 1617 2054 1688 easdem
2073 1640 2134 1688 rex
2153 1616 2343 1700 alienandi,
2363 1639 2410 1688 re-

608 1799 708 1848 servo
735 1784 952 1870 potestatem,
982 1777 1041 1848 sed
1070 1778 1110 1849 ad
1138 1778 1285 1850 salutem
1303 1779 1327 1873 5)
1355 1777 1486 1850 faciant
1512 1777 1750 1870 unusquisque
1778 1774 1820 1844 de
1848 1775 1951 1848 robus
1969 1777 2042 1848 suis
2061 1775 2152 1871 quod
2171 1775 2295 1847 reliter
2313 1735 2411 1846 nove-

607 1933 690 2017 rint,
719 1933 800 2006 sive
828 1934 869 2004 ad
896 1945 1015 2008 nostra
1042 1937 1245 2008 auctoritate
1272 1934 1424 2030 plenitus
1451 1935 1627 2032 predictus
1653 1936 1740 2007 duos
1766 1935 1808 2006 de
1835 1935 1974 2008 easdem
2000 1958 2056 2006 res
2082 1934 2196 2006 Iacere
2215 1934 2414 2006 donationes

527 2087 531 2098 ’
605 2115 675 2162 non
701 2091 849 2164 habeant
874 2102 1092 2189 potestatem;
1122 2094 1190 2166 Sed
1217 2103 1394 2190 postquam
1422 2093 1464 2164 de
1491 2093 1593 2165 rebus
1612 2093 1685 2166 suis
1702 2091 1946 2166 tradictionem
1964 2091 2087 2164 feeerit
2105 2093 2188 2162 alias
2206 2091 2249 2162 de
2265 2093 2348 2187 ipsis
2364 2116 2414 2165 re·

606 2246 669 2321 bus
697 2252 846 2322 faciendi
873 2251 1006 2323 nullam
1034 2251 1182 2324 habeant
1208 2261 1425 2347 potestatem.
1455 2254 1503 2325 lta
1528 2261 1645 2324 tamen
1673 2259 1711 2322 ut
1737 2274 1820 2323 usus
1847 2251 2024 2322 fruetuum
2051 2250 2080 2322 si
2107 2250 2260 2322 uoluerit
2291 2250 2412 2322 babere

605 2433 666 2503 per
693 2413 847 2504 precaria
873 2435 929 2482 res
955 2405 1082 2483 tradita
1108 2436 1215 2508 usque
1242 2413 1284 2482 ad
1310 2423 1447 2508 tempus
1474 2411 1656 2484 diffinitum
1684 2411 1932 2506 possidendum
1959 2433 2125 2483 concessa
2151 2411 2300 2484 facultas
2312 2416 2351 2508 ο).

560 2570 596 2641 Si
624 2569 789 2662 quislibet
815 2579 977 2642 eontenta
1004 2570 1195 2642 iussionem
1221 2579 1374 2642 nostram
1401 2571 1528 2642 ceteris
1554 2569 1589 2639 in
1617 2569 1801 2640 exercitam
1821 2568 2044 2663 surgentibus
2062 2569 2154 2640 domi
2173 2569 2327 2640 residere
2343 2591 2414 2664 pre-

609 2731 796 2825 sumpserit
821 2729 963 2824 plenum
991 2729 1195 2801 aribannum
1221 2730 1434 2802 saecundum
1461 2729 1573 2822 legem
1600 2731 1822 2813 francorum,
1851 2728 1941 2800 idest
1966 2729 2031 2799 sol.
2060 2747 2105 2798 xn
2133 2729 2276 2800 stimant
2301 2749 2338 2796 se
2363 2725 2419 2798 de·

605 2887 727 2958 borent
753 2909 973 2980 componere.
1003 2887 1174 2960 Similiter
1200 2889 1260 2980 qui
1277 2911 1337 2982 per
1355 2892 1592 2980 contemptum
1611 2883 1829 2980 singulorum
1848 2885 2079 2980 capitulorum
2098 2909 2183 2980 quae
2201 2893 2414 2980 praesentem

608 3072 669 3142 age
697 3045 857 3117 uctoritas
883 3043 1035 3115 bannum
1062 3045 1371 3139 promulgavimus,
1399 3045 1491 3116 ldest
1516 3045 1575 3137 qui
1602 3067 1722 3138 pacem
1750 3044 2021 3131 aecclesiarum,
2050 3045 2255 3131 uiduarum,
2284 3046 2415 3116 oriano-

610 3231 701 3291 rum,
730 3215 764 3278 et
790 3203 1014 3301 pupillorum,
1044 3204 1107 3274 hae
1135 3203 1250 3276 minus
1277 3207 1467 3298 potentium
1494 3203 1677 3298 receperit,
1705 3212 1840 3298 raptum
1860 3203 1923 3275 uel
1950 3203 2040 3276 inlra
2066 3205 2176 3299 patria
2193 3203 2329 3290 lecerit,
2358 3213 2413 3277 aut

605 3365 809 3437 incendium
831 3362 942 3435 aliene
961 3363 1097 3450 domus,
1118 3365 1173 3434 vel
1192 3362 1340 3436 collecta
1359 3360 1544 3434 multitudo
1558 3358 1702 3430 cuilibet
1719 3359 1890 3447 intulerit,
1911 3381 1956 3434 nx
1971 3360 2035 3434 sol.
2056 3385 2146 3456 pena
2163 3363 2355 3435 multentur
2373 3364 2408 3457 ¹).

567 3661 1005 3676 ——-—-==-—

606 3874 629 3955 ¹)
651 3875 723 3936 Mur
745 3874 866 3936 LXXV.

605 4024 629 4106 ²)
650 4024 769 4086 lnvece
794 4020 826 4082 di
847 4021 891 4084 De
912 4019 1039 4084 marrire
1061 4033 1162 4091 vero,
1192 4014 1257 4079 nisi
1278 4015 1313 4077 in
1335 4013 1504 4093 qenuitate
1526 4013 1550 4073 il
1573 4011 1657 4073 Mur.
1682 4011 1746 4072 ha:
1777 4011 1821 4074 Be
1846 4007 1996 4075 mannier
2017 4024 2120 4081 vero,
2151 4005 2216 4071 nisi
2245 4006 2287 4072 de
2309 4003 2418 4085 qenai·

563 4176 635 4233 tate
660 4166 816 4230 etc-lb.
841 4165 895 4246 poi
918 4163 1008 4225 nella
1030 4167 1107 4222 nota
1127 4160 1177 4241 99)
1198 4177 1272 4240 pag.
1296 4158 1358 4222 102
1381 4177 1398 4220 e
1421 4157 1481 4220 103
1504 4156 1590 4219 dlee:
1617 4179 1631 4212 u
1659 4154 1737 4217 coe.
1763 4157 1872 4217 Esteu.
1897 4157 2003 4217 habet:
2025 4155 2069 4218 Ile
2089 4150 2216 4217 manire
2238 4167 2331 4224 vero,
2353 4147 2417 4213 nisi

563 4338 584 4376 u
603 4316 643 4378 de
664 4311 880 4394 ingenuitate.
903 4311 1008 4389 Atque
1030 4310 1079 4370 itu
1100 4312 1195 4369 recte.
1228 4303 1376 4368 ntanmre
1397 4311 1444 4365 est
1463 4319 1577 4365 uocare
1608 4303 1646 4362 tu
1662 4300 1729 4380 jus.
1759 4301 1893 4364 Videtur
1922 4307 2031 4363 autem
2058 4301 2136 4380 lepis
2168 4298 2263 4376 hujus
2285 4311 2416 4359 seusus:

563 4487 579 4522 «
604 4464 750 4542 Eecepto
781 4457 1001 4521 coutroveestu
1029 4455 1067 4514 de
1098 4452 1301 4532 tuqenuitcte
1330 4457 1426 4527 utque
1455 4449 1634 4511 hereditate
1660 4449 1793 4526 privato
1822 4451 1975 4528 cuiquam
2003 4466 2072 4508 uou
2093 4446 2167 4507 itaet
2190 4443 2413 4506 aduersarium

563 4633 578 4668 n
602 4625 698 4670 suum
719 4605 878 4680 mannire,
901 4605 967 4664 siue
984 4618 1162 4681 provocare
1185 4599 1229 4660 ad
1249 4596 1396 4670 mallum,
1420 4597 1476 4658 hoc
1499 4601 1545 4655 est
1568 4593 1611 4655 ud
1628 4593 1798 4673 publicum
1819 4593 2052 4670 solemnemque
2075 4589 2196 4668 Populi
2211 4594 2242 4649 et
2262 4587 2413 4658 Judaeum

563 4777 579 4813 n
604 4756 805 4819 conventuum
827 4748 884 4810 sed
906 4749 1037 4826 quidem
1059 4747 1089 4806 ei
1110 4747 1237 4825 fassit,
1262 4761 1395 4805 causum
1417 4741 1544 4820 deferre
1567 4739 1611 4801 od
1630 4737 1792 4812 Juutcem,
1809 4737 1898 4798 etad
1919 4735 2105 4796 commuuio
2126 4730 2262 4813 placila,
2281 4729 2317 4792 G.
2335 4730 2355 4792 l.
2377 4725 2409 4788 V.

562 4922 579 4959 u
603 4897 770 4959 dobuuues
797 4893 952 4972 Georqius
974 4891 1138 4953 Eccordus
1161 4892 1198 4951 iu
1219 4889 1308 4950 Notis
1331 4887 1375 4949 od
1397 4888 1496 4966 tepent
1517 4885 1660 4947 Salicum
1681 4883 1857 4956 contendit,
1882 4881 2089 4943 scribendum
2110 4897 2176 4940 esse
2197 4877 2324 4942 mentre
2345 4892 2409 4937 nou

564 5066 580 5103 n
605 5041 763 5107 mannire.
789 5041 871 5104 Cum
892 5041 962 5118 ipso
983 5039 1077 5118 fucit.
1104 5035 1181 5096 Cod.
1206 5034 1316 5096 Esteu.
1336 5055 1363 5094 u.
1388 5033 1413 5094 E
1438 5030 1492 5091 noi
1516 5029 1791 5107 soggiungeremo
1815 5029 1920 5090 anche
1945 5027 1969 5087 il
1993 5026 2070 5089 Cod.
2096 5025 2256 5088 Curense.

492 5233 496 5245 .
604 5191 629 5272 3)
650 5191 734 5253 nur.
758 5187 913 5252 Lxxvu.

603 5337 627 5419 ὅ)
650 5337 770 5398 Invece
794 5333 942 5411 di—jus
964 5333 993 5395 si
1014 5328 1235 5396 vivendi—il
1257 5326 1342 5388 Mur.
1366 5326 1429 5386 ha:
1450 5326 1504 5404 jus
1527 5321 1590 5387 sibi
1612 5321 1787 5386 vendendi.

604 5481 628 5560 ⁵)
650 5482 770 5543 Invece
795 5480 826 5540 di
839 5477 948 5542 --sed
969 5477 1010 5540 ad
1033 5475 1175 5540 salutem
1196 5468 1407 5536 faciant-il
1428 5467 1512 5528 Mur.
1538 5467 1601 5526 ha:
1626 5463 1685 5528 sed
1706 5464 1858 5529 absolute
1881 5466 1993 5530 faciat.

603 5628 627 5702 ἦ
650 5629 733 5688 Mur.
758 5623 925 5687 LXXVIII.

605 5772 628 5850 't
649 5771 733 5834 Mur.
758 5773 881 5834 LXXX.
