5310 7080
606 551 672 620 lllb
1243 551 1416 624 CODEX
1452 555 1718 634 CAVENSIS

553 775 646 843 bites
669 779 854 862 traerent,
884 779 919 844 et
943 778 1005 844 ubi
1029 779 1227 866 meruerit,
1252 779 1348 848 infra
1371 785 1447 850 tota
1469 785 1675 870 supradicta
1699 787 1913 857 tradictione
1937 789 2019 858 illut
2040 789 2250 877 eluderent,
2274 795 2310 858 et
2340 809 2401 877 per

556 927 728 1016 tempore,
754 893 895 1015 quando
918 933 1102 1019 meruerit,
1128 931 1210 1000 illut
1234 933 1508 1025 biudemiarent,
1532 943 1568 1005 et
1589 957 1693 1025 poma
1708 960 1777 1028 que
1793 941 1925 1010 ibidem
1940 946 2038 1030 sunt,
2055 942 2285 1030 colligerent,
2301 948 2336 1012 et
2354 945 2370 1010 l
2389 983 2402 994 -

555 1081 657 1152 ciant
681 1084 888 1152 annualiter
913 1084 985 1151 illis
1008 1087 1142 1154 scirent
1166 1106 1250 1172 pars
1273 1086 1386 1173 ipsius
1409 1089 1577 1178 ecclesie,
1602 1096 1642 1159 ut
1665 1093 1796 1160 ibidem
1819 1093 1960 1180 dirigad
1984 1093 2131 1161 missum
2153 1115 2269 1182 suum,
2295 1101 2400 1166 etto

552 1239 626 1302 tum
651 1237 726 1322 ipso
751 1239 876 1304 binum
901 1239 1031 1308 ibidem
1054 1242 1100 1308 ad
1123 1241 1341 1327 palmentum
1365 1247 1400 1310 et
1424 1245 1539 1310 omnis
1556 1262 1659 1329 poma
1674 1245 1805 1313 exinde
1820 1265 1883 1333 per
1899 1245 2055 1314 medium
2071 1247 2153 1316 illut
2169 1247 2263 1316 inter
2289 1268 2326 1317 se
2353 1251 2402 1318 di-

552 1386 734 1458 bidereut:
759 1390 907 1458 missum
931 1394 1090 1478 predicte
1114 1396 1261 1463 ecclesie
1285 1396 1394 1465 tollad
1417 1395 1498 1463 illut
1522 1397 1760 1483 medietatem,
1785 1401 1820 1464 et
1844 1397 1916 1465 illis
1940 1405 1975 1466 et
1998 1400 2072 1466 suis
2088 1400 2252 1467 eredibus
2271 1401 2400 1469 medie-

551 1543 676 1630 tatem,
700 1550 736 1612 et
760 1564 823 1614 nos
847 1547 1102 1634 adsiuguemus
1124 1567 1246 1616 eorum
1270 1549 1400 1617 ibidem
1423 1568 1582 1636 ergeuen
1605 1548 1650 1616 da
1665 1549 1802 1635 binum,
1827 1555 1861 1616 et
1884 1549 1969 1637 illis,
1986 1552 2129 1636 qnando
2144 1554 2330 1640 meruerit,
2348 1571 2404 1626 or-

551 1711 669 1777 gauea
693 1697 772 1782 ipsa
795 1701 888 1767 bona
911 1701 1131 1787 coneiarent,
1155 1704 1192 1768 et
1215 1719 1276 1769 eas
1299 1705 1511 1785 reponerent
1534 1697 1632 1768 illam
1657 1703 1781 1768 subtus
1806 1701 1881 1786 ipso
1905 1701 2060 1768 reditum
2085 1703 2147 1769 ubi
2163 1704 2398 1790 abitaberint,

557 1849 695 1935 etipsa
718 1853 872 1918 sortione
896 1853 1052 1938 predicte
1076 1853 1222 1922 ecclesie
1246 1853 1288 1920 de
1312 1854 1387 1939 ipso
1410 1854 1534 1920 binum
1558 1851 1690 1919 ibidem
1714 1852 1753 1918 iu
1777 1857 1855 1936 ipsa
1879 1870 2037 1939 organea
2061 1871 2246 1940 reponere,
2270 1859 2306 1922 et
2333 1853 2402 1922 sal-

553 2003 637 2068 bum
659 2002 742 2070 illut
768 2005 916 2089 faciant,
941 2025 1052 2092 usque
1075 2008 1159 2074 dum
1184 2025 1268 2093 pars
1291 2007 1403 2092 ipsius
1427 2007 1572 2074 ecclesie
1589 1969 1670 2072 illut
1685 2005 1768 2072 inde
1784 2005 1946 2093 tulerint,
1972 2009 2105 2092 absque
2121 2007 2394 2094 degeneratione

554 2159 591 2220 et
614 2153 753 2242 ingne3
778 2162 814 2225 et
836 2159 920 2225 dum
945 2159 1077 2226 ibidem
1100 2159 1267 2228 steterint
1291 2161 1407 2246 ipsum
1432 2158 1579 2224 missum
1603 2158 1759 2242 predicte
1783 2157 1942 2244 ecclesie,
1966 2157 2038 2224 illis
2055 2163 2175 2226 autern
2191 2179 2274 2226 euru
2290 2162 2398 2228 notri-

561 2313 642 2375 rent
666 2310 860 2376 secundum
885 2329 987 2378 suam
1011 2309 1295 2397 possibilitatem,
1318 2315 1354 2377 et
1377 2311 1422 2378 ad
1445 2311 1610 2397 completi
1635 2313 1704 2396 ipsi
1728 2331 1792 2380 sex
1814 2311 1903 2380 auui
1928 2311 1999 2378 illis
2015 2315 2132 2380 autern
2148 2317 2183 2380 et
2199 2313 2273 2378 suis
2288 2315 2398 2380 eredi-

558 2461 685 2528 busin
710 2463 789 2548 ipsa
811 2465 1005 2549 posteriore
1027 2465 1243 2534 tradictione
1266 2483 1329 2550 per
1354 2463 1556 2550 supradicte
1579 2466 1662 2531 linis
1686 2471 1722 2533 et
1744 2463 1925 2534 mensurio
1949 2467 2137 2533 arbustum
2161 2468 2293 2534 bonum
2319 2487 2398 2554 ope

553 2619 671 2684 ratum
696 2619 901 2704 etinctum,
926 2621 1018 2687 sieut
1042 2619 1138 2686 locus
1163 2620 1237 2706 ipse
1260 2621 1445 2704 meruerit,
1470 2623 1510 2686 ut
1534 2620 1622 2686 beue
1646 2619 1780 2704 paread
1804 2621 1939 2687 laetum
1954 2625 2138 2704 operatum
2155 2625 2191 2687 et
2213 2621 2403 2707 cultatum,

554 2773 590 2838 et
614 2769 660 2836 da
687 2769 755 2855 ipsi
780 2790 844 2837 sex
868 2771 955 2837 anui
980 2772 1018 2838 iu
1043 2776 1150 2839 autea
1172 2773 1268 2838 omui
1292 2777 1449 2857 tempore
1473 2771 1545 2836 illis
1567 2775 1602 2838 et
1626 2772 1702 2838 suis
1726 2773 1890 2840 eredibus
1914 2772 1997 2839 illut
2013 2776 2134 2839 tenere
2151 2776 2187 2840 et
2203 2773 2404 2856 dominare,

556 2927 591 2991 et
616 2942 681 2990 sua
707 2922 865 2991 utilitate
889 2924 985 2991 iusta
1009 2923 1185 2991 rationem
1209 2923 1340 2990 ibidem
1365 2924 1537 3009 lacerent,
1562 2931 1597 2991 et
1613 2927 1674 2992 ubi
1691 2925 1902 3012 meruerint,
1918 2943 1978 2992 eos
1994 2925 2193 3009 eluderent,
2209 2928 2246 2994 et
2263 2944 2402 2997 annua-

551 3073 634 3142 liter
659 3075 734 3160 ipso
763 3079 949 3142 arbustum
975 3076 1181 3143 laborarent
1204 3081 1239 3142 et
1262 3075 1442 3143 cultareut
1464 3075 1507 3144 de
1531 3095 1636 3162 super
1661 3081 1698 3145 et
1721 3079 1764 3146 de
1787 3081 1923 3163 subter,
1948 3078 2040 3146 sieut
2061 3079 2160 3145 locus
2175 3077 2251 3164 ipse
2267 3097 2406 3149 merue-

552 3228 641 3314 rint,
666 3232 705 3294 ut
728 3231 860 3295 bouum
885 3230 1018 3314 paread
1042 3229 1243 3297 laboratum
1266 3233 1302 3297 et
1324 3229 1512 3314 cubatum,
1537 3233 1573 3296 et
1595 3229 1814 3316 annualiter,
1838 3231 1980 3315 quando
2007 3232 2190 3316 meruerit,
2216 3231 2299 3299 illut
2326 3234 2405 3299 biu-

551 3381 750 3448 demiareut
773 3385 807 3449 et
831 3400 934 3467 poma
958 3379 1088 3449 exinde
1111 3381 1334 3466 colligerent,
1358 3388 1394 3448 et
1415 3399 1477 3466 per
1494 3400 1643 3467 aunum,
1661 3383 1804 3467 quaudo
1820 3384 2006 3468 meruerit,
2024 3383 2162 3450 faciant
2177 3383 2251 3449 illis
2267 3383 2406 3452 seirent

553 3553 637 3622 pars
660 3534 817 3620 predicte
842 3533 1012 3619 ecclesie,
1039 3537 1078 3600 ut
1101 3533 1231 3600 ibidem
1254 3534 1397 3618 dirigad
1421 3533 1569 3601 missum
1592 3554 1696 3602 suum
1710 3584 1719 3621 ,
1744 3539 1916 3626 ettotum
1940 3537 2014 3621 ipso
2047 3535 2171 3602 binum
2197 3535 2328 3604 ibidem
2353 3535 2400 3604 ad

554 3686 777 3772 palmentum
802 3691 837 3753 et
861 3706 964 3771 poma
987 3685 1119 3754 exinde
1144 3685 1182 3750 in
1207 3688 1352 3756 tertiam
1374 3693 1513 3772 partem
1537 3687 1618 3754 illut
1643 3689 1737 3754 iuter
1761 3706 1797 3755 se
1821 3687 2046 3755 dibidereut:
2073 3688 2221 3754 missum
2243 3687 2400 3773 predicte

551 3838 701 3938 ecclesie
725 3838 836 3906 tollad
861 3840 943 3906 iude
968 3839 1113 3907 tertiam
1137 3845 1289 3925 partem,
1314 3845 1350 3906 et
1372 3837 1445 3905 illis
1468 3843 1503 3905 et
1527 3841 1602 3906 suis
1626 3837 1789 3906 eredibus
1812 3838 1880 3906 due
1897 3841 2024 3924 sortis3
2042 3845 2077 3908 et
2094 3840 2172 3926 ipsa
2187 3841 2343 3906 sortione
2358 3839 2401 3906 de

554 3990 632 4076 ipso
657 3991 781 4057 binum
804 3991 963 4076 predicte
985 3989 1131 4060 ecclesie
1156 3993 1363 4061 annualiter
1387 3991 1425 4059 in
1449 3994 1527 4078 ipsa
1548 4010 1707 4079 organea
1731 3993 1915 4058 mitterent
1931 3995 1966 4058 et
1982 3991 2122 4059 salbum
2139 3993 2290 4080 iaciant,
2306 3993 2402 4061 sieut

554 4149 591 4211 et
616 4147 691 4232 ipso
715 4146 806 4215 aliut
830 4149 920 4232 quod
945 4147 1109 4234 superius
1132 4149 1267 4216 dictum
1291 4151 1369 4234 est,
1394 4150 1430 4214 et
1455 4147 1529 4233 ipso
1552 4147 1699 4213 missum
1723 4145 1879 4230 predicte
1903 4145 2049 4212 ecclesie
2079 4145 2293 4234 nutrirent,
2319 4148 2405 4216 dum

548 4301 715 4387 superius
739 4303 876 4369 dictum
901 4308 966 4389 est3
993 4309 1120 4390 etque
1144 4304 1268 4372 amodo
1291 4309 1327 4370 et
1350 4320 1487 4387 semper
1512 4301 1550 4366 iu
1575 4304 1650 4367 tota
1674 4299 1880 4384 supradicta
1903 4302 2009 4366 rebus
2026 4303 2233 4370 annualiter
2250 4304 2406 4372 semina-

551 4456 694 4541 beriut,
719 4456 828 4523 deant
852 4455 982 4524 exinde
1008 4457 1046 4522 in
1069 4473 1153 4542 pars
1178 4454 1291 4540 ipsius
1314 4453 1460 4519 ecclesie
1484 4450 1696 4518 terraticum
1720 4451 1915 4518 seeundum
1945 4453 2239 4520 consuetudinem
2263 4454 2306 4519 de
2332 4453 2407 4541 ipso

548 4613 684 4692 locum3
709 4615 767 4696 et,
791 4609 875 4676 dum
901 4608 1031 4676 ibidem
1056 4608 1221 4676 steterint
1246 4607 1359 4694 ipsum
1383 4605 1529 4672 missum
1554 4604 1711 4690 predicte
1734 4604 1881 4672 ecclesie
1906 4604 2110 4673 annualiter
2133 4625 2196 4692 pro
2222 4607 2300 4692 ipsa
2332 4607 2405 4674 fru-

549 4764 610 4830 dia
635 4762 877 4846 reponendum
901 4767 936 4828 et
960 4761 1228 4847 recipiendum,
1254 4759 1325 4826 illis
1349 4763 1469 4826 autem
1493 4777 1575 4825 eum
1598 4759 1758 4842 notrire,
1782 4757 1874 4824 sicut
1905 4756 2149 4842 supradictum
2173 4763 2249 4844 est,
2275 4766 2311 4828 et
2335 4780 2398 4847 per

546 4913 661 4979 omnis
687 4933 823 4982 anuum
847 4915 954 4981 deant
981 4914 1019 4978 iu
1036 4931 1120 4998 pars
1135 4913 1248 5000 ipsius
1265 4874 1413 4980 ecclesie
1430 4911 1508 4996 ipsa
1524 4910 1807 4997 palmeutateka‚
1825 4909 1919 4975 sicut
1936 4911 2121 4993 meruerit,
2143 4915 2178 4977 et
2195 4911 2300 4996 quale
2318 4917 2407 4980 tem·

545 5086 630 5154 pore
656 5065 728 5132 illis
752 5072 787 5134 et
812 5068 886 5133 suis
910 5067 1074 5134 eredibus
1098 5071 1203 5132 rebus
1227 5067 1306 5152 ipsa
1330 5067 1369 5132 in
1393 5064 1597 5149 supradicto
1621 5061 1745 5128 ordine
1769 5067 1891 5129 tenere
1922 5065 1957 5129 et
1980 5063 2145 5131 laborare
2178 5065 2337 5132 uoluerit
2363 5066 2405 5131 il-

545 5219 621 5307 lut,
644 5225 707 5289 aut
730 5237 801 5285 nou
825 5218 1028 5305 potuerint,
1054 5223 1141 5285 tuuc
1166 5219 1363 5286 laboratum
1387 5219 1518 5284 bouum
1549 5219 1586 5282 et
1610 5215 1749 5282 clusum
1772 5217 2002 5281 remitterent
2025 5215 2070 5282 ad
2094 5221 2268 5300 potestate
2292 5219 2406 5304 ipsius

546 5375 711 5460 ecclesie,
737 5378 773 5440 et
798 5373 911 5441 licead
936 5373 1009 5440 illis
1032 5377 1068 5441 et
1092 5373 1168 5439 suis
1190 5370 1354 5439 eredibus
1378 5369 1460 5436 iude
1483 5368 1583 5434 exire
1608 5385 1689 5434 cum
1713 5368 1827 5433 omnis
1852 5386 1918 5435 sua
1941 5387 2051 5436 causa
2075 5375 2110 5436 et
2135 5369 2187 5436 ire
2203 5369 2265 5436 ubi
2284 5371 2405 5441 belne-

543 5529 641 5594 rint:
667 5533 787 5596 tamen
811 5527 898 5595 etsi
922 5527 965 5594 de
989 5531 1153 5594 aeterra
1178 5524 1400 5593 salernitana
1424 5521 1583 5588 exieriut
1605 5517 1718 5586 aliubi
1744 5517 1789 5586 ad
1813 5518 2041 5604 abitandnm,
2066 5519 2231 5590 similiter
2256 5529 2332 5593 tota
2349 5545 2405 5594 re-

544 5680 611 5748 bus
636 5684 715 5768 ipsa
739 5681 951 5766 perbeniant
974 5681 1019 5748 ad
1042 5683 1215 5766 potestate
1240 5677 1398 5763 predicte
1421 5675 1595 5757 ecclesie;
1620 5674 1711 5741 etsi
1737 5672 1833 5741 iutra
1856 5671 1972 5739 tribus
1996 5677 2084 5742 anni
2110 5677 2241 5745 ibidem
2264 5679 2403 5747 robersi

544 5834 681 5906 fuerint
702 5836 749 5904 ad
773 5835 996 5921 abitandnm,
1022 5837 1127 5903 rebus
1152 5835 1229 5919 ipsa
1254 5834 1415 5900 rebertar
1440 5829 1486 5897 ad
1512 5827 1654 5892 illorum
1678 5829 1863 5912 potestate,
1889 5825 1936 5892 ad
1957 5830 2151 5897 tenendum
2176 5831 2257 5900 illut
2271 5833 2347 5904 illis
2365 5840 2403 5902 et
