5376 7104
640 553 713 628 280
1288 555 1461 630 CODEX
1495 555 1753 634 dtvnnsls

595 778 754 849 nendum
778 783 880 852 nobis
903 785 1104 875 nostrisque
1126 783 1316 856 heredibus
1331 781 1452 852 decem
1468 779 1550 851 auri
1567 779 1669 849 solidi
1686 779 1905 850 constantini
1923 783 1961 848 et
1976 779 2100 847 omnia
2115 777 2361 866 suprascripta
2382 796 2442 864 per

596 931 722 1002 invitis
744 937 846 1004 nobis
868 937 1068 1026 compliret,
1092 941 1129 1006 et
1152 940 1249 1006 hunc
1273 937 1416 1004 brebem
1439 934 1566 1020 scripsi
1589 952 1656 1021 ego
1680 933 1855 1002 iohannes
1879 931 2032 1000 clericus
2059 935 2096 1002 et
2119 931 2281 1000 notarius
2304 928 2367 1018 qui
2390 929 2442 998 in-

593 1085 721 1153 tersui.

640 1211 672 1329 †
696 1260 762 1330 ego
785 1247 909 1330 petrus

638 1365 671 1484 †
695 1413 761 1483 ego
786 1395 961 1467 ademari.

1441 1935 1641 2016 DCCII.

1396 2194 1451 2272 Α.
1479 2193 1530 2271 n.
1559 2193 1681 2274 1017.
1715 2297 1716 2300 Ὺ

649 2436 751 2576 †tn
774 2485 918 2554 nomine
942 2482 1077 2553 domini
1102 2449 1268 2552 vicesimo
1291 2500 1384 2550 nono
1407 2502 1503 2553 anno
1526 2485 1751 2572 principatus
1774 2482 1895 2553 domni
1919 2483 2033 2552 nostri
2057 2482 2254 2571 guaimari,
2283 2488 2321 2552 et
2345 2483 2448 2553 tertio

603 2623 701 2706 anno
724 2637 950 2725 principatus
973 2635 1089 2704 domni
1115 2635 1264 2703 iohanni
1288 2634 1365 2703 eius
1391 2633 1486 2722 filio,
1509 2635 1655 2723 gloriosi
1679 2635 1924 2724 principibus,
1949 2653 2068 2704 mense
2092 2636 2306 2722 nobember,
2333 2635 2445 2722 prima

601 2791 810 2860 indictione.
836 2791 985 2878 Ideoque
1008 2807 1074 2878 ego
1097 2805 1179 2855 urso
1195 2788 1290 2855 filius
1316 2787 1494 2874 quondam
1518 2787 1663 2876 andree,
1687 2789 1781 2856 sicut
1802 2767 1912 2856 ¹michi
1937 2807 2137 2876 congruum
2160 2791 2229 2874 est,
2252 2807 2336 2856 mea
2358 2789 2445 2856 bona

490 2927 496 2940 ¹
588 2945 791 3035 boluntate
813 2962 876 3030 per
900 2960 969 3010 anc
993 2942 1171 3011 cartulam
1196 2943 1280 3008 ante
1303 2937 1493 3025 subscripti
1517 2937 1695 3005 nobilibus
1718 2937 1959 3024 benumdedit,
1979 2938 2094 3024 adque
2117 2937 2164 3006 ad
2186 2956 2329 3024 semper
2345 2940 2451 3006 aben·

600 3098 686 3165 dum
710 3096 919 3164 confirmabi
943 3094 1008 3164 tibi
1025 3093 1221 3162 ademmari
1237 3091 1311 3158 filio
1329 3091 1508 3178 quondam
1531 3092 1652 3160 domni
1676 3091 1786 3178 sergi,
1810 3093 1873 3177 qui
1889 3089 1958 3158 tuit
1974 3091 2048 3160 dux
2070 3095 2107 3160 et
2131 3091 2314 3178 imperiali
2339 3091 2447 3178 patri·

603 3248 659 3315 cio
683 3247 842 3342 cibitatis
860 3245 1146 3314 amalfitanorum
1162 3261 1236 3312 una
1251 3244 1353 3330 pecie
1368 3242 1411 3310 de
1426 3247 1526 3311 terra
1541 3261 1621 3311 mea
1636 3261 1716 3309 cum
1734 3243 1840 3310 binea
1855 3242 1898 3309 de
1914 3240 2032 3310 locum
2048 3241 2167 3310 selline
2184 3242 2318 3309 finibus
2340 3241 2445 3310 saler-

602 3401 741 3488 nitane,
767 3402 803 3466 et
825 3403 879 3467 est
903 3417 966 3484 per
981 3416 1021 3466 ec
1037 3397 1120 3464 finis
1134 3401 1171 3465 et
1187 3397 1377 3464 mensuris:
1396 3395 1595 3482 apartibus
1619 3393 1767 3462 meridie
1785 3395 1855 3462 fine
1872 3394 2001 3479 limite,
2025 3393 2108 3463 inde
2130 3399 2215 3463 sunt
2237 3393 2336 3481 passi
2361 3393 2447 3462 side-

602 3552 695 3619 cim:
721 3571 744 3619 a
767 3569 852 3636 pars
871 3548 1069 3616 occidentis
1092 3547 1162 3613 fine
1187 3548 1279 3614 sicut
1302 3545 1417 3612 medio
1439 3545 1585 3613 rosaneo
1608 3544 1789 3632 discernit,
1816 3545 1898 3614 inde
1922 3545 2017 3630 passi
2036 3545 2280 3632 quodraginta
2304 3563 2368 3614 sex
2389 3545 2449 3612 mi·

602 3723 672 3773 nus
700 3703 806 3791 pedes
829 3703 918 3770 duo:
950 3703 992 3770 de
1024 3721 1128 3787 super
1158 3720 1180 3770 a
1205 3705 1306 3787 parte
1336 3697 1601 3785 septemtrionis
1631 3699 1702 3768 fine
1726 3699 1819 3768 siout
1842 3699 1956 3768 medio
1979 3700 2123 3768 rosaneo
2146 3700 2342 3786 discernit,
2368 3698 2446 3766 inde

601 3863 689 3926 sunt
705 3859 798 3946 passi
816 3857 999 3925 duodecim
1022 3854 1141 3921 minus
1156 3852 1342 3922 summisse
1355 3870 1436 3920 uno:
1454 3873 1475 3920 a
1491 3858 1593 3938 parte
1616 3853 1765 3921 orientis
1781 3853 1851 3921 fine
1869 3855 1974 3942 petri,
1999 3855 2093 3922 siout
2109 3853 2243 3922 termiti
2261 3853 2338 3921 ficti
2355 3857 2449 3938 sunt,

543 4107 546 4113 ι
602 4011 686 4079 inde
710 4011 806 4098 passi
830 4010 984 4097 triginta
1007 4012 1132 4076 nobem
1156 4008 1274 4074 minus
1297 4006 1455 4092 palmum
1473 4023 1596 4092 unum,
1620 4009 1656 4074 et
1671 4007 1773 4090 quasi
1790 4024 1853 4091 per
1873 4006 2029 4074 medium
2052 4025 2115 4092 per
2138 4009 2345 4081 trabersum
2369 4011 2448 4074 sunt

601 4165 697 4254 passi
713 4163 1008 4250 quattuordecim,
1025 4164 1137 4228 totum
1152 4161 1399 4226 mensuratum
1416 4156 1460 4226 ad
1478 4155 1571 4224 iusto
1589 4175 1732 4242 passum
1749 4157 1945 4225 bominum.
1965 4159 2013 4225 Ec
2029 4159 2114 4225 bero
2130 4161 2228 4225 terra
2246 4177 2331 4226 cum
2347 4159 2448 4225 binea

601 4335 665 4404 per
691 4315 894 4401 supradicte
923 4301 1006 4378 finis
1029 4315 1065 4379 et
1088 4310 1268 4377 mensurie
1293 4306 1456 4376 inolitam
1480 4306 1579 4376 illam
1602 4307 1668 4374 tibi
1693 4307 1860 4377 iamdicto
1883 4309 2095 4395 ademmari,
2113 4309 2206 4377 sicut
2221 4309 2375 4397 dictum,
2393 4311 2447 4376 be-

603 4469 800 4555 numdedit,
825 4468 869 4535 ad
886 4467 1058 4533 securiter
1075 4469 1110 4532 et
1125 4463 1277 4530 tirmiter
1301 4461 1425 4530 amodo
1449 4465 1485 4528 et
1508 4478 1646 4546 semper
1670 4463 1710 4528 tu
1735 4460 1878 4547 tuisque
1900 4461 2065 4529 eredibus
2091 4461 2216 4530 inclita
2239 4465 2444 4550 supradicta

602 4639 683 4689 mea
698 4620 917 4688 bindictione
934 4615 1077 4702 abendi,
1094 4613 1310 4701 possidendi,
1327 4613 1548 4699 dominandi,
1564 4615 1685 4680 onmia
1700 4613 1834 4682 exinde
1850 4613 2005 4682 faciendi
2021 4633 2089 4700 que
2112 4614 2312 4702 bolueritis,
2339 4632 2445 4701 esque

506 4821 510 4830 .
602 4773 702 4839 omni
719 4791 798 4839 mea
814 4771 871 4838 uel
886 4770 928 4836 de
944 4768 1033 4837 meis
1048 4766 1211 4834 eredibus
1234 4763 1526 4832 contrarietatem
1549 4763 1605 4832 vel
1629 4767 1875 4854 requisitione3
1902 4766 1994 4834 unde
2018 4783 2082 4853 pro
2104 4765 2390 4836 confirmandam
2412 4768 2445 4831 et

604 4925 896 4994 stabiliscendam
919 4921 1017 4988 vobis
1032 4937 1101 4989 ano
1124 4937 1204 4986 mea
1227 4916 1444 4986 bindictione
1466 4936 1537 4984 nuc
1559 4937 1581 4986 a
1605 4916 1780 5003 presentis
1804 4920 1921 5004 recepi
1952 4940 1975 4987 a
1997 4923 2032 4987 te
2057 4919 2227 4989 iamdicto
2250 4919 2442 4990 ademmari

606 5083 778 5148 emtorem
796 5095 913 5144 meum
936 5079 1111 5144 statutum
1134 5073 1302 5159 pretium,
1321 5070 1332 5135 i
1350 5074 1434 5137 sunt
1456 5069 1536 5137 auri
1554 5070 1625 5137 tari
1641 5069 1724 5136 boni
1739 5088 1925 5138 numerum
1941 5071 2185 5160 quadraginta
2203 5075 2242 5141 in
2258 5072 2377 5140 omnis
2392 5072 2445 5139 de-

604 5231 833 5316 liberatione,
859 5229 951 5296 sicut
967 5229 1061 5295 inter
1085 5244 1148 5292 nos
1171 5223 1358 5292 combenit.
1384 5221 1427 5291 de
1451 5241 1522 5308 qua
1545 5241 1608 5308 per
1633 5225 1725 5292 bona
1739 5225 2001 5294 combenientia
2024 5243 2091 5320 ego
2114 5225 2344 5314 supradictus
2369 5239 2445 5293 urso

603 5384 739 5471 guadia
752 5382 817 5450 tibi
838 5379 1006 5450 iamdicto
1018 5378 1212 5448 ademmari
1225 5375 1334 5462 dedit,
1351 5379 1387 5443 et
1402 5374 1630 5443 mediatorem
1653 5374 1719 5442 tibi
1737 5374 1856 5462 posuit
1874 5394 1930 5444 me
1947 5377 2076 5463 ipsum3
2094 5381 2129 5448 et
2140 5397 2202 5466 per
2220 5379 2298 5465 ipsa
2315 5376 2445 5467 guadia

603 5538 724 5625 obligo
739 5555 796 5605 me
808 5541 845 5606 et
856 5553 951 5604 meos
967 5533 1088 5602 eredes
1104 5532 1226 5602 amodo
1242 5534 1278 5598 et
1292 5547 1429 5616 semper
1454 5527 1700 5597 antistandum
1714 5533 1751 5598 et
1766 5529 2022 5599 defensandum
2044 5531 2111 5600 tibi
2136 5534 2259 5620 tuique
2282 5533 2445 5601 oredibus

605 5689 735 5759 inclita
750 5644 955 5778 supradicta
972 5707 1051 5757 mea
1063 5683 1295 5769 bindictione,
1312 5699 1392 5749 cum
1408 5681 1486 5748 bice
1503 5679 1546 5747 de
1562 5678 1622 5748 bia
1636 5698 1712 5767 sna,
1728 5699 1751 5749 a
1766 5699 1849 5768 pars
1866 5683 1970 5750 uxori
1987 5701 2064 5752 mee
2079 5686 2116 5752 et
2131 5683 2176 5756 da
2192 5688 2310 5754 omnis
2334 5686 2448 5754 omine

609 5842 783 5928 omnique
794 5841 1008 5930 partibuS,et
1019 5859 1082 5926 pro
1094 5838 1139 5908 ad
1154 5835 1391 5905 defensionem
1403 5849 1463 5899 vos
1476 5849 1612 5917 semper
1627 5832 1804 5902 abendum
1820 5833 1980 5903 dedimus
1991 5835 2142 5944 tibitres
2154 5836 2360 5924 scriptionis
2372 5852 2447 5905 con·
