5376 7094
622 535 644 604 2
1269 534 1443 606 deunx
1477 532 1742 609 unvnnsls

576 760 716 829 nianos.
734 763 994 846 verumtamen,
1019 763 1055 828 et
1070 761 1175 846 quale
1191 764 1348 847 tempore
1372 759 1469 828 infra
1484 759 1561 846 ipso
1577 757 1810 828 constitutum
1826 757 1901 846 ipse
1923 754 2104 843 predictus
2119 757 2240 841 petrus
2256 749 2430 840 presbiter

578 913 675 981 tilius
697 913 877 1000 quondam
901 913 1032 982 stefani
1055 912 1156 982 exire
1180 913 1372 998 boluerint‚
1389 915 1599 999 potestatem
1615 913 1747 980 abeant
1763 908 1824 977 ille
1841 907 1897 976 vel
1913 907 1988 975 suis
2000 905 2165 976 eredibus
2181 904 2264 972 inde
2279 906 2434 972 escotere

576 1069 652 1134 tota
675 1067 754 1152 ipsa
776 1065 1005 1152 lingnamina
1026 1069 1063 1132 et
1086 1065 1201 1132 omnis
1225 1083 1291 1135 sua
1314 1083 1438 1151 causa,
1463 1068 1499 1132 et
1523 1064 1577 1132 ire
1599 1081 1682 1130 cum
1704 1061 1806 1130 illum
1830 1060 1892 1128 ubi
1916 1059 2082 1144 boluerit‚
2107 1075 2216 1143 asque
2239 1054 2436 1123 contrarie

577 1223 687 1288 tatem
711 1237 790 1287 mea
814 1219 870 1287 vel
893 1219 936 1287 de
959 1219 1049 1288 meis
1073 1221 1349 1302 successoribus,
1373 1219 1428 1287 vel
1451 1216 1614 1304 partibus
1637 1219 1757 1284 nostre
1780 1211 1942 1297 ecclesie,
1959 1217 1994 1280 et
2017 1213 2113 1278 hunc
2138 1211 2280 1276 brebem
2305 1205 2434 1291 scripsi

577 1391 644 1460 ego
668 1371 852 1457 iaquintus
875 1371 1039 1439 notarius
1063 1371 1125 1460 qui
1148 1373 1308 1441 interfui.

622 1497 653 1613 †
677 1541 743 1624 ego
767 1525 923 1593 arechisi
947 1525 1110 1594 notarius
1134 1545 1189 1593 me
1212 1525 1405 1612 subscripsi

618 1645 648 1760 †
673 1692 739 1760 ego
762 1679 1048 1765 regemprandus
1072 1699 1127 1747 me
1151 1679 1359 1767 subscripsi.
1499 1758 1503 1770 ι

1339 1935 1507 1944 -..-.-..-...-
1516 1930 1737 1941 -....-—-———·--

1326 2251 1676 2335 DXXXVIII.

1359 2517 1414 2594 A.
1444 2513 1495 2592 D.
1524 2510 1645 2594 1001.

575 2819 578 2826 ’
615 2757 651 2897 †
675 2812 713 2874 ln
737 2809 880 2878 nomine
903 2809 1035 2878 domini
1061 2808 1304 2878 tertiodecimo
1327 2823 1423 2876 anno
1443 2803 1667 2891 principatus
1683 2801 1803 2868 domni
1818 2800 1932 2880 nostri
1949 2798 2146 2887 guaimarii
2163 2798 2310 2885 gloriosi
2328 2817 2428 2884 prin-

569 2962 672 3049 cipis,
690 2980 810 3031 mense
827 2963 983 3050 magius,
1008 2961 1277 3052 quartadecima
1302 2956 1509 3026 indictione.
1534 2955 1613 3023 Ideo
1636 2971 1706 3039 que
1729 2970 1795 3040 ego
1811 2951 1924 3020 nandi
1947 2951 2043 3020 lilius
2067 2952 2246 3038 quondam
2269 2953 2425 3038 romani,

569 3116 661 3182 sicut
683 3115 772 3182 mihi
797 3133 995 3201 congruum
1017 3116 1084 3197 est,
1101 3131 1181 3180 mea
1197 3130 1290 3180 vona
1306 3111 1537 3179 bolumtatem
1552 3111 1636 3176 ante
1652 3107 1842 3194 subscripti
1866 3111 1974 3175 testes
1997 3125 2060 3192 per
2083 3109 2178 3174 hanc
2202 3107 2344 3175 cartula
2367 3125 2426 3174 ve-

565 3267 735 3341 numdedi
760 3267 876 3353 adque
900 3265 946 3334 ad
969 3283 1108 3351 semper
1123 3267 1301 3336 abendum
1317 3265 1487 3332 confirmo
1502 3261 1601 3328 robis
1616 3259 1766 3328 bisantii
1790 3259 1864 3328 filio
1879 3259 2058 3346 quondam
2074 3259 2243 3330 iohannis
2258 3265 2294 3328 et
2311 3259 2421 3329 alfani

569 3421 644 3488 illio
659 3419 802 3488 cuidam
819 3421 924 3507 petri,
942 3419 1005 3506 qui
1022 3419 1167 3487 fuerunt
1181 3416 1386 3486 consobrini
1400 3415 1506 3485 fratri
1523 3415 1608 3499 mei,
1625 3414 1752 3483 inclita
1768 3415 1960 3482 sortionem
1976 3433 2093 3484 meam
2108 3414 2201 3500 quod
2216 3419 2270 3482 est
2286 3419 2426 3483 sextam

571 3575 712 3658 partem
727 3571 770 3638 de
787 3561 861 3638 una'
884 3570 986 3658 pecie
1008 3571 1051 3637 de
1074 3573 1188 3654 terra,
1205 3569 1243 3637 in
1267 3585 1336 3654 quo
1360 3565 1587 3654 aliquantum
1611 3566 1753 3654 pastino
1776 3571 1842 3650 est,
1866 3571 1903 3636 et
1926 3571 2061 3636 terram
2085 3585 2166 3634 cum
2190 3567 2429 3653 quertietum,

577 3725 670 3812 quod
694 3726 781 3791 abeo
805 3727 843 3791 in
866 3723 982 3792 locum
1005 3740 1220 3810 capaczana‚
1243 3723 1305 3790 ubi
1329 3719 1499 3788 sabuculo
1522 3715 1672 3806 diciturj
1692 3718 1824 3786 finibus
1848 3717 2081 3788 salernitanis
2105 3736 2168 3805 per
2192 3722 2257 3786 hec
2273 3719 2368 3786 finis:
2385 3719 2429 3786 de

577 3895 651 3947 una
674 3881 776 3964 parte
801 3878 871 3945 fine
895 3877 1063 3945 lobannis
1085 3874 1193 3959 russi,
1211 3875 1304 3962 quod
1330 3877 1496 3962 paratum
1519 3875 1628 3941 habet
1650 3873 1697 3942 da
1720 3872 1906 3959 iaquintus
1921 3872 1995 3939 filio
2011 3873 2179 3942 iohannis
2203 3871 2315 3959 molli,
2340 3871 2432 3939 sicut

576 4028 712 4096 termiti
736 4028 810 4095 ficti
834 4030 930 4112 sunt,
955 4031 991 4096 et
1014 4031 1150 4096 rectum
1173 4026 1323 4095 saliente
1339 4046 1401 4113 per
1416 4026 1552 4095 termiti
1575 4044 1638 4113 per
1656 4027 1816 4095 ,aristone
1840 4026 1902 4112 qui
1926 4026 1978 4094 ibi
2002 4030 2070 4114 est,
2093 4030 2130 4095 et
2153 4025 2295 4094 abiente
2319 4041 2429 4110 usque

575 4183 615 4250 in
637 4181 755 4252 media
778 4201 879 4252 serra
902 4201 971 4269 que
994 4183 1167 4252 discernit
1182 4184 1229 4254 da
1251 4185 1436 4270 coperclisi
1453 4185 1479 4268 ¹)
1502 4182 1699 4251 ominibus:
1724 4184 1770 4252 da
1784 4194 1891 4270 super
1907 4185 1978 4252 fine
1994 4183 2111 4253 media
2135 4183 2214 4270 ipsa
2237 4201 2358 4252 serra:
2384 4182 2428 4249 de

575 4335 649 4405 alia
673 4340 775 4422 parte
791 4338 861 4405 fine
877 4337 992 4405 medio
1015 4338 1155 4406 ballone
1171 4337 1233 4423 qui
1249 4337 1421 4406 discernit
1441 4337 1487 4404 da
1503 4340 1616 4420 terra,
1633 4335 1726 4421 quod
1741 4335 1787 4404 ad
1802 4337 2064 4423 pastenandum
2081 4337 2212 4405 retinet
2226 4336 2424 4425 godelghisi

492 4577 497 4583 ⁴
575 4486 671 4554 illius
687 4489 763 4556 ursi
780 4489 827 4558 da
843 4489 990 4558 heredes
1006 4489 1119 4558 alfani
1136 4492 1289 4578 comitis,
1314 4496 1350 4560 et
1374 4491 1600 4578 aliquantum
1617 4490 1818 4559 revolbente
1834 4489 1873 4557 in
1890 4489 1950 4559 bia
1965 4494 2000 4558 et
2016 4509 2078 4576 per
2095 4491 2174 4578 ipsa
2200 4491 2260 4558 bia
2284 4489 2428 4559 descen-

576 4639 680 4708 dente
703 4659 814 4726 usque
838 4641 877 4708 in
900 4641 1000 4709 ribus
1023 4645 1066 4711 de
1091 4663 1186 4730 aqua
1201 4645 1244 4712 de
1260 4642 1442 4712 sabuculo:
1459 4642 1502 4710 de
1517 4646 1642 4712 subtus
1665 4644 1736 4710 tine
1751 4645 1828 4730 ipso
1851 4644 1951 4713 ribus
1974 4643 2017 4711 de
2041 4645 2224 4714 sabuculo.
2251 4647 2315 4712 hec
2342 4662 2425 4711 vero

578 4811 635 4861 res
659 4793 755 4860 infra
781 4795 856 4880 ipse
879 4796 977 4884 finis,
994 4798 1086 4865 sicut
1103 4798 1276 4884 diximus»,
1294 4797 1422 4866 inclita
1438 4797 1517 4882 ipsa
1532 4798 1663 4864 sestam
1679 4799 1817 4881 partem
1833 4795 1926 4882 quod
1941 4799 1995 4864 est
2010 4815 2090 4865 mea
2107 4797 2312 4881 sortionem,
2329 4794 2428 4863 vobis

578 4943 728 5031 predicti
745 4945 894 5014 bisantii
911 4952 946 5014 et
961 4947 1075 5015 aliani
1092 4949 1396 5034 venumdedimus,
1421 4953 1457 5016 et
1480 4949 1578 5015 vobis
1603 4949 1700 5018 infra
1721 4950 1799 5035 ipse
1824 4951 1907 5018 finis
1923 4949 2005 5019 inde
2023 4951 2262 5036 pertinentem
2285 4953 2339 5016 est
2355 4954 2427 5016 tres

577 5101 698 5186 sortis
722 5100 815 5186 quod
838 5105 892 5169 est
907 5102 1094 5190 medietas,
1108 5107 1145 5171 et
1159 5104 1204 5173 ad
1220 5103 1341 5171 eredes
1356 5103 1514 5172 mirandi
1531 5107 1566 5170 et
1583 5103 1733 5172 iohanni
1749 5105 1915 5190 germani
1932 5107 2002 5173 mei
2019 5105 2102 5172 inde
2117 5109 2171 5172 est
2187 5105 2426 5190 pertinentem

577 5256 645 5324 due
663 5258 783 5344 sortis3
800 5257 894 5324 unde
909 5256 952 5324 de
969 5258 1091 5326 inclita
1108 5259 1186 5346 ipsa
1198 5277 1277 5327 mea
1293 5261 1449 5348 sortione
1465 5257 1602 5326 nullam
1614 5257 1704 5325 mihi
1720 5257 1774 5327 vel
1791 5259 1897 5327 uxori
1909 5277 2000 5343 mee,
2015 5265 2079 5328 aut
2090 5261 2259 5348 cuiquam
2271 5260 2427 5329 homini-

578 5413 657 5498 bus,
675 5412 730 5478 vel
747 5412 785 5478 in
802 5411 929 5496 quavis
945 5412 1107 5498 partibus
1130 5412 1260 5480 exinde
1283 5413 1415 5481 restitit
1438 5417 1502 5480 aut
1516 5411 1669 5480 dicimus
1687 5429 1873 5480 remanere
1893 5413 2099 5500 sortionem3
2117 5420 2184 5499 set,
2210 5415 2304 5482 sicut
2322 5433 2427 5501 supe-

619 5847 641 5926 *t
665 5845 851 5926 coperclisi,
876 5845 1081 5908 habitatores
1104 5843 1277 5909 cuiusdam
1298 5845 1374 5926 pegi
1397 5862 1497 5926 supra
1519 5843 1708 5918 Salernum,
1725 5846 1782 5925 qui
1798 5864 1886 5910 nunc
1903 5847 2004 5909 etiam
2027 5849 2213 5930 appellatur
2237 5847 2431 5928 Cepercbiu.
