5376 7104
642 552 713 625 stt
1291 549 1466 624 GODEX
1491 547 1757 622 clvttrtsls

594 775 836 865 hanni,.inde
860 779 944 843 sunt
968 793 1079 862 usque
1105 777 1144 844 in
1168 777 1309 864 prioras
1331 777 1421 844 fines
1445 772 1539 862 passi
1562 769 1860 860 quattuordecim.
1897 773 1994 840 luter
2018 770 2087 839 iste
2116 788 2269 858 namquo
2304 770 2384 840 finis
2406 782 2438 844 et

597 944 786 1014 mensure,
810 946 879 1014 que
902 927 1068 1014 superius
1091 929 1254 996 cernitur
1277 929 1320 997 de
1344 929 1415 996 fine
1440 928 1478 996 in
1502 925 1631 1012 finem,
1655 925 1831 1013 quantum
1855 922 1951 992 inira
1975 921 2172 992 claustrum
2195 925 2250 992 est
2271 921 2314 990 de
2328 940 2442 992 exeo·

596 1071 677 1164 dem
703 1075 825 1160 vinea,
851 1075 946 1144 unde
970 1092 1035 1144 neo
1059 1075 1175 1162 nobis,
1200 1093 1267 1144 nec
1290 1077 1336 1145 ad
1359 1075 1524 1146 oredibus
1548 1073 1694 1160 nostris,
1717 1091 1843 1141 verum
1859 1070 1970 1142 etiam
1986 1071 2161 1158 nequead
2177 1069 2312 1138 nullum
2329 1089 2442 1157 quern·

599 1226 662 1314 pia
688 1226 869 1330 hominem
895 1226 946 1308 ibi
971 1225 1097 1312 aliqua
1120 1225 1236 1313 portio
1258 1226 1522 1295 reserbabimus
1547 1223 1769 1311 requirendi3
1794 1223 1852 1292 Set
1876 1221 2033 1309 qualiter
2055 1219 2239 1292 edificiata
2253 1225 2308 1290 est
2329 1240 2372 1290 ea
2392 1223 2442 1290 vi-

600 1395 687 1464 nea,
710 1396 785 1447 una
808 1397 890 1446 cum
913 1376 1042 1447 mediis
1065 1378 1253 1476 limitibus,
1276 1381 1417 1446 etcum
1441 1377 1511 1446 viis
1533 1381 1571 1446 et
1593 1376 1727 1446 auditis
1750 1374 1841 1463 suis,
1868 1381 1905 1444 ot
1933 1375 2014 1444 cum
2038 1375 2201 1462 legitima
2228 1374 2388 1462 ingressa
2408 1378 2442 1444 et

600 1546 767 1618 regressa
791 1547 870 1616 sua,
888 1534 1018 1599 etcum
1036 1531 1179 1616 integra
1194 1533 1289 1598 sorte
1305 1529 1347 1597 de
1364 1529 1439 1616 ipso
1454 1533 1574 1617 puteo,
1590 1534 1625 1598 et
1640 1547 1721 1598 oum
1737 1528 1890 1596 inferius
1906 1533 1942 1596 et
1957 1525 2193 1615 superiusque
2210 1527 2300 1614 suis,
2317 1531 2352 1595 et
2366 1545 2440 1596 oum

479 1683 480 1686 ’
600 1681 678 1750 suis
703 1681 871 1748 omnibus
894 1679 1124 1767 pertinentiis
1147 1679 1305 1768 integra,
1331 1680 1427 1749 velut
1449 1683 1663 1769 prelegitur,
1682 1683 1760 1768 ipsa
1776 1681 1946 1752 iamdicta
1961 1682 2068 1750 vinea
2082 1677 2364 1748 venundedimus
2384 1677 2443 1746 tibi

508 1925 509 1928 Ἴ
598 1832 802 1902 cuiusdicto
824 1831 998 1918 radelpoti
1023 1833 1174 1920 emptori
1198 1835 1319 1900 nostro
1342 1833 1603 1918 possidendum.
1626 1836 1673 1903 De
1697 1853 1765 1920 quo
1781 1853 1845 1921 pro
1868 1832 2223 1904 constavilisoendam
2247 1830 2317 1898 tibi
2341 1837 2441 1917 atque

598 1985 882 2055 confirmandam
905 1986 1000 2055 hanc
1023 1990 1183 2056 nostram
1205 1984 1440 2054 vinditionem
1463 1986 1643 2055 manifesti
1668 2005 1801 2074 sumus,
1827 1987 1919 2074 quod
1943 1989 2179 2073 apresentem
2204 1985 2399 2070 recepimus
2420 2004 2440 2052 a
2512 1983 2514 1990 ’

600 2141 635 2208 te
657 2139 857 2226 predictum
881 2143 1073 2226 emptorem
1098 2145 1261 2207 nostrum
1286 2139 1355 2208 duo
1378 2139 1480 2207 aurei
1504 2137 1606 2208 solidi
1633 2139 1774 2206 soterici
1793 2139 1874 2207 voni
1890 2156 1954 2226 per
1977 2149 2097 2224 caput;
2114 2137 2257 2206 finitum
2272 2141 2327 2205 est
2341 2137 2443 2224 enim,

596 2308 640 2361 ea
664 2265 830 2360 videlicet
852 2291 1011 2377 ratione,
1043 2293 1082 2358 ut
1106 2291 1288 2359 amodoet
1310 2309 1448 2376 semper
1471 2289 1595 2358 eadem
1618 2295 1740 2360 nostra
1761 2289 1998 2358 vinditionem
2022 2291 2190 2376 integra,
2215 2288 2312 2357 velut
2334 2287 2441 2375 prele-

598 2444 713 2532 gitur,
738 2447 844 2514 abere
868 2451 904 2513 et
927 2443 1105 2531 possidere
1130 2443 1279 2514 baleatis
1302 2447 1338 2512 et
1360 2443 1503 2512 lactatis
1526 2443 1668 2528 exinde,
1692 2442 1999 2528 quemammodum
2023 2441 2104 2528 tibi,
2128 2440 2184 2510 vel
2207 2442 2253 2511 ad
2277 2441 2349 2510 tuis
2371 2461 2441 2511 ere·
2509 2443 2511 2448 “

598 2595 704 2666 dibus
727 2597 924 2685 placuerit,
949 2597 1027 2665 sine
1051 2601 1175 2665 nostra
1197 2601 1234 2664 ct
1257 2596 1300 2664 de
1324 2597 1455 2664 nostris
1479 2597 1645 2666 eredibus
1668 2594 1952 2682 requisitionem.
1979 2594 2077 2663 Unda
2101 2595 2235 2682 guadia
2258 2597 2328 2664 tibi
2350 2595 2440 2665 dedi·

598 2767 678 2818 mus
701 2755 738 2818 et
763 2750 995 2819 mediatorem
1010 2751 1076 2820 tibi
1103 2752 1286 2837 posuimus
1310 2708 1400 2818 falco
1424 2749 1521 2817 filius
1544 2750 1713 2839 iaquinti,
1737 2755 1773 2820 et
1797 2751 1999 2838 obligamus
2022 2769 2086 2818 nos
2110 2755 2146 2818 et
2163 2755 2304 2818 nostros
2327 2749 2442 2819 eredes

597 2903 697 2971 vobis
722 2901 919 2970 cuiusdioto
942 2904 1093 2989 emptori
1117 2907 1239 2970 nostro
1262 2901 1458 2989 vestrisque
1481 2901 1681 2989 obligamus
1703 2903 1886 2990 eredibus,
1912 2907 2068 2972 uthans
2093 2909 2253 2971 nostram
2281 2901 2442 2970 vinditio·

597 3071 679 3122 nem
695 3055 852 3142 integra,
869 3054 967 3123 velut
984 3055 1195 3144 proloquitur,
1218 3073 1282 3122 nos
1304 3054 1404 3122 vobis
1427 3057 1473 3123 ab
1496 3056 1659 3122 omnibus
1677 3055 1882 3122 hominibus
1906 3057 1952 3124 ab
1975 3053 2140 3122 omnibus
2164 3017 2330 3142 partibus
2353 3055 2440 3123 auti·

596 3214 695 3277 stare
718 3216 754 3279 et
776 3209 964 3279 defendere
986 3212 1205 3298 debeamus3
1230 3211 1377 3298 quodsi
1401 3211 1645 3294 noluerimus,
1669 3212 1734 3276 aut
1757 3208 1787 3274 si
1814 3225 1877 3274 nos
1900 3208 1987 3294 ipsis
2012 3199 2074 3294 per
2104 3211 2233 3295 quabis
2258 3209 2438 3297 ingenium

598 3367 691 3432 hano
717 3369 839 3434 nostra
862 3365 1060 3433 vinditione
1084 3363 1182 3432 vobis
1206 3369 1390 3432 retornare
1415 3367 1479 3432 aut
1499 3363 1679 3429 remobere
1696 3361 1947 3448 quesierimus,
1971 3363 2099 3448 primis
2122 3365 2284 3430 omnium
2308 3363 2437 3449 questio

598 3522 720 3586 nostra
743 3519 865 3586 inanis
887 3525 923 3586 et
946 3517 1057 3586 tacita
1081 3517 1170 3604 sint,
1195 3522 1231 3586 et
1253 3517 1372 3585 decem
1388 3515 1490 3585 aurei
1514 3515 1618 3584 solidi
1641 3516 1863 3584 constantini
1886 3534 1951 3584 nos
1974 3521 2010 3584 et
2034 3521 2173 3584 nostros
2195 3517 2321 3584 eredes
2346 3517 2441 3584 vobis

596 3667 793 3737 cuiusdicto
816 3669 965 3755 emptori
991 3672 1113 3736 nostro
1137 3669 1335 3753 vestrisque
1359 3667 1523 3736 eredibus
1546 3685 1755 3754 componere
1778 3668 1994 3754 obligamus,
2018 3675 2054 3736 et
2080 3669 2117 3736 in
2143 3675 2252 3738 antea
2285 3669 2385 3738 taciti
2408 3673 2441 3736 et

597 3821 740 3888 confusi
755 3839 964 3890 maneamus
990 3840 1053 3909 per
1069 3820 1194 3889 invitis
1209 3839 1273 3907 per
1289 3820 1530 3906 supradictam
1553 3820 1741 3905 rationem,
1766 3822 1802 3888 et
1823 3837 1886 3906 per
1909 3819 2117 3906 supradicta
2141 3821 2280 3907 guadia
2303 3827 2338 3890 et
2360 3823 2445 3892 iam·

596 3974 732 4043 dictum
748 3974 996 4062 mediatorem,
1020 3973 1081 4060 qui
1100 3992 1137 4041 se
1153 3973 1285 4040 tribuit
1307 3973 1406 4039 vobis
1421 3972 1466 4040 ad
1485 3971 1748 4058 pignerandum
1773 3972 1896 4041 omnia
1912 3972 2067 4061 pignera
2083 3992 2149 4042 sua
2167 3973 2331 4061 legitima
2345 3981 2379 4043 et
2394 3975 2445 4042 in»

596 4125 773 4215 legitima,
798 4127 948 4214 tamdiu,
973 4127 1084 4195 donec
1109 4143 1173 4212 per
1197 4125 1323 4192 invitis
1346 4123 1607 4210 adimpleamus
1631 4124 1730 4192 vobis
1744 4125 1849 4193 'iusta
1873 4123 1955 4191 uius
1974 4128 2113 4193 textum
2130 4127 2288 4214 cartule,
2306 4133 2343 4197 et
2358 4130 2445 4195 hano

597 4279 775 4349 cartulam
799 4285 919 4346 nostre
943 4275 1154 4345 vinditionis
1177 4279 1265 4360 aput
1288 4293 1347 4342 vos
1370 4274 1468 4341 omni
1494 4277 1650 4361 tempore
1674 4277 1815 4345 firmam
1838 4283 1873 4345 et
1897 4278 2064 4347 stabilem
2086 4285 2314 4366 permaneat.
2341 4280 2443 4356 Quem

596 4437 631 4500 te
654 4430 826 4500 deusdede
849 4429 1040 4498 diaconum
1055 4434 1091 4497 et
1106 4427 1289 4496 notarium
1306 4429 1398 4496 hano
1414 4429 1592 4497 cartulam
1616 4435 1736 4500 nostre
1761 4432 1992 4500 vindictionis
2008 4432 2204 4502 asscribere
2224 4434 2443 4520 rogabimus,

597 4585 726 4652 Actum
750 4583 788 4650 in
812 4581 956 4651 civitate
981 4581 1130 4669 luceria,
1155 4581 1222 4657 Qui
1245 4585 1281 4648 et
1304 4579 1455 4648 interlui
1481 4581 1600 4650 Mense
1623 4587 1657 4651 et
1682 4582 1877 4653 indictione
1901 4584 2135 4670 superscripsi
2162 4583 2332 4654 feliciter.

641 4709 672 4825 †
697 4738 772 4824 Ego
795 4734 858 4820 qui
880 4753 987 4821 supra
1010 4735 1163 4823 agelfrid
1187 4734 1288 4804 ludes

644 4859 987 4976 †Qmm
1387 4861 1392 4872 '

643 5012 674 5129 †
698 5041 774 5126 Ego
796 5039 1007 5108 adelmanno
1030 5045 1119 5108 teste
1143 5057 1234 5109 sum.
