5310 7080
1007 528 1401 601 birtelllllct's
2019 523 2065 593 115

259 754 518 835 mensuratum
542 768 582 817 ec
605 767 687 816 vero
711 749 872 818 clausum
894 769 958 838 per
974 751 1142 856 iamdicte
1166 755 1249 820 finis
1272 760 1307 823 et
1321 757 1502 824 mensurio
1524 761 1636 824 totum
1659 761 1694 823 et
1718 754 1883 823 inclitum
1909 752 1996 820 illud
2020 772 2102 818 cum

260 901 379 968 omnia
403 900 500 967 intro
523 919 560 967 se
584 901 775 968 abentibus
799 901 1033 987 omnibusque
1066 903 1141 969 suis
1168 903 1397 990 pertinentiis
1428 909 1464 972 et
1492 923 1572 971 cum
1600 905 1677 972 vice
1700 904 1743 971 de
1767 905 1828 971 bia
1851 922 1918 970 sua
1942 901 2109 968 inclitum

261 1050 350 1118 illud
373 1051 465 1118 mihi
490 1053 566 1138 ipse
590 1057 712 1137 petrus
734 1053 911 1137 presbiter
937 1059 972 1121 et
995 1052 1223 1140 primicerius
1239 1075 1302 1140 per
1325 1056 1635 1123 demandationem
1660 1055 1773 1140 ipsius
1798 1056 1920 1123 abbati
1945 1053 1990 1122 ad
2014 1053 2109 1121 lavo·

263 1204 417 1271 randum
441 1209 477 1270 et
501 1204 693 1270 tenendum
718 1205 868 1272 tradidit
891 1205 956 1273 tali
980 1206 1126 1290 ordine,
1157 1205 1204 1272 ud
1236 1207 1359 1272 amodo
1390 1211 1426 1274 et
1451 1225 1588 1292 semper
1612 1205 1710 1271 omni
1736 1209 1889 1291 tempore
1914 1205 1959 1273 ad
1985 1209 2110 1272 nostra

261 1361 296 1422 et
319 1356 361 1424 de
385 1356 518 1424 nostris
542 1357 706 1424 eredibus
729 1356 803 1425 sint
825 1361 996 1444 potestate
1019 1375 1078 1424 eos
1093 1358 1286 1426 tenendum
1302 1363 1338 1425 et
1353 1356 1621 1444 dominandum,
1640 1363 1675 1425 et
1690 1357 1789 1424 fobee
1805 1362 1841 1424 et
1857 1357 1971 1423 omnis
1988 1361 2112 1424 nostre

262 1507 433 1576 utilitatis
457 1510 552 1577 iusta
577 1509 755 1578 rationem
780 1511 914 1577 ibidem
942 1511 1132 1596 faciamus,
1157 1513 1193 1576 et
1217 1509 1348 1576 ibidem
1371 1509 1590 1576 resideamus
1613 1513 1649 1576 et
1673 1508 1863 1595 abitemus,
1885 1514 1920 1576 et
1936 1511 2010 1576 tota
2035 1510 2114 1594 ipsa

261 1661 420 1728 clusuria
447 1663 490 1729 de
514 1667 612 1730 terra
635 1683 715 1730 cum
739 1665 896 1732 arbustis
920 1665 1003 1730 abto
1025 1667 1182 1749 tempore
1213 1662 1301 1730 illud
1326 1663 1527 1730 laboremus
1558 1667 1594 1728 et
1617 1662 1791 1728 cultemus
1816 1661 1988 1748 desuper
2013 1663 2113 1730 etde

265 1815 400 1898 subter,
424 1815 525 1882 sicud
551 1815 647 1882 locus
672 1817 747 1900 ipse
771 1815 958 1901 meruerit,
981 1821 1158 1900 quatenus
1181 1815 1371 1901 proficiant
1392 1819 1428 1882 et
1444 1833 1514 1880 non
1537 1815 1756 1901 dispereant,
1780 1821 1816 1882 et
1839 1815 1898 1881 ubi
1924 1816 2112 1900 meruerit,

263 1967 361 2033 inlra
385 1966 460 2052 ipso
485 1970 670 2035 arbustum
694 1969 839 2035 arbores
863 1973 899 2036 et
923 1967 1013 2035 vites
1029 1975 1218 2054 pastenare
1233 1973 1270 2037 et
1285 1969 1537 2058 propaginare,
1556 1987 1620 2035 nos
1637 1973 1757 2037 autem
1779 1971 1815 2036 et
1839 1970 1970 2036 nostris
1993 1967 2108 2036 eredi-

266 2119 340 2210 bus
358 2119 446 2186 illud
473 2119 604 2187 ibidem
630 2126 857 2206 pastenemus
872 2125 909 2188 et
923 2123 1096 2188 cultemus
1119 2123 1220 2190 sicud
1242 2123 1425 2207 meruerit,
1451 2125 1487 2189 et
1510 2121 1570 2188 ubi
1595 2121 1791 2206 meruerit,
1816 2118 1904 2186 illud
1927 2120 2113 2188 cludamus

260 2276 295 2338 et
317 2271 455 2339 clusum
478 2276 674 2360 abeamus,
699 2273 800 2342 sicud
823 2277 1020 2361 meruerit3
1045 2282 1080 2342 et
1103 2294 1165 2362 per
1190 2273 1369 2342 vindemie
1392 2280 1548 2358 tempore
1573 2271 1747 2339 faciamus
1771 2271 1863 2340 scire
1887 2272 1963 2357 ipse
1987 2276 2114 2358 petrus

263 2425 437 2510 presbiter
454 2431 490 2494 et
506 2428 747 2513 primicerius,
761 2427 818 2496 vel
835 2446 920 2524 pars
937 2427 1049 2514 ipsius
1065 2427 1225 2513 ecclesie,
1242 2427 1289 2498 ud
1305 2425 1448 2512 dirigad
1465 2426 1597 2494 ibidem
1612 2425 1760 2491 missum
1783 2443 1899 2510 suum,
1924 2431 1961 2493 et
1982 2445 2048 2512 ego
2071 2431 2108 2494 et

262 2577 349 2644 meis
366 2577 530 2646 eredibus
554 2586 666 2648 totum
681 2583 757 2666 ipso
774 2583 959 2649 arbustum
975 2583 1057 2649 abto
1072 2585 1228 2666 tempore
1246 2580 1516 2665 vindemiemus,
1533 2576 1633 2644 sicud
1650 2577 1834 2662 meruerit,
1852 2581 1887 2644 et
1902 2583 2013 2644 totum
2031 2580 2108 2665 ipso

262 2727 386 2794 vinum
412 2729 533 2816 ibique
556 2732 602 2799 ad
624 2733 843 2817 palmentum
868 2730 957 2799 illud
980 2732 1074 2798 inter
1090 2749 1155 2796 nos
1169 2731 1369 2798 dividamus
1393 2749 1455 2814 per
1480 2728 1659 2795 medium:
1685 2727 1760 2813 ipse
1784 2735 1906 2814 petrus
1929 2731 2107 2814 presbiter

261 2879 314 2947 vel
340 2900 425 2967 pars
450 2885 563 2968 ipsius
585 2884 733 2950 ecclesie
757 2883 867 2950 tollad
884 2882 959 2969 ipso
976 2883 1099 2948 vinum
1114 2883 1354 2967 medietatem,
1370 2887 1406 2948 et
1421 2899 1486 2968 ego
1510 2886 1545 2949 et
1562 2881 1650 2948 meis
1673 2879 1837 2948 eredibus
1860 2881 2027 2949 tollamus
2053 2901 2108 2950 re-

260 3051 329 3116 qua
353 3033 557 3120 medietate,
582 3039 618 3102 et
641 3036 821 3120 portemus
845 3032 921 3120 ipsa
949 3051 1072 3100 eorum
1095 3034 1251 3102 sortione
1279 3035 1322 3101 de
1351 3037 1426 3122 ipso
1458 3035 1582 3102 vinum
1611 3033 1790 3119 usquead
1814 3033 1987 3121 cellario,
2012 3038 2106 3122 quod

259 3203 343 3270 pars
367 3185 480 3272 ipsius
504 3185 651 3254 ecclesie
673 3189 755 3254 abet
789 3187 827 3254 in
852 3187 927 3272 ipso
953 3185 1067 3253 locum
1098 3187 1246 3255 nuceria
1276 3207 1298 3253 a
1323 3186 1347 3253 li
1372 3185 1507 3272 pariti,
1538 3189 1574 3253 et
1597 3185 1815 3272 adsingnare
1845 3184 1947 3252 nobis
1972 3186 2105 3257 ibidem

261 3353 456 3423 organeum
479 3357 609 3406 vonum
632 3338 677 3408 da
700 3338 838 3424 vinum,
863 3343 899 3406 et
921 3355 985 3403 nos
999 3341 1036 3404 et
1050 3338 1180 3405 nostris
1196 3337 1360 3406 eredibus
1382 3356 1579 3424 organeum
1603 3337 1719 3424 ipsum
1742 3355 1873 3405 vonum
1896 3339 2105 3408 conciemus

261 3495 297 3557 et
322 3508 536 3576 reponamus
561 3489 693 3578 inipso
717 3509 914 3580 organeum
938 3490 1017 3577 ipsa
1039 3510 1105 3560 sua
1126 3496 1281 3560 sortione
1305 3493 1348 3560 de
1371 3493 1447 3580 ipso
1469 3493 1616 3576 vinum3
1644 3495 1680 3559 et
1703 3491 1788 3559 dum
1812 3489 1943 3559 ibidem
1966 3493 2107 3560 steterit

263 3643 339 3728 ipso
363 3644 524 3729 missum,
549 3661 612 3710 nos
635 3648 671 3711 et
694 3645 825 3711 nostris
848 3644 1012 3712 eredibus
1035 3644 1123 3710 illud
1140 3644 1339 3712 nutriemus
1362 3645 1555 3712 secundum
1580 3649 1704 3712 nostra
1726 3643 1958 3731 possivilitate
1982 3648 2019 3711 et
2042 3644 2101 3712 de-

262 3815 339 3862 mus
361 3797 394 3863 ei
418 3795 694 3884 palmentateca,
718 3797 818 3864 sicud
840 3799 1027 3882 meruerit,
1053 3801 1179 3882 etque
1203 3797 1327 3865 amodo
1343 3803 1379 3864 et
1402 3815 1539 3884 semper
1564 3795 1694 3864 ibidem
1717 3796 2028 3880 seminaverimus,
2045 3797 2105 3864 de-

261 3968 337 4016 mus
360 3950 443 4017 inde
466 3950 512 4019 ad
536 3950 612 4038 ipso
635 3955 759 4038 petrus
782 3949 955 4036 presbiter
988 3950 1043 4017 vel
1075 3952 1120 4020 ad
1151 3969 1235 4038 pars
1259 3952 1371 4040 ipsius
1394 3950 1542 4018 ecclesie
1565 3948 1776 4018 terraticum
1800 3949 1995 4016 secundum
2020 3969 2106 4022 ¹con-

261 4105 485 4172 suetudinem
509 4105 552 4172 de
575 4105 652 4189 ipso
678 4105 815 4189 locum,
840 4111 876 4172 et
899 4105 1004 4191 quale
1028 4109 1184 4193 tempore
1216 4126 1281 4194 ego
1304 4112 1341 4174 et
1363 4107 1451 4176 meis
1474 4107 1639 4176 eredibus
1661 4105 1751 4172 illud
1774 4123 1837 4190 per
1861 4104 1936 4188 ipse
1961 4102 2047 4168 flnis
2070 4109 2107 4171 et

260 4259 440 4326 mensurio
465 4265 587 4326 tenere
611 4265 646 4326 et
672 4259 835 4328 lavorare
852 4277 923 4325 non
939 4260 1169 4343 boluerimuS,
1188 4260 1313 4328 inclita
1330 4260 1406 4346 ipsa
1421 4263 1525 4328 rebus
1541 4260 1702 4328 laborata
1726 4265 1762 4325 et
1785 4259 1921 4325 cultata
1944 4263 1979 4324 et
2003 4257 2104 4323 clusa

262 4409 487 4480 remittamus
510 4411 556 4480 ad
579 4415 754 4498 potestate
778 4411 892 4498 ipsius
914 4411 1083 4498 ecclesie,
1109 4417 1145 4480 et
1166 4412 1279 4481 licead
1302 4431 1366 4480 nos
1388 4419 1424 4480 et
1446 4412 1577 4480 nostris
1600 4411 1765 4480 eredibus
1789 4411 1871 4477 inde
1894 4409 2102 4479 disturbare

262 4562 429 4650 reditum,
452 4568 488 4632 et
511 4567 675 4632 excotere
691 4567 726 4632 et
740 4535 856 4630 omnis
879 4567 1002 4632 nostra
1026 4583 1135 4635 causa
1158 4566 1317 4652 movilia,
1340 4569 1375 4631 et
1392 4563 1446 4632 ire
1469 4581 1550 4630 cum
1573 4563 1663 4630 illud
1687 4563 1750 4630 ubi
1773 4561 2008 4650 boluerimus,
2024 4565 2105 4635 sine

260 4717 513 4785 contrarietate
537 4716 650 4802 ipsius
672 4718 765 4802 petri
789 4717 980 4803 presbiteri
1004 4718 1059 4786 vel
1082 4719 1125 4786 de
1141 4739 1225 4806 pars
1247 4719 1358 4806 ipsius
1381 4717 1540 4787 ecclesie.
1567 4719 1665 4786 Unde
1688 4736 1753 4805 pro
1775 4717 1899 4788 taliter
1923 4736 1987 4804 per
2012 4737 2106 4790 vona

260 4869 508 4940 convenientia
531 4891 594 4959 per
617 4871 925 4941 demandationem
949 4873 1060 4959 ipsius
1083 4873 1203 4944 abbati
1227 4874 1361 4962 guadia
1377 4873 1468 4940 mihi
1484 4875 1559 4958 ipse
1573 4876 1696 4960 petrus
1719 4873 1896 4959 presbiter
1918 4879 1954 4941 et
1976 4876 2104 4961 primi·

259 5025 375 5092 cerins
398 5023 508 5110 dedit,
532 5030 569 5092 et
591 5025 821 5093 mediatorem
836 5027 925 5094 mihi
943 5029 1062 5113 posuit
1085 5028 1273 5114 iaquintus
1297 5028 1467 5097 diaconus
1490 5033 1526 5095 et
1549 5025 1778 5113 primicerius
1800 5026 1897 5094 filius
1919 5028 2104 5116 gaudiosi3

258 5179 292 5242 et
313 5195 376 5262 per
401 5176 478 5264 ipsa
502 5177 639 5265 guadia
662 5182 726 5248 etc.
752 5179 920 5264 Sequitur
942 5182 1103 5265 formula
1120 5185 1297 5266 consueto,
1314 5184 1453 5248 statuto
1477 5181 1591 5250 muto
1616 5181 1773 5265 impiata
1796 5182 1883 5246 eum
1904 5181 2102 5248 solidorum
2144 5169 2147 5174 ’

259 5331 647 5398 constantinianam.
673 5334 920 5399 berumtamen
942 5335 978 5398 et
994 5349 1034 5400 oc
1051 5351 1301 5418 memoramus,
1317 5331 1405 5418 quia
1421 5332 1629 5418 supradicta
1652 5329 1821 5400 tradictio
1843 5323 1995 5398 tradidit
2012 5331 2104 5398 mihi

258 5480 330 5566 ipse
353 5487 476 5567 petrus
498 5485 670 5570 presbiter
693 5503 756 5570 per
780 5484 1090 5570 demandationem
1114 5485 1226 5574 ipsius
1241 5487 1363 5556 abbati
1380 5503 1453 5554 una
1476 5505 1555 5553 cum
1578 5491 1702 5570 petrus
1724 5503 1853 5573 comes,
1879 5487 1942 5572 qui
1965 5492 2019 5555 est
2042 5489 2105 5556 ad-

260 5635 398 5702 bocator
422 5638 459 5702 et
482 5654 592 5704 unum
616 5637 658 5706 de
673 5635 808 5704 domini
825 5637 938 5724 ipsius
953 5637 1113 5725 ecclesie,
1133 5657 1196 5725 per
1212 5638 1420 5725 supradicta
1436 5638 1572 5726 guadia
1595 5637 1716 5706 omnia
1740 5640 1983 5724 suprascripta
2005 5642 2102 5710 omni

258 5791 414 5874 tempore
438 5789 527 5858 mihi
545 5790 639 5858 etad
663 5792 758 5858 meis
779 5790 943 5858 eredibus
967 5795 1071 5860 natos
1086 5796 1255 5860 nascente
1271 5793 1346 5879 ipse
1361 5796 1472 5863 abbas
1488 5799 1524 5862 et
1539 5793 1615 5862 suis
1638 5793 1916 5879 successoribus,
1940 5792 1996 5860 vel
2018 5811 2103 5879 pars

405 5939 472 5998 Tou.
496 5956 532 5998 ιν.
1934 5945 1951 6002 9
