5376 7104
990 544 1397 618 uIPLonrnrrdus
1999 542 2065 616 181

260 771 435 838 timentem
459 767 502 837 de
527 766 605 856 ipsa
627 770 745 837 rebus.
773 787 883 838 unum
908 771 1127 861 iudicatum,
1152 773 1307 860 qualiter
1332 772 1505 842 iohannes
1528 771 1628 840 saber
1652 768 1712 856 qui
1729 769 1872 857 periens
1896 771 2056 858 beentur,
2072 771 2115 836 fi-

259 922 330 992 lius
354 923 530 1010 iohanni,
553 923 773 993 causaberad
797 942 877 992 cum
903 924 1138 994 adelmundus
1159 925 1234 995 illio
1257 925 1479 1014 aghenardi,
1507 929 1548 994 ut
1571 925 1646 1012 ipse
1670 922 1906 993 adelmundus
1930 942 2011 992 oum
2043 923 2113 992 filii

260 1081 296 1144 et
320 1073 503 1144 ominibus
526 1075 600 1144 suis
622 1077 716 1146 malo
732 1077 881 1146 hordine
899 1077 1084 1147 introisset
1102 1078 1141 1144 in
1157 1081 1264 1148 rebus
1279 1079 1392 1174 ipsius
1407 1078 1519 1166 periei
1536 1078 1579 1146 de
1595 1078 1670 1164 ipso
1687 1075 1799 1144 locum
1825 1075 1962 1144 fellino:
1980 1075 2112 1163 scripto

261 1229 460 1298 iudicatum
485 1231 599 1316 ipsum
625 1249 689 1317 per
705 1231 959 1300 constantinus
974 1231 1150 1319 notarius,
1167 1239 1201 1299 et
1217 1231 1347 1299 ibidem
1363 1231 1535 1319 scriptum
1550 1226 1657 1318 gaido
1674 1229 1794 1298 iudex.
1811 1248 1924 1298 unum
1946 1231 2104 1316 brebem,

261 1381 421 1468 qualiter
445 1382 580 1452 andrea
603 1382 698 1452 filius
722 1383 874 1452 iohanni
900 1384 1000 1453 saber
1024 1384 1216 1452 coniuntus
1245 1381 1312 1450 suit
1334 1383 1380 1462 ad
1403 1381 1665 1451 combenientia
1695 1401 1776 1450 oum
1804 1400 1887 1450 urso
1918 1380 2047 1450 clerico
2077 1391 2114 1451 et

263 1536 387 1622 p'etrus
410 1539 574 1624 germani
598 1538 651 1606 sui
678 1541 822 1626 propter
846 1541 947 1608 terra
965 1556 1046 1605 cum
1063 1537 1169 1606 binea
1185 1538 1228 1605 de
1245 1539 1321 1624 ipso
1339 1537 1454 1604 locum
1470 1534 1591 1605 selline
1606 1555 1671 1624 pro
1687 1537 1857 1624 sortione,
1873 1536 1965 1624 quod
1982 1536 2112 1606 exinde

266 1690 447 1778 superflua
470 1690 596 1760 tollere
619 1690 814 1778 querebad‚
832 1691 924 1778 quod
948 1690 1119 1760 dixerunt
1141 1695 1305 1777 paratam
1321 1693 1454 1760 habere
1470 1694 1612 1778 aparte
1636 1690 1770 1759 andree
1793 1690 1974 1759 abitantes
1997 1690 2040 1758 de
2056 1709 2115 1759 ca-

264 1845 476 1932 put-aquis,
499 1849 536 1914 61
558 1845 605 1914 da
629 1845 830 1914 domnanda
855 1862 967 1913 uxore
989 1863 1067 1914 sua:
1093 1844 1228 1932 scripto
1256 1847 1342 1916 erad
1366 1847 1508 1913 brebem
1540 1846 1655 1932 ipsum
1679 1864 1741 1932 per
1771 1848 1894 1932 petrus
1923 1845 2115 1934 notariuS,

261 2002 297 2065 et
321 1995 451 2064 ibidem
475 1997 600 2086 scripti
624 1997 831 2086 rodelghisi‚
856 2003 893 2066 et
910 1997 1101 2086 audelassi‚
1118 2001 1154 2067 et
1169 2001 1304 2086 petrus.
1330 1996 1451 2066 Alium
1474 1998 1632 2084 brebem,
1656 1995 1812 2082 qualiter
1835 2014 1900 2084 ego
1924 1995 2113 2065 coniuntus

207 2201 216 2218 .
261 2147 330 2216 fuit
352 2167 434 2216 cum
457 2153 581 2236 petrus
604 2149 682 2218 thio
706 2169 806 2218 meus
829 2154 865 2218 et
889 2149 1081 2218 dibidimus
1105 2150 1200 2220 inter
1224 2169 1289 2218 nos
1314 2151 1394 2238 ipsa
1416 2152 1535 2237 rebus,
1559 2153 1654 2218 sicut
1680 2151 1754 2236 ipso
1770 2153 1920 2220 'brebem
1935 2150 2111 2220 continet:

260 2301 392 2389 scripto
416 2304 560 2371 brebem
583 2304 701 2390 ipsum
724 2322 787 2390 per
812 2303 1013 2373 romoaldus
1037 2303 1222 2390 notarius,
1247 2305 1435 2372 roboratus
1458 2303 1689 2371 sufficienter.
1722 2305 1762 2370 ln
1792 2322 1832 2371 oc
1862 2303 2013 2373 hordine
2036 2304 2112 2391 ipse

262 2457 519 2542 scriptionibus
542 2457 609 2526 tibi
634 2459 679 2526 ad
702 2457 942 2526 defensionem
966 2457 1144 2545 dedimuS,
1167 2467 1222 2544 ut,
1247 2459 1389 2547 quando
1412 2463 1451 2527 tu
1474 2458 1529 2527 vel
1552 2459 1625 2526 tuis
1648 2458 1814 2526 eredibus
1839 2459 1882 2526 de
1905 2459 2114 2546 supradicta

263 2615 389 2679 nostra
412 2611 630 2680 bindictione
654 2631 717 2698 per
741 2629 801 2678 vos
825 2611 911 2699 ipsis
934 2611 1119 2681 bolueritis
1142 2617 1233 2680 esset
1257 2615 1419 2680 auctores
1443 2617 1479 2681 et
1502 2611 1716 2698 defensores,
1736 2615 1948 2700 potestatem
1971 2614 2112 2684 abeatis

265 2764 344 2832 bioe
368 2769 506 2850 nostra,
531 2785 609 2834 cum
635 2766 706 2836 ista
729 2767 872 2836 cartula
894 2770 931 2834 et
954 2783 1035 2833 oum
1060 2767 1135 2854 ipse
1157 2765 1423 2852 scriptionibus
1448 2784 1553 2854 quem
1579 2765 1678 2833 vobis
1693 2765 1738 2833 ad
1753 2765 1995 2834 defensionem
2011 2765 2116 2834 dedi-

193 2992 218 3016 .-
265 2935 359 3004 mus,
383 2922 522 2986 etcum
546 2919 652 3004 quale
677 2920 751 2989 alia
773 2920 955 2988 monimen
978 2924 1015 2988 et
1036 2920 1178 2989 ratione
1200 2938 1269 3006 que
1291 2919 1373 2988 inde
1397 2924 1505 2990 abere
1528 2921 1733 3008 potueritiS,
1764 2919 1803 2987 in
1837 2920 2001 2988 omnibus
2031 2920 2115 2991 inde

262 3091 411 3142 causare
434 3077 471 3142 et
494 3071 603 3142 finem
626 3074 762 3163 iacere,
787 3075 942 3163 qualiter
967 3073 1174 3160 bolueritis3
1201 3092 1299 3162 nam,
1324 3074 1467 3161 quando
1492 3093 1548 3143 me
1573 3065 1628 3142 vel
1652 3093 1748 3142 meos
1771 3074 1894 3142 eredes
1918 3073 1961 3142 de
1985 3091 2116 3160 supra·
2147 3136 2151 3144 ,

263 3225 362 3294 diota
385 3247 465 3296 mea
488 3228 709 3297 bindictione
732 3228 938 3316 quesieritis
954 3227 1086 3296 exinde
1102 3228 1209 3296 abere
1227 3231 1409 3296 auctorem
1426 3231 1462 3296 et
1476 3227 1673 3314 defensore,
1691 3225 1869 3296 remictite
1885 3227 1931 3296 ad
1945 3230 2106 3297 nostram

258 3383 471 3468 potestatem
494 3382 699 3470 supradicte
721 3383 989 3470 scriptionibus,
1013 3401 1118 3470 quem
1145 3383 1242 3450 vobis
1265 3379 1310 3449 ad
1332 3378 1575 3460 defensionem
1591 3375 1768 3465 dedimus,
1786 3378 1831 3446 ad
1848 3381 2025 3449 abendum
2043 3399 2107 3450 nos
2196 3375 2197 3378 ’

257 3535 319 3605 1116
341 3555 452 3624 usque
476 3537 552 3606 dies
575 3537 729 3626 triginta
745 3557 824 3626 sex,
839 3542 875 3608 et
890 3555 955 3606 nos
970 3539 1007 3606 61
1023 3536 1157 3605 nostris
1172 3533 1338 3603 eredibus
1353 3532 1435 3602 illut
1452 3531 1551 3600 vobis
1565 3532 1802 3620 defensemus
1819 3533 1914 3601 sicut
1937 3536 2106 3620 superius
2215 3621 2217 3626 Ι

262 3687 411 3778 legitur,
435 3709 514 3758 cum
539 3691 616 3758 bice
639 3689 682 3758 de
707 3688 766 3760 bia
790 3708 867 3777 sua,
892 3689 1082 3776 sicutipse
1106 3689 1249 3756 brebem
1272 3687 1462 3758 dibisionis
1485 3687 1658 3774 continet,
1683 3685 1746 3773 qui
1770 3685 1943 3772 scriptum
1967 3690 2021 3753 est
2044 3703 2109 3770 per

255 3839 376 3928 ipsum
400 3842 602 3912 romoaldus
625 3844 801 3930 notarins3
826 3848 862 3913 61
884 3848 965 3932 post
988 3841 1182 3931 complitim
1199 3842 1268 3930 ipsi
1284 3841 1440 3928 triginta
1456 3858 1519 3908 sex
1534 3838 1610 3907 dies
1627 3838 1701 3926 ipse
1718 3835 1973 3925 scriptionibus
1996 3837 2111 3926 salbe,

177 3964 181 3970 ¹
258 3995 366 4082 quale
390 3995 452 4065 ille
474 3994 578 4064 nobis
600 3995 797 4084 dederitis,
821 3996 1051 4065 remittamus
1080 3993 1141 4064 1116
1169 3995 1215 4064 ad
1245 3999 1398 4064 vestram
1421 3997 1657 4081 potestatem,
1688 3991 1734 4061 ad
1757 3992 1938 4061 abendnm
1961 4009 2022 4061 vos
2048 3992 2109 4062 ille

256 4150 355 4220 salbe
378 4151 474 4218 omni
497 4155 653 4240 tempore
678 4153 717 4221 in
741 4149 914 4222 iamdicta
936 4151 1088 4222 ratione.
1114 4153 1159 4220 111
1183 4150 1214 4218 61
1238 4149 1360 4220 taliter
1384 4150 1506 4220 omnia
1528 4147 1772 4236 suprascripta
1796 4149 1862 4217 tibi
1881 4149 2005 4235 tuique
2028 4166 2107 4218 ere·

254 4307 359 4376 dibus
381 4325 452 4376 non
475 4306 802 4396 adimpleberimuS‚
818 4309 855 4374 et
870 4306 1012 4394 aliquit,
1036 4307 1080 4375 (16
1095 4311 1269 4393 quantum
1285 4307 1451 4395 superius
1476 4305 1623 4395 legitur,
1646 4306 1827 4373 remobere
1850 4309 1917 4372 aut
1940 4308 2107 4372 contrare

258 4465 516 4554 quesierimus,
539 4469 603 4535 aut
626 4467 658 4534 si
681 4467 926 4553 quodcumque
948 4465 1173 4534 causationes
1203 4461 1287 4531 inde
1312 4461 1413 4530 vobis
1436 4461 1741 4550 proposuerimus,
1771 4478 1835 4546 per
1859 4458 1939 4546 ipsa
1971 4459 2108 4548 guadia

259 4636 469 4707 componere
492 4619 609 4710 obligo
631 4639 687 4689 me
702 4623 739 4690 et
752 4636 848 4690 meos
864 4619 986 4688 eredes
999 4615 1067 4686 tibi
1084 4616 1210 4705 tuique
1224 4615 1390 4686 eredibus
1404 4613 1559 4702 triginta
1583 4614 1666 4682 auri
1688 4611 1818 4680 solidos
1840 4611 2105 4695 constantinos,

260 4778 298 4843 et
322 4773 444 4844 omnia
467 4772 711 4864 suprascripta
734 4771 834 4842 vobis
855 4771 1124 4858 adimpleamus,
1148 4775 1184 4840 61
1199 4769 1337 4858 questio
1356 4771 1392 4839 et
1407 4767 1571 4840 causatio
1594 4769 1717 4835 nostra
1742 4767 1819 4836 sint
1840 4767 1971 4838 exinde
1993 4769 2109 4838 tacita

252 4933 291 4998 et
314 4930 441 5000 bacna.
467 4931 512 5000 Et
534 4931 658 5000 taliter
688 4928 845 4999 scribere
874 4928 1083 5017 rogabimus
1114 4929 1151 4996 te
1180 4924 1366 5013 iaquintus
1388 4922 1566 5010 notarius,
1583 4924 1703 4992 actum
1725 4923 1880 4994 salerno.

299 5055 331 5171 †
355 5085 431 5174 Ego
454 5084 551 5156 maio

301 5210 332 5325 †
357 5240 434 5328 Ego
456 5235 611 5309 arechisi
634 5236 798 5308 notarius
820 5255 876 5306 me
900 5234 1090 5322 subscripsi

298 5365 330 5481 †
355 5394 431 5482 Ego
452 5398 575 5483 petrus
597 5394 760 5463 notarius
783 5411 838 5462 me
862 5389 1071 5478 subscripsi.

941 5746 1380 5758 *—
