5310 7080
632 567 678 639 80
916 673 918 678 Ι
1279 529 1451 640 oonux
1477 568 1742 640 clususrs

586 792 721 859 invitus
745 795 909 880 conplere
933 795 1074 879 deveat,
1099 799 1134 861 et
1157 793 1322 862 chartula
1345 796 1413 863 ista
1437 794 1542 861 firma
1565 796 1775 880 permaneat
1799 792 1837 857 in
1861 791 2042 878 presentia
2065 790 2207 859 testium
2237 789 2339 857 leone
2362 789 2433 856 filio

585 951 687 1030 petro
709 945 752 1012 de
776 946 952 1032 campulo,
977 945 1140 1013 mirando
1164 945 1237 1012 filio
1261 945 1354 1012 leoni
1378 947 1529 1032 comitis,
1554 949 1659 1011 tauro
1683 945 1755 1012 illio
1778 943 1997 1012 constantini
2021 943 2064 1010 de
2087 947 2191 1011 tauro
2217 943 2358 1011 comite.

631 1071 661 1184 †
686 1117 752 1183 ego
776 1117 880 1166 ursus
905 1101 1022 1167 scriva
1046 1099 1186 1185 scripsi.

1326 1731 1697 1814 DLXXXVII.

1365 2025 1421 2104 A.
1450 2021 1501 2100 D.
1530 2019 1659 2102 1006.

631 2269 730 2410 †ln
754 2320 899 2387 nomine
923 2316 1056 2385 domini
1080 2317 1203 2382 octabu
1226 2313 1360 2382 decimo
1384 2331 1479 2380 anno
1504 2313 1727 2400 principatus
1749 2311 1869 2378 domni
1893 2311 2006 2378 nostri
2030 2311 2247 2397 guarimarii
2277 2311 2432 2398 glorioso

585 2473 762 2559 principe,
786 2489 906 2540 mense
932 2469 1052 2554 iulius,
1078 2469 1208 2554 quarta
1232 2466 1436 2534 indictione.
1461 2463 1748 2532 Memoratorium
1772 2463 1908 2530 factum
1932 2482 1955 2530 a
1979 2481 2036 2530 me
2058 2463 2165 2530 disiio
2188 2464 2232 2530 de
2255 2463 2435 2532 mitiliano

591 2622 669 2689 illio
693 2621 923 2710 ingnelgardi
948 2620 1135 2706 presbiteri
1161 2622 1245 2686 ante
1268 2617 1459 2685 subscribti
1483 2621 1589 2683 testes
1605 2614 1738 2683 tradidi
1755 2615 1847 2700 petri
1864 2613 1907 2681 de
1923 2614 2044 2682 amalfi
2060 2616 2134 2682 filio
2151 2616 2238 2703 ursi,
2255 2620 2295 2683 ut
2312 2616 2434 2684 liceret

583 2773 648 2840 ille
673 2773 854 2841 abscidere
878 2773 1004 2858 lingna
1026 2770 1070 2838 de
1094 2769 1294 2838 montaneis
1318 2769 1463 2853 nostris,
1488 2767 1580 2851 quod
1603 2785 1668 2853 ego
1691 2769 1726 2833 et
1750 2766 1854 2835 lando
1883 2785 2077 2854 germanus
2101 2786 2200 2836 meus
2224 2771 2371 2836 abemus
2395 2769 2433 2833 in

581 2923 724 3009 solemn,
749 2929 784 2992 et
807 2926 941 3009 oetara,
966 2928 1002 2989 et
1024 2921 1237 3007 carbonara,
1262 2925 1298 2988 et
1321 2920 1476 3004 ferolitu3
1502 2919 1597 2987 inira
1620 2938 1659 2987 ec
1683 2918 1765 2985 finis
1781 2919 1861 2987 illut
1876 2919 1908 2986 ei
1925 2921 2078 2990 tradidi:
2097 2923 2139 2989 de
2157 2939 2229 2990 una
2245 2927 2347 3007 parte
2364 2923 2434 2988 fine

582 3076 699 3144 medio
722 3075 828 3142 dubio
852 3074 895 3140 de
918 3075 1137 3141 carbonara:
1164 3073 1206 3140 de
1231 3071 1304 3140 alia
1327 3075 1428 3157 parte
1450 3071 1533 3156 line,
1559 3069 1651 3138 siout
1674 3071 1845 3139 discernit
1867 3073 1985 3142 media
2009 3092 2110 3143 serra
2134 3075 2176 3142 de
2200 3073 2343 3162 falerno,
2368 3077 2430 3162 qui

583 3233 619 3295 et
644 3229 722 3314 ipsa
746 3245 845 3294 serra
870 3223 1022 3292 dicernit
1044 3223 1090 3291 da
1114 3222 1184 3291 fine
1206 3226 1341 3290 nostra:
1368 3223 1414 3290 da
1431 3229 1531 3308 parte
1557 3223 1704 3292 meridie
1728 3225 1799 3291 line
1822 3224 1925 3294 vinee
1947 3205 1990 3293 de
2014 3227 2128 3294 locum
2145 3227 2251 3294 ercle:
2269 3227 2432 3313 desuper

583 3379 702 3462 capite
726 3377 796 3443 line
821 3375 1021 3445 montaneis
1045 3375 1087 3442 de
1112 3373 1246 3460 amalfi,
1272 3393 1339 3460 que
1363 3375 1495 3442 dicitur
1518 3375 1646 3459 vitice3
1671 3395 1733 3461 per
1766 3378 1832 3444 iste
1866 3378 1949 3446 finis
1973 3379 2107 3446 tradidi
2132 3381 2245 3466 ipsius
2269 3380 2361 3466 petri
2386 3379 2438 3454 ad

584 3528 818 3596 laborandum
843 3528 920 3594 vice
944 3543 1022 3593 mea
1046 3529 1081 3593 et
1104 3526 1179 3592 vice
1202 3525 1349 3594 liutardi
1366 3531 1543 3594 consortes
1560 3543 1655 3594 meos
1670 3531 1706 3594 et
1722 3529 1799 3595 vioe
1815 3527 1928 3613 ipsius
1945 3529 2092 3597 landoni
2108 3549 2301 3618 germanus
2317 3549 2429 3617 meuS,

586 3685 628 3748 ut
654 3679 714 3746 illc
738 3685 773 3746 et
797 3679 872 3746 eius
895 3679 1016 3746 eredes
1032 3681 1135 3744 tanta
1153 3677 1279 3762 lingna
1295 3678 1424 3744 exinde
1441 3678 1634 3762 abscidere,
1653 3684 1692 3745 ut
1707 3680 1888 3748 sufficiant
1903 3681 1937 3748 ei
1952 3681 2186 3750 laborandum
2203 3688 2338 3754 metere
2354 3685 2381 3766 ¹)
2396 3691 2430 3752 et

586 3831 660 3900 alia
685 3850 794 3900 causa
817 3849 880 3916 pro
902 3833 1152 3916 paramentum
1176 3829 1218 3894 de
1243 3847 1315 3896 una
1340 3832 1462 3914 barca,
1478 3835 1514 3896 et
1536 3830 1632 3897 dedit
1655 3832 1756 3898 nobis
1778 3833 1911 3901 exinde
1934 3851 2079 3901 censum
2101 3835 2170 3902 duo
2186 3837 2267 3906 auri
2291 3841 2376 3927 tari3
2394 3845 2430 3908 et

586 3983 616 4049 si
645 3981 724 4068 plus
749 3981 878 4050 ibidem
903 3982 1067 4050 laborare
1091 3980 1281 4065 boluerint,
1305 3981 1472 4047 similiter
1497 3983 1590 4050 iusta
1612 3983 1788 4050 rationem
1812 3983 1894 4052 inde
1918 3985 2019 4052 nobis
2042 4003 2186 4054 censum
2209 3990 2308 4059 dare.
2336 3993 2426 4060 unde

584 4138 718 4224 guadia
743 4135 850 4204 nlichi
875 4135 984 4222 dedit,
1000 4139 1036 4202 et
1051 4133 1283 4203 mediatorem
1306 4134 1416 4246 michi
1441 4136 1556 4220 posuit
1578 4136 1745 4222 seipsum3
1770 4139 1805 4204 et
1828 4156 1891 4224 per
1907 4139 1986 4223 ipsa
2000 4140 2135 4226 guadia
2150 4142 2326 4230 obligavit
2342 4163 2380 4212 se
2396 4151 2430 4212 et

583 4308 664 4358 suos
689 4291 823 4375 eredeS,
847 4292 887 4354 ut
910 4288 940 4354 si
964 4286 1086 4356 taliter
1110 4285 1211 4353 nobis
1235 4302 1305 4353 non
1329 4285 1576 4371 adimpleverit
1598 4295 1634 4355 et
1656 4288 1785 4373 aliquit
1809 4288 1892 4356 inde
1915 4291 2195 4381 contradixerit,
2220 4312 2427 4382 componere

582 4445 685 4512 nobis
709 4443 910 4528 nostrisque
932 4440 1097 4509 eredibus
1120 4438 1240 4507 decem
1263 4439 1343 4508 auri
1360 4439 1489 4508 solidos
1512 4439 1741 4528 costantinus,
1758 4445 1795 4509 et
1811 4443 1931 4511 omnia
1955 4447 2198 4534 suprascripta
2214 4465 2277 4533 per
2302 4449 2426 4517 inbitis

582 4595 686 4661 nobis
709 4595 932 4680 complirent,
956 4600 1085 4660 etune
1109 4593 1252 4659 brebem
1275 4592 1400 4660 scribsi
1425 4610 1490 4678 ego
1513 4591 1694 4661 dauferius
1718 4593 1879 4664 notarius
1903 4598 1966 4680 qui
1993 4599 2153 4666 interfui.

628 4721 659 4837 †
686 4751 760 4836 Ego
784 4750 934 4818 arechisi
961 4748 1122 4816 notarius
1147 4766 1203 4816 me
1227 4748 1421 4835 subscripsi
1772 4731 1774 4736 ¹

630 4875 660 4988 †
686 4903 760 4988 ligo
783 4905 926 4970 amatus
948 4921 1005 4968 me
1027 4900 1234 4986 subscripsi.

605 5225 611 5230 .
638 5225 698 5232 ...ο-.-
715 5227 749 5232 ,--
773 5225 865 5233 ..u-o..-
878 5225 1022 5233 .-a-——a

626 5468 648 5547 ¹)
670 5473 804 5540 mutere,
829 5465 916 5527 idest
936 5468 1116 5529 mmmmm.
