5310 7080
965 533 1367 604 ulpuouruuldbs

1033 963 1293 1046 DXGVII.

1014 1226 1069 1301 A.
1098 1223 1149 1300 D.
1179 1222 1309 1302 1007.

289 1461 324 1602 †
348 1517 388 1582 ln
414 1515 557 1582 nomine
581 1515 716 1582 domini
742 1514 973 1582 nonodecimo
996 1532 1091 1582 anno
1114 1515 1335 1602 principatus
1357 1516 1474 1584 domni
1492 1519 1606 1585 nostri
1623 1518 1803 1605 guaimari
1829 1519 1976 1607 gioriosi
1992 1523 2097 1607 prin·

237 1667 340 1755 cipis,
365 1687 485 1736 mense
509 1671 715 1756 nobember,
740 1671 845 1736 sexta
868 1668 1079 1737 indictione.
1104 1669 1390 1738 Memoratorium
1415 1671 1549 1739 sactum
1566 1691 1588 1739 a
1605 1688 1660 1738 me
1691 1670 1933 1740 machenolsus
1958 1674 2096 1760 presbi-

242 1823 297 1889 ter
320 1821 417 1888 filius
438 1821 599 1910 granati,
623 1841 664 1890 eo
689 1824 782 1908 quod
807 1827 892 1894 ante
917 1821 1109 1909 subscripti
1133 1825 1241 1890 testes
1270 1841 1333 1907 per
1361 1823 1452 1890 bona
1481 1823 1780 1893 combenicntiam
1811 1842 1874 1910 per
1902 1823 2100 1898 demanda.

240 1975 373 2043 tionem
389 1981 426 2042 91
442 1975 669 2062 largietatem
692 1977 811 2044 domni
836 1976 969 2043 maioni
994 1975 1182 2063 presbiteri
1206 1979 1242 2043 et
1265 1976 1387 2045 abbati
1410 1977 1557 2045 ecclesie
1579 1976 1693 2046 sancti
1718 1977 1883 2063 maximi,
1900 1979 1961 2062 qui
1978 1978 2079 2048 edifi-

242 2133 364 2196 catum
387 2133 442 2196 cst
472 2129 572 2196 intus
596 2130 819 2201 salernitana
841 2131 1052 2215 cibitatem,
1077 2133 1112 2197 91
1135 2130 1250 2214 ipsum
1275 2133 1476 2214 astantem,
1508 2133 1543 2196 et
1567 2147 1640 2197 una
1664 2149 1804 2198 mecum
1827 2130 1964 2200 adesset
1989 2136 2094 2232 maio¹

239 2281 336 2350 fliius
367 2281 461 2350 idem
484 2283 618 2352 maioni
644 2285 706 2370 qui
729 2289 783 2353 est
807 2287 1054 2355 adbocatorem
1088 2287 1124 2350 et
1157 2302 1268 2352 unum
1298 2283 1342 2351 de
1367 2279 1515 2349 dominii
1541 2283 1653 2369 ipsius
1677 2283 1824 2351 ecclesie
1838 2334 1847 2370 ,
1873 2285 2090 2355 tradidimus

237 2435 284 2504 ad
307 2435 543 2504 laborandum
567 2439 603 2502 et
626 2437 886 2521 pastenandum
910 2437 1045 2506 maioni
1069 2437 1199 2505 clerico
1248 2484 1552 2502 ......
1603 2453 1675 2502 una
1695 2435 1797 2520 pecia
1819 2437 1862 2503 de
1885 2441 1985 2506 terra
2010 2457 2090 2524 per-

237 2589 393 2656 tinentes
415 2587 527 2674 ipsius
552 2587 697 2654 ecclesie
721 2589 836 2655 sancti
862 2589 1013 2658 maximi
1038 2589 1099 2674 qui
1128 2593 1182 2656 est
1214 2590 1327 2676 igitur
1352 2593 1450 2656 terra
1475 2589 1552 2675 ipsa
1576 2588 1615 2654 in
1640 2588 1754 2655 locum
1779 2592 1999 2677 muntorum,
2024 2593 2088 2659 ubi

235 2759 365 2828 campu
389 2741 526 2810 faraoni
551 2741 699 2826 dicitur,
724 2744 865 2808 rotense
890 2742 1032 2828 finibus,
1062 2742 1154 2827 quod
1177 2761 1243 2830 ego
1267 2745 1305 2809 in
1330 2743 1542 2811 beneficium
1566 2748 1708 2810 19191199
1732 2763 1754 2811 a
1777 2761 1861 2830 pars
1885 2744 1997 2830 ipsius
2028 2765 2085 2813 ec-

231 2896 337 2964 919119
361 2914 424 2982 per
447 2915 487 2963 99
510 2897 592 2962 linis
616 2901 651 2962 et
674 2896 873 2963 mensuris:
907 2896 953 2962 da
985 2897 1148 2982 partibus
1178 2898 1329 2964 orientis
1361 2898 1431 2964 1119
1456 2896 1568 3002 ipsius
1592 2895 1739 2964 ecclesie
1763 2899 1878 2965 sancti
1905 2900 2082 2986 maximi,

237 3055 322 3118 sunt
344 3051 429 3118 inde
453 3049 547 3137 passi
572 3051 703 3137 biginti
729 3053 878 3117 nobem:
903 3050 949 3118 da
972 3048 1135 3136 partibus
1157 3047 1457 3134 septemtrionalis
1480 3053 1533 3116 est
1557 3049 1725 3117 similiter
1749 3051 1819 3118 flue
1843 3051 2000 3138 predicte
2025 3072 2082 3122 ec-

235 3203 352 3291 clesie,
377 3208 463 3270 sunt
487 3203 569 3271 iude
593 3206 686 3290 passi
713 3205 1006 3290 septuagintam:
1031 3202 1076 3270 da
1100 3199 1265 3287 partibus
1287 3200 1481 3267 occidentis
1505 3201 1576 3268 11119
1601 3202 1659 3268 bia
1683 3201 1855 3294 anticam,
1889 3209 1973 3272 suut
1998 3206 2082 3275 inde

236 3355 328 3444 passi
354 3357 521 3426 sidecim:
547 3358 593 3425 da
616 3357 779 3443 partibus
803 3355 955 3422 meridie
981 3354 1052 3421 fine
1076 3352 1234 3439 predicte
1258 3353 1417 3438 ecclesie,
1434 3357 1519 3420 sunt
1536 3353 1617 3420 inde
1634 3356 1730 3440 passi
1746 3359 1941 3444 sexaginta
1958 3366 1994 3428 et
2010 3380 2082 3430 me-

229 3515 344 3598 dium,
370 3516 484 3580 totum
507 3511 553 3580 ad
577 3511 671 3578 iusto
695 3527 838 3596 passum
861 3505 992 3575 ominis
1009 3513 1269 3577 mensuratum.
1286 3527 1325 3575 99
1341 3510 1424 3576 bero
1441 3511 1544 3576 rebus
1562 3527 1625 3595 per
1642 3509 1810 3579 iamdicte
1827 3513 1911 3580 fluis
1926 3518 1963 3581 91
1979 3533 2087 3583 menz*

230 3669 326 3737 surie
351 3672 465 3736 totum
490 3673 526 3735 et
549 3665 716 3734 inclitum
743 3665 824 3732 illut
848 3665 880 3731 ei
905 3663 951 3731 ad
975 3662 1210 3731 laborandum
1233 3664 1269 3728 et
1285 3662 1543 3747 pastenandum
1560 3661 1786 3748 tradidimus
1811 3666 1878 3734 tali
1900 3667 2079 3758 ordinem,

230 3827 268 3890 ut
291 3822 420 3892 amodo
444 3826 480 3890 et
502 3821 598 3888 omni
622 3826 777 3906 tempore
801 3789 909 3886 liceat
934 3816 1036 3882 illum
1060 3811 1196 3882 eteius
1220 3812 1342 3880 eredes
1357 3814 1464 3880 rebus
1481 3811 1558 3898 ipsa
1572 3817 1694 3882 tenere
1718 3821 1755 3885 et
1772 3815 1949 3906 laborare,
1967 3827 2002 3890 et
2026 3824 2078 3892 19-

229 3977 311 4046 beas
334 3979 371 4043 et
395 3973 510 4041 omnis
533 3991 598 4041 sua
622 3970 816 4039 utilitatem
839 3967 971 4036 ibidem
994 3967 1144 4050 laceret,
1168 3970 1205 4033 91
1228 3964 1309 4034 illut
1332 3969 1539 4052 pastenaret
1562 3970 1709 4037 arbusto
1732 3971 1887 4041 bitatum
1910 3976 1953 4044 de
1979 3979 2073 4047 bono

231 4129 382 4212 bitine03
408 4130 445 4194 et
466 4125 591 4195 amodo
613 4127 649 4193 91
671 4139 782 4209 usque
804 4125 937 4206 septem
961 4119 1046 4188 anni
1064 4117 1240 4205 completi,
1257 4123 1344 4187 tunc
1359 4125 1536 4206 quantum
1551 4122 1676 4190 binum
1700 4129 1736 4193 et
1750 4126 1909 4213 quitquit
1924 4131 2072 4220 frugens

225 4287 262 4350 91
287 4281 427 4352 labores
451 4279 533 4347 inde
555 4276 678 4346 tollere
702 4281 738 4344 et
761 4276 867 4344 abere
889 4272 1058 4360 potuerit,
1083 4278 1194 4342 totum
1218 4272 1300 4342 illut
1323 4273 1391 4342 sibi
1415 4276 1557 4362 aberet,
1586 4280 1622 4343 91
1645 4276 1745 4348 nulla
1768 4283 1960 4350 sartionem
1986 4283 2072 4356 inde

226 4433 348 4502 tollere
371 4435 500 4519 querat
515 4448 600 4518 pars
617 4429 729 4516 ipsius
746 4428 891 4496 ecclesie
907 4446 913 4490 :
933 4429 1066 4513 preter,
1083 4426 1126 4512 de
1141 4445 1210 4512 que
1225 4427 1432 4496 annualiter
1448 4425 1580 4496 ibidem
1595 4429 1843 4520 seminaberit,
1859 4435 1961 4504 daret
1985 4437 2071 4508 inde

226 4587 436 4656 terraticum
460 4583 505 4653 ad
529 4603 612 4671 pars
636 4584 750 4669 ipsius
773 4581 919 4650 ecclesie
943 4580 1135 4647 secundum
1160 4580 1448 4648 consuetudinem
1471 4581 1515 4650 de
1539 4581 1615 4668 ipso
1640 4582 1769 4672 locum,
1794 4587 1900 4656 etde
1924 4589 1994 4676 ipsi
2017 4609 2074 4661 se-

226 4747 320 4830 ptem
344 4742 432 4812 anni
455 4741 494 4807 in
518 4743 624 4809 antea
648 4740 805 4824 quinque
828 4754 959 4822 annos,
985 4741 1025 4804 ut
1048 4737 1246 4822 compleant
1270 4755 1308 4807 19
1333 4739 1456 4806 amodo
1478 4738 1663 4808 duodecim
1686 4759 1821 4829 annos,
1844 4747 1931 4812 tunc
1955 4765 2072 4832 quan-

226 4907 300 4963 tum
326 4896 450 4964 binum
473 4894 555 4962 inde
578 4890 717 4978 1999111,
743 4892 845 4961 daret
868 4891 951 4959 inde
973 4894 1118 4960 tertiam
1142 4913 1224 4980 pars
1249 4892 1295 4961 ad
1318 4912 1401 4980 pars
1426 4893 1540 4980 ipsius
1563 4894 1724 4980 ecclesie,
1747 4903 1783 4966 et
1804 4900 1872 4968 due
1897 4905 2069 4972 sortionis

224 5051 292 5119 sibi
317 5053 453 5119 aberet.
479 5049 525 5118 ad
548 5047 712 5134 completi
736 5050 857 5117 autem
880 5046 1004 5114 amodo
1029 5046 1096 5132 ipsi
1120 5046 1305 5115 duodecim
1329 5047 1418 5115 anni
1443 5052 1529 5115 tunc
1555 5045 1615 5114 ille
1646 5054 1682 5117 et
1704 5067 1787 5118 suos
1811 5055 1933 5122 eredes
1966 5058 2087 5128 abeat,

224 5206 357 5273 intuta
381 5204 460 5290 ipsa
482 5206 581 5270 terra
604 5201 700 5270 infra
724 5201 799 5286 ipse
823 5199 906 5266 finis
928 5203 964 5265 et
986 5199 1164 5266 mensurie
1189 5200 1375 5268 arbustum
1407 5198 1586 5286 bitatum,
1611 5205 1647 5270 et
1671 5201 1898 5294 laboratum,
1930 5212 1966 5276 et
1996 5209 2071 5278 cul-

224 5361 350 5442 tatum,
375 5360 412 5423 et
436 5357 587 5442 surtum,
611 5354 703 5422 sicut
726 5353 768 5420 de
791 5356 910 5420 tantos
933 5369 1047 5419 anuos
1070 5351 1241 5419 meruerit
1264 5351 1382 5420 911991
1408 5351 1505 5420 illius
1528 5357 1580 5421 est
1596 5359 1823 5446 consuetudo,
1842 5363 1882 5427 ut
1900 5363 1989 5432 bene
2008 5385 2071 5453 pa·

224 5515 299 5580 reat
323 5509 524 5578 laboratum
549 5510 585 5576 et
609 5506 808 5589 cultatum3
832 5511 868 5572 et
891 5505 963 5573 iam
988 5503 1025 5569 in
1049 5507 1159 5573 autea
1182 5505 1278 5573 omni
1303 5511 1460 5593 tempore
1476 5507 1582 5576 liceat
1598 5508 1701 5576 illum
1722 5519 1758 5578 et
1775 5513 1852 5580 eius
1868 5516 1990 5584 eredes
2009 5517 2067 5586 in-

222 5662 311 5732 clita
332 5666 441 5733 rebus
463 5664 543 5750 ipsa
565 5679 628 5748 per
653 5658 818 5728 iamdicte
843 5658 925 5729 finis
948 5665 984 5728 et
998 5662 1187 5730 ‚mensurio
1211 5677 1275 5728 sue
1298 5663 1486 5747 potestatis
1510 5667 1632 5732 tenere
1657 5669 1693 5733 et
1716 5663 1901 5754 laborare,
1927 5675 1964 5740 91
1988 5677 2068 5742 9919

223 5817 377 5904 tempore
401 5817 546 5885 arbusto
569 5814 643 5900 ipso
666 5815 805 5898 potaret
828 5813 863 5877 et
889 5811 1154 5898 propaginaret,
1172 5817 1208 5881 ct
1224 5812 1378 5883 cultarct
1402 5815 1574 5903 desuper
1598 5821 1634 5886 ot
1658 5816 1701 5886 de
1726 5823 1870 5908 supter,
1894 5823 1990 5894 sicut
2019 5823 2070 5894 19-
