<?xml version="1.0" encoding="UTF-8"?>
<!DOCTYPE html PUBLIC "-//W3C//DTD XHTML 1.0 Transitional//EN"
    "http://www.w3.org/TR/xhtml1/DTD/xhtml1-transitional.dtd">
<html xmlns="http://www.w3.org/1999/xhtml" xml:lang="en" lang="en">
 <head>
  <title>
</title>
<meta http-equiv="Content-Type" content="text/html;charset=utf-8" />
  <meta name='ocr-system' content='tesseract 3.04.00' />
  <meta name='ocr-capabilities' content='ocr_page ocr_carea ocr_par ocr_line ocrx_word'/>
</head>
<body>
  <div class='ocr_page' id='page_1' title='image "./codexdiplomatic05aragoog_0246.png"; bbox 0 0 5334 7098; ppageno 0'>
   <div class='ocr_carea' id='block_1_1' title="bbox 975 583 2053 663">
    <p class='ocr_par' dir='ltr' id='par_1_1' title="bbox 975 583 2053 663">
     <span class='ocr_line' id='line_1_1' title="bbox 975 583 2053 663; baseline 0.007 -9"><span class='ocrx_word' id='word_1_1' title='bbox 975 583 1379 663; x_wconf 79' lang='lat' dir='ltr'><strong>DlPLOMATlCUS</strong></span> <span class='ocrx_word' id='word_1_2' title='bbox 1579 633 1581 636; x_wconf 95' lang='lat'>-</span> <span class='ocrx_word' id='word_1_3' title='bbox 1982 591 2053 662; x_wconf 70' lang='lat'><strong>205</strong></span> 
     </span>
    </p>
   </div>
   <div class='ocr_carea' id='block_1_2' title="bbox 246 802 2099 1664">
    <p class='ocr_par' dir='ltr' id='par_1_2' title="bbox 246 802 2099 1664">
     <span class='ocr_line' id='line_1_2' title="bbox 248 802 2099 900; baseline 0.005 -30"><span class='ocrx_word' id='word_1_4' title='bbox 248 802 451 870; x_wconf 88' lang='lat' dir='ltr'><strong>hominibus</strong></span> <span class='ocrx_word' id='word_1_5' title='bbox 474 803 642 890; x_wconf 89' lang='lat' dir='ltr'><strong>omnique</strong></span> <span class='ocrx_word' id='word_1_6' title='bbox 659 803 835 892; x_wconf 87' lang='lat' dir='ltr'><strong>pertibus,</strong></span> <span class='ocrx_word' id='word_1_7' title='bbox 851 810 887 872; x_wconf 91' lang='lat' dir='ltr'><strong>et</strong></span> <span class='ocrx_word' id='word_1_8' title='bbox 903 824 974 873; x_wconf 92' lang='lat' dir='ltr'><strong>non</strong></span> <span class='ocrx_word' id='word_1_9' title='bbox 991 813 1118 897; x_wconf 86' lang='lat' dir='ltr'><strong>querat</strong></span> <span class='ocrx_word' id='word_1_10' title='bbox 1135 812 1209 898; x_wconf 88' lang='lat' dir='ltr'><strong>ipse</strong></span> <span class='ocrx_word' id='word_1_11' title='bbox 1225 815 1334 882; x_wconf 84' lang='lat' dir='ltr'><strong>abbas</strong></span> <span class='ocrx_word' id='word_1_12' title='bbox 1351 817 1387 881; x_wconf 91' lang='lat' dir='ltr'><strong>et</strong></span> <span class='ocrx_word' id='word_1_13' title='bbox 1403 831 1619 883; x_wconf 79' lang='lat' dir='ltr'><strong>successores</strong></span> <span class='ocrx_word' id='word_1_14' title='bbox 1635 831 1717 882; x_wconf 92' lang='lat' dir='ltr'><strong>suos</strong></span> <span class='ocrx_word' id='word_1_15' title='bbox 1734 815 1788 882; x_wconf 85' lang='lat' dir='ltr'><strong>vel</strong></span> <span class='ocrx_word' id='word_1_16' title='bbox 1804 815 1967 900; x_wconf 87' lang='lat' dir='ltr'><strong>partibus</strong></span> <span class='ocrx_word' id='word_1_17' title='bbox 1984 813 2099 900; x_wconf 90' lang='lat' dir='ltr'><strong>ipsius</strong></span> 
     </span>
     <span class='ocr_line' id='line_1_3' title="bbox 248 955 2098 1060; baseline 0.007 -39"><span class='ocrx_word' id='word_1_18' title='bbox 248 956 396 1060; x_wconf 85' lang='lat' dir='ltr'><strong>ecclesie</strong></span> <span class='ocrx_word' id='word_1_19' title='bbox 421 955 503 1023; x_wconf 92' lang='lat' dir='ltr'><strong>illut</strong></span> <span class='ocrx_word' id='word_1_20' title='bbox 518 955 574 1024; x_wconf 87' lang='lat' dir='ltr'><strong>vel</strong></span> <span class='ocrx_word' id='word_1_21' title='bbox 590 956 721 1026; x_wconf 83' lang='lat' dir='ltr'>exinde</span> <span class='ocrx_word' id='word_1_22' title='bbox 744 957 854 1024; x_wconf 88' lang='lat' dir='ltr'><strong>miehi</strong></span> <span class='ocrx_word' id='word_1_23' title='bbox 879 959 1019 1047; x_wconf 79' lang='lat' dir='ltr'>meique</span> <span class='ocrx_word' id='word_1_24' title='bbox 1035 962 1200 1031; x_wconf 89' lang='lat' dir='ltr'><strong>eredibus</strong></span> <span class='ocrx_word' id='word_1_25' title='bbox 1224 965 1358 1052; x_wconf 88' lang='lat' dir='ltr'><strong>tollere,</strong></span> <span class='ocrx_word' id='word_1_26' title='bbox 1376 971 1439 1034; x_wconf 89' lang='lat' dir='ltr'><strong>aut</strong></span> <span class='ocrx_word' id='word_1_27' title='bbox 1454 970 1620 1035; x_wconf 86' lang='lat' dir='ltr'><strong>contrare</strong></span> <span class='ocrx_word' id='word_1_28' title='bbox 1635 984 1698 1052; x_wconf 90' lang='lat' dir='ltr'><strong>per</strong></span> <span class='ocrx_word' id='word_1_29' title='bbox 1715 967 1817 1035; x_wconf 82' lang='lat' dir='ltr'><strong>nulla</strong></span> <span class='ocrx_word' id='word_1_30' title='bbox 1831 967 1982 1037; x_wconf 83' lang='lat' dir='ltr'><strong>ratione.</strong></span> <span class='ocrx_word' id='word_1_31' title='bbox 2000 966 2098 1034; x_wconf 84' lang='lat' dir='ltr'>Unde</span> 
     </span>
     <span class='ocr_line' id='line_1_4' title="bbox 250 1109 2097 1210; baseline 0.004 -33"><span class='ocrx_word' id='word_1_32' title='bbox 250 1128 313 1194; x_wconf 88' lang='lat' dir='ltr'><strong>per</strong></span> <span class='ocrx_word' id='word_1_33' title='bbox 337 1109 602 1182; x_wconf 84' lang='lat' dir='ltr'><strong>combenientia</strong></span> <span class='ocrx_word' id='word_1_34' title='bbox 625 1111 759 1195; x_wconf 81' lang='lat' dir='ltr'><strong>guadio</strong></span> <span class='ocrx_word' id='word_1_35' title='bbox 784 1113 893 1180; x_wconf 90' lang='lat' dir='ltr'><strong>michi</strong></span> <span class='ocrx_word' id='word_1_36' title='bbox 918 1114 994 1199; x_wconf 91' lang='lat' dir='ltr'><strong>ipse</strong></span> <span class='ocrx_word' id='word_1_37' title='bbox 1023 1117 1133 1182; x_wconf 85' lang='lat' dir='ltr'><strong>abbas</strong></span> <span class='ocrx_word' id='word_1_38' title='bbox 1165 1117 1273 1202; x_wconf 92' lang='lat' dir='ltr'><strong>dedi,</strong></span> <span class='ocrx_word' id='word_1_39' title='bbox 1302 1123 1337 1184; x_wconf 88' lang='lat' dir='ltr'><strong>et</strong></span> <span class='ocrx_word' id='word_1_40' title='bbox 1364 1116 1726 1210; x_wconf 31' lang='lat' dir='ltr'><strong>mediatorem&#39;michi</strong></span> <span class='ocrx_word' id='word_1_41' title='bbox 1759 1120 1860 1204; x_wconf 90' lang='lat' dir='ltr'><strong>posui</strong></span> <span class='ocrx_word' id='word_1_42' title='bbox 1891 1118 2097 1186; x_wconf 87' lang='lat' dir='ltr'><strong>romualdus</strong></span> 
     </span>
     <span class='ocr_line' id='line_1_5' title="bbox 248 1261 2095 1356; baseline 0.006 -30"><span class='ocrx_word' id='word_1_43' title='bbox 248 1261 346 1328; x_wconf 84' lang='lat' dir='ltr'><strong>illius</strong></span> <span class='ocrx_word' id='word_1_44' title='bbox 369 1261 549 1346; x_wconf 87' lang='lat' dir='ltr'><strong>quondam</strong></span> <span class='ocrx_word' id='word_1_45' title='bbox 577 1263 703 1349; x_wconf 83' lang='lat' dir='ltr'><strong>amati3</strong></span> <span class='ocrx_word' id='word_1_46' title='bbox 730 1269 766 1331; x_wconf 89' lang='lat' dir='ltr'><strong>et</strong></span> <span class='ocrx_word' id='word_1_47' title='bbox 792 1284 854 1350; x_wconf 90' lang='lat' dir='ltr'><strong>per</strong></span> <span class='ocrx_word' id='word_1_48' title='bbox 882 1266 960 1351; x_wconf 89' lang='lat' dir='ltr'><strong>ipsa</strong></span> <span class='ocrx_word' id='word_1_49' title='bbox 987 1266 1122 1350; x_wconf 67' lang='lat' dir='ltr'><strong>guallia</strong></span> <span class='ocrx_word' id='word_1_50' title='bbox 1148 1268 1323 1356; x_wconf 83' lang='lat' dir='ltr'><strong>obligavit</strong></span> <span class='ocrx_word' id='word_1_51' title='bbox 1346 1270 1473 1356; x_wconf 88' lang='lat' dir='ltr'><strong>seipse</strong></span> <span class='ocrx_word' id='word_1_52' title='bbox 1496 1273 1608 1339; x_wconf 88' lang='lat' dir='ltr'><strong>abbas</strong></span> <span class='ocrx_word' id='word_1_53' title='bbox 1632 1275 1667 1338; x_wconf 90' lang='lat' dir='ltr'><strong>et</strong></span> <span class='ocrx_word' id='word_1_54' title='bbox 1690 1289 1772 1338; x_wconf 91' lang='lat' dir='ltr'><strong>snos</strong></span> <span class='ocrx_word' id='word_1_55' title='bbox 1798 1287 2016 1340; x_wconf 85' lang='lat' dir='ltr'><strong>successores</strong></span> <span class='ocrx_word' id='word_1_56' title='bbox 2040 1273 2095 1340; x_wconf 88' lang='lat' dir='ltr'><strong>vel</strong></span> 
     </span>
     <span class='ocr_line' id='line_1_6' title="bbox 249 1415 2097 1511; baseline 0.005 -27"><span class='ocrx_word' id='word_1_57' title='bbox 249 1415 413 1500; x_wconf 84' lang='lat' dir='ltr'><strong>partibus</strong></span> <span class='ocrx_word' id='word_1_58' title='bbox 436 1417 594 1502; x_wconf 74' lang='lat' dir='ltr'><strong>predicte</strong></span> <span class='ocrx_word' id='word_1_59' title='bbox 617 1418 764 1486; x_wconf 88' lang='lat' dir='ltr'><strong>ecclesie</strong></span> <span class='ocrx_word' id='word_1_60' title='bbox 788 1419 897 1487; x_wconf 89' lang='lat' dir='ltr'><strong>michi</strong></span> <span class='ocrx_word' id='word_1_61' title='bbox 922 1421 1061 1506; x_wconf 88' lang='lat' dir='ltr'><strong>meique</strong></span> <span class='ocrx_word' id='word_1_62' title='bbox 1084 1422 1261 1510; x_wconf 88' lang='lat' dir='ltr'><strong>eredibus,</strong></span> <span class='ocrx_word' id='word_1_63' title='bbox 1287 1428 1326 1490; x_wconf 93' lang='lat' dir='ltr'><strong>ut</strong></span> <span class='ocrx_word' id='word_1_64' title='bbox 1342 1423 1372 1489; x_wconf 92' lang='lat' dir='ltr'><strong>si</strong></span> <span class='ocrx_word' id='word_1_65' title='bbox 1390 1424 1511 1490; x_wconf 87' lang='lat' dir='ltr'><strong>taliter</strong></span> <span class='ocrx_word' id='word_1_66' title='bbox 1536 1425 1671 1510; x_wconf 80' lang='lat' dir='ltr'><strong>brunia,</strong></span> <span class='ocrx_word' id='word_1_67' title='bbox 1696 1429 1736 1491; x_wconf 91' lang='lat' dir='ltr'><strong>ut</strong></span> <span class='ocrx_word' id='word_1_68' title='bbox 1758 1424 2004 1509; x_wconf 83' lang='lat' dir='ltr'><strong>supradictum</strong></span> <span class='ocrx_word' id='word_1_69' title='bbox 2029 1431 2097 1511; x_wconf 87' lang='lat' dir='ltr'><strong>est,</strong></span> 
     </span>
     <span class='ocr_line' id='line_1_7' title="bbox 246 1569 2097 1664; baseline 0.004 -26"><span class='ocrx_word' id='word_1_70' title='bbox 246 1569 356 1638; x_wconf 91' lang='lat' dir='ltr'><strong>michi</strong></span> <span class='ocrx_word' id='word_1_71' title='bbox 380 1570 520 1657; x_wconf 87' lang='lat' dir='ltr'><strong>meique</strong></span> <span class='ocrx_word' id='word_1_72' title='bbox 543 1573 708 1640; x_wconf 91' lang='lat' dir='ltr'><strong>eredibus</strong></span> <span class='ocrx_word' id='word_1_73' title='bbox 732 1591 804 1640; x_wconf 91' lang='lat' dir='ltr'><strong>non</strong></span> <span class='ocrx_word' id='word_1_74' title='bbox 820 1573 1111 1662; x_wconf 83' lang='lat' dir='ltr'><strong>adimpleberint,</strong></span> <span class='ocrx_word' id='word_1_75' title='bbox 1137 1581 1172 1644; x_wconf 88' lang='lat' dir='ltr'><strong>et</strong></span> <span class='ocrx_word' id='word_1_76' title='bbox 1195 1575 1326 1662; x_wconf 89' lang='lat' dir='ltr'><strong>aliquit</strong></span> <span class='ocrx_word' id='word_1_77' title='bbox 1350 1577 1392 1644; x_wconf 89' lang='lat' dir='ltr'><strong>de</strong></span> <span class='ocrx_word' id='word_1_78' title='bbox 1418 1577 1509 1662; x_wconf 90' lang='lat' dir='ltr'><strong>quod</strong></span> <span class='ocrx_word' id='word_1_79' title='bbox 1533 1578 1698 1663; x_wconf 89' lang='lat' dir='ltr'><strong>superius</strong></span> <span class='ocrx_word' id='word_1_80' title='bbox 1732 1577 1880 1664; x_wconf 80' lang='lat' dir='ltr'><strong>legitur,</strong></span> <span class='ocrx_word' id='word_1_81' title='bbox 1916 1581 2097 1647; x_wconf 88' lang='lat' dir='ltr'><strong>remobero</strong></span> 
     </span>
    </p>
   </div>
   <div class='ocr_carea' id='block_1_3' title="bbox 247 1727 2097 1817">
    <p class='ocr_par' dir='ltr' id='par_1_3' title="bbox 247 1727 2097 1817">
     <span class='ocr_line' id='line_1_8' title="bbox 247 1727 2097 1817; baseline 0.003 -25"><span class='ocrx_word' id='word_1_82' title='bbox 247 1730 310 1792; x_wconf 84' lang='lat' dir='ltr'><strong>aut</strong></span> <span class='ocrx_word' id='word_1_83' title='bbox 341 1729 508 1794; x_wconf 88' lang='lat' dir='ltr'><strong>eontrare</strong></span> <span class='ocrx_word' id='word_1_84' title='bbox 539 1727 760 1812; x_wconf 83' lang='lat' dir='ltr'><strong>quesierint,</strong></span> <span class='ocrx_word' id='word_1_85' title='bbox 785 1731 870 1794; x_wconf 88' lang='lat' dir='ltr'><strong>tunc</strong></span> <span class='ocrx_word' id='word_1_86' title='bbox 893 1745 957 1812; x_wconf 90' lang='lat' dir='ltr'><strong>per</strong></span> <span class='ocrx_word' id='word_1_87' title='bbox 980 1727 1244 1796; x_wconf 88' lang='lat' dir='ltr'><strong>combenientia</strong></span> <span class='ocrx_word' id='word_1_88' title='bbox 1269 1733 1304 1797; x_wconf 88' lang='lat' dir='ltr'><strong>et</strong></span> <span class='ocrx_word' id='word_1_89' title='bbox 1329 1749 1392 1815; x_wconf 89' lang='lat' dir='ltr'><strong>per</strong></span> <span class='ocrx_word' id='word_1_90' title='bbox 1418 1729 1497 1815; x_wconf 87' lang='lat' dir='ltr'><strong>ipsa</strong></span> <span class='ocrx_word' id='word_1_91' title='bbox 1522 1730 1658 1816; x_wconf 80' lang='lat' dir='ltr'><strong>guadio</strong></span> <span class='ocrx_word' id='word_1_92' title='bbox 1682 1747 1896 1815; x_wconf 91' lang='lat' dir='ltr'><strong>componere</strong></span> <span class='ocrx_word' id='word_1_93' title='bbox 1921 1731 2097 1817; x_wconf 85' lang='lat' dir='ltr'><strong>obligavit</strong></span> 
     </span>
    </p>
   </div>
   <div class='ocr_carea' id='block_1_4' title="bbox 247 1882 2099 1971">
    <p class='ocr_par' dir='ltr' id='par_1_4' title="bbox 247 1882 2099 1971">
     <span class='ocr_line' id='line_1_9' title="bbox 247 1882 2099 1971; baseline 0.002 -23"><span class='ocrx_word' id='word_1_94' title='bbox 247 1900 284 1948; x_wconf 89' lang='lat' dir='ltr'><strong>se</strong></span> <span class='ocrx_word' id='word_1_95' title='bbox 307 1883 383 1968; x_wconf 89' lang='lat' dir='ltr'><strong>ipse</strong></span> <span class='ocrx_word' id='word_1_96' title='bbox 409 1885 519 1950; x_wconf 87' lang='lat' dir='ltr'><strong>abbas</strong></span> <span class='ocrx_word' id='word_1_97' title='bbox 542 1887 577 1952; x_wconf 91' lang='lat' dir='ltr'><strong>et</strong></span> <span class='ocrx_word' id='word_1_98' title='bbox 593 1901 675 1950; x_wconf 88' lang='lat' dir='ltr'><strong>suos</strong></span> <span class='ocrx_word' id='word_1_99' title='bbox 692 1901 910 1950; x_wconf 87' lang='lat' dir='ltr'><strong>successores</strong></span> <span class='ocrx_word' id='word_1_100' title='bbox 926 1883 981 1950; x_wconf 85' lang='lat' dir='ltr'><strong>vel</strong></span> <span class='ocrx_word' id='word_1_101' title='bbox 999 1885 1161 1969; x_wconf 86' lang='lat' dir='ltr'><strong>partibus</strong></span> <span class='ocrx_word' id='word_1_102' title='bbox 1179 1882 1337 1968; x_wconf 84' lang='lat' dir='ltr'><strong>predicte</strong></span> <span class='ocrx_word' id='word_1_103' title='bbox 1353 1884 1501 1952; x_wconf 87' lang='lat' dir='ltr'><strong>ecclesie</strong></span> <span class='ocrx_word' id='word_1_104' title='bbox 1520 1884 1631 1950; x_wconf 90' lang='lat' dir='ltr'><strong>miehi</strong></span> <span class='ocrx_word' id='word_1_105' title='bbox 1649 1884 1790 1969; x_wconf 88' lang='lat' dir='ltr'><strong>meique</strong></span> <span class='ocrx_word' id='word_1_106' title='bbox 1805 1885 1969 1953; x_wconf 90' lang='lat' dir='ltr'><strong>eredibus</strong></span> <span class='ocrx_word' id='word_1_107' title='bbox 1992 1887 2099 1971; x_wconf 89' lang='lat' dir='ltr'><strong>quin-</strong></span> 
     </span>
    </p>
   </div>
   <div class='ocr_carea' id='block_1_5' title="bbox 245 2033 2122 2740">
    <p class='ocr_par' dir='ltr' id='par_1_5' title="bbox 245 2033 2122 2740">
     <span class='ocr_line' id='line_1_10' title="bbox 246 2033 2097 2123; baseline 0.002 -23"><span class='ocrx_word' id='word_1_108' title='bbox 246 2034 422 2121; x_wconf 80' lang='lat' dir='ltr'><strong>quaginta</strong></span> <span class='ocrx_word' id='word_1_109' title='bbox 445 2035 526 2103; x_wconf 86' lang='lat' dir='ltr'><strong>auri</strong></span> <span class='ocrx_word' id='word_1_110' title='bbox 550 2033 680 2102; x_wconf 90' lang='lat' dir='ltr'><strong>solidos</strong></span> <span class='ocrx_word' id='word_1_111' title='bbox 703 2035 961 2102; x_wconf 85' lang='lat' dir='ltr'><strong>constantines:</strong></span> <span class='ocrx_word' id='word_1_112' title='bbox 987 2040 1125 2121; x_wconf 88' lang='lat' dir='ltr'><strong>preter,</strong></span> <span class='ocrx_word' id='word_1_113' title='bbox 1150 2034 1181 2100; x_wconf 92' lang='lat' dir='ltr'><strong>si</strong></span> <span class='ocrx_word' id='word_1_114' title='bbox 1206 2035 1399 2121; x_wconf 88' lang='lat' dir='ltr'><strong>aliquando</strong></span> <span class='ocrx_word' id='word_1_115' title='bbox 1423 2039 1578 2121; x_wconf 86' lang='lat' dir='ltr'><strong>tempore</strong></span> <span class='ocrx_word' id='word_1_116' title='bbox 1601 2053 1668 2120; x_wconf 80' lang='lat' dir='ltr'><strong>ego</strong></span> <span class='ocrx_word' id='word_1_117' title='bbox 1691 2041 1726 2101; x_wconf 89' lang='lat' dir='ltr'><strong>et</strong></span> <span class='ocrx_word' id='word_1_118' title='bbox 1751 2054 1848 2103; x_wconf 89' lang='lat' dir='ltr'><strong>meos</strong></span> <span class='ocrx_word' id='word_1_119' title='bbox 1871 2036 1992 2104; x_wconf 90' lang='lat' dir='ltr'><strong>eredes</strong></span> <span class='ocrx_word' id='word_1_120' title='bbox 2017 2037 2097 2123; x_wconf 82' lang='lat' dir='ltr'><strong>ipsa</strong></span> 
     </span>
     <span class='ocr_line' id='line_1_11' title="bbox 246 2185 2122 2274; baseline 0.002 -22"><span class='ocrx_word' id='word_1_121' title='bbox 246 2190 344 2256; x_wconf 86' lang='lat' dir='ltr'><strong>terra</strong></span> <span class='ocrx_word' id='word_1_122' title='bbox 369 2206 448 2254; x_wconf 90' lang='lat' dir='ltr'><strong>cum</strong></span> <span class='ocrx_word' id='word_1_123' title='bbox 472 2187 627 2274; x_wconf 89' lang='lat' dir='ltr'><strong>pastin0,</strong></span> <span class='ocrx_word' id='word_1_124' title='bbox 652 2187 744 2273; x_wconf 90' lang='lat' dir='ltr'><strong>quod</strong></span> <span class='ocrx_word' id='word_1_125' title='bbox 768 2189 933 2274; x_wconf 91' lang='lat' dir='ltr'><strong>superius</strong></span> <span class='ocrx_word' id='word_1_126' title='bbox 965 2204 1028 2272; x_wconf 90' lang='lat' dir='ltr'><strong>per</strong></span> <span class='ocrx_word' id='word_1_127' title='bbox 1061 2185 1156 2272; x_wconf 88' lang='lat' dir='ltr'><strong>ipsas</strong></span> <span class='ocrx_word' id='word_1_128' title='bbox 1186 2205 1371 2255; x_wconf 83' lang='lat' dir='ltr'><strong>mensuras</strong></span> <span class='ocrx_word' id='word_1_129' title='bbox 1397 2203 1460 2274; x_wconf 93' lang='lat' dir='ltr'><strong>pro</strong></span> <span class='ocrx_word' id='word_1_130' title='bbox 1484 2187 1563 2272; x_wconf 88' lang='lat' dir='ltr'><strong>ipsa</strong></span> <span class='ocrx_word' id='word_1_131' title='bbox 1588 2205 1666 2253; x_wconf 80' lang='lat' dir='ltr'><strong>mea</strong></span> <span class='ocrx_word' id='word_1_132' title='bbox 1689 2191 1784 2254; x_wconf 91' lang='lat' dir='ltr'><strong>sorte</strong></span> <span class='ocrx_word' id='word_1_133' title='bbox 1810 2188 1919 2255; x_wconf 90' lang='lat' dir='ltr'><strong>michi</strong></span> <span class='ocrx_word' id='word_1_134' title='bbox 1947 2188 2095 2274; x_wconf 87' lang='lat' dir='ltr'><strong>tradidi,</strong></span> <span class='ocrx_word' id='word_1_135' title='bbox 2116 2215 2122 2226; x_wconf 91' lang='lat'><em>·</em></span> 
     </span>
     <span class='ocr_line' id='line_1_12' title="bbox 247 2338 2097 2428; baseline 0 -20"><span class='ocrx_word' id='word_1_136' title='bbox 247 2341 414 2408; x_wconf 86' lang='lat' dir='ltr'><strong>daturam</strong></span> <span class='ocrx_word' id='word_1_137' title='bbox 438 2344 502 2410; x_wconf 85' lang='lat' dir='ltr'><strong>aut</strong></span> <span class='ocrx_word' id='word_1_138' title='bbox 526 2341 749 2410; x_wconf 88' lang='lat' dir='ltr'><strong>bindituram</strong></span> <span class='ocrx_word' id='word_1_139' title='bbox 771 2340 976 2410; x_wconf 88' lang='lat' dir='ltr'><strong>abuerimus</strong></span> <span class='ocrx_word' id='word_1_140' title='bbox 990 2389 999 2425; x_wconf 91' lang='lat'><strong>,</strong></span> <span class='ocrx_word' id='word_1_141' title='bbox 1025 2356 1096 2405; x_wconf 89' lang='lat' dir='ltr'><strong>nou</strong></span> <span class='ocrx_word' id='word_1_142' title='bbox 1121 2339 1290 2406; x_wconf 89' lang='lat' dir='ltr'><strong>abeamus</strong></span> <span class='ocrx_word' id='word_1_143' title='bbox 1313 2343 1523 2424; x_wconf 85' lang='lat' dir='ltr'><strong>potestatem</strong></span> <span class='ocrx_word' id='word_1_144' title='bbox 1547 2357 1610 2424; x_wconf 91' lang='lat' dir='ltr'><strong>per</strong></span> <span class='ocrx_word' id='word_1_145' title='bbox 1634 2338 1735 2406; x_wconf 87' lang='lat' dir='ltr'><strong>nulla</strong></span> <span class='ocrx_word' id='word_1_146' title='bbox 1759 2341 1918 2426; x_wconf 86' lang='lat' dir='ltr'><strong>ratione,</strong></span> <span class='ocrx_word' id='word_1_147' title='bbox 1944 2359 2009 2409; x_wconf 92' lang='lat' dir='ltr'><strong>nec</strong></span> <span class='ocrx_word' id='word_1_148' title='bbox 2033 2363 2097 2428; x_wconf 89' lang='lat' dir='ltr'><strong>per</strong></span> 
     </span>
     <span class='ocr_line' id='line_1_13' title="bbox 245 2497 2096 2587; baseline 0.002 -23"><span class='ocrx_word' id='word_1_149' title='bbox 245 2498 382 2568; x_wconf 83' lang='lat' dir='ltr'><strong>nullam</strong></span> <span class='ocrx_word' id='word_1_150' title='bbox 405 2517 537 2566; x_wconf 90' lang='lat' dir='ltr'><strong>nmano</strong></span> <span class='ocrx_word' id='word_1_151' title='bbox 562 2500 750 2587; x_wconf 81' lang='lat' dir='ltr'><strong>ingenium</strong></span> <span class='ocrx_word' id='word_1_152' title='bbox 774 2499 857 2566; x_wconf 90' lang='lat' dir='ltr'><strong>illut</strong></span> <span class='ocrx_word' id='word_1_153' title='bbox 880 2500 934 2564; x_wconf 85' lang='lat' dir='ltr'><strong>vel</strong></span> <span class='ocrx_word' id='word_1_154' title='bbox 960 2498 1089 2565; x_wconf 82' lang='lat' dir='ltr'><strong>exinde</strong></span> <span class='ocrx_word' id='word_1_155' title='bbox 1113 2499 1199 2566; x_wconf 87' lang='lat' dir='ltr'><strong>dare</strong></span> <span class='ocrx_word' id='word_1_156' title='bbox 1222 2502 1285 2565; x_wconf 85' lang='lat' dir='ltr'><strong>aut</strong></span> <span class='ocrx_word' id='word_1_157' title='bbox 1309 2497 1483 2583; x_wconf 87' lang='lat' dir='ltr'><strong>alienare,</strong></span> <span class='ocrx_word' id='word_1_158' title='bbox 1507 2499 1567 2564; x_wconf 83' lang='lat' dir='ltr'><strong>sic&#39;</strong></span> <span class='ocrx_word' id='word_1_159' title='bbox 1583 2503 1623 2565; x_wconf 89' lang='lat' dir='ltr'><strong>ut</strong></span> <span class='ocrx_word' id='word_1_160' title='bbox 1646 2499 1689 2564; x_wconf 91' lang='lat' dir='ltr'><strong>de</strong></span> <span class='ocrx_word' id='word_1_161' title='bbox 1714 2497 1858 2564; x_wconf 90' lang='lat' dir='ltr'><strong>illorum</strong></span> <span class='ocrx_word' id='word_1_162' title='bbox 1884 2501 2096 2584; x_wconf 85' lang='lat' dir='ltr'><strong>potestatem</strong></span> 
     </span>
     <span class='ocr_line' id='line_1_14' title="bbox 246 2648 2097 2740; baseline 0 -22"><span class='ocrx_word' id='word_1_163' title='bbox 246 2651 321 2720; x_wconf 82' lang='lat' dir='ltr'><strong>siat</strong></span> <span class='ocrx_word' id='word_1_164' title='bbox 345 2657 602 2740; x_wconf 86' lang='lat' dir='ltr'><strong>supstractum3</strong></span> <span class='ocrx_word' id='word_1_165' title='bbox 628 2657 696 2737; x_wconf 90' lang='lat' dir='ltr'><strong>set,</strong></span> <span class='ocrx_word' id='word_1_166' title='bbox 713 2651 744 2718; x_wconf 90' lang='lat' dir='ltr'><strong>si</strong></span> <span class='ocrx_word' id='word_1_167' title='bbox 762 2651 845 2718; x_wconf 92' lang='lat' dir='ltr'><strong>illut</strong></span> <span class='ocrx_word' id='word_1_168' title='bbox 861 2652 1028 2719; x_wconf 84' lang='lat' dir='ltr'><strong>daturum</strong></span> <span class='ocrx_word' id='word_1_169' title='bbox 1044 2651 1249 2718; x_wconf 89' lang='lat' dir='ltr'><strong>abuerimus</strong></span> <span class='ocrx_word' id='word_1_170' title='bbox 1273 2648 1385 2735; x_wconf 91' lang='lat' dir='ltr'><strong>ipsius</strong></span> <span class='ocrx_word' id='word_1_171' title='bbox 1408 2649 1530 2716; x_wconf 88' lang='lat' dir='ltr'><strong>abbati</strong></span> <span class='ocrx_word' id='word_1_172' title='bbox 1547 2653 1583 2716; x_wconf 92' lang='lat' dir='ltr'><strong>et</strong></span> <span class='ocrx_word' id='word_1_173' title='bbox 1599 2649 1645 2716; x_wconf 92' lang='lat' dir='ltr'><strong>ad</strong></span> <span class='ocrx_word' id='word_1_174' title='bbox 1659 2649 1733 2716; x_wconf 90' lang='lat' dir='ltr'><strong>suis</strong></span> <span class='ocrx_word' id='word_1_175' title='bbox 1749 2650 2023 2736; x_wconf 88' lang='lat' dir='ltr'><strong>successoribus,</strong></span> <span class='ocrx_word' id='word_1_176' title='bbox 2041 2655 2097 2719; x_wconf 86' lang='lat' dir='ltr'><strong>vel</strong></span> 
     </span>
    </p>
   </div>
   <div class='ocr_carea' id='block_1_6' title="bbox 247 2801 2096 2892">
    <p class='ocr_par' dir='ltr' id='par_1_6' title="bbox 247 2801 2096 2892">
     <span class='ocr_line' id='line_1_15' title="bbox 247 2801 2096 2892; baseline 0.002 -22"><span class='ocrx_word' id='word_1_177' title='bbox 247 2805 285 2871; x_wconf 90' lang='lat' dir='ltr'><strong>in</strong></span> <span class='ocrx_word' id='word_1_178' title='bbox 309 2805 474 2892; x_wconf 86' lang='lat' dir='ltr'><strong>partibus</strong></span> <span class='ocrx_word' id='word_1_179' title='bbox 497 2805 609 2892; x_wconf 89' lang='lat' dir='ltr'><strong>ipsius</strong></span> <span class='ocrx_word' id='word_1_180' title='bbox 633 2803 799 2889; x_wconf 82' lang='lat' dir='ltr'><strong>ecclesie,</strong></span> <span class='ocrx_word' id='word_1_181' title='bbox 823 2802 904 2870; x_wconf 91' lang='lat' dir='ltr'><strong>illut</strong></span> <span class='ocrx_word' id='word_1_182' title='bbox 927 2802 1114 2870; x_wconf 85' lang='lat' dir='ltr'><strong>bindamus</strong></span> <span class='ocrx_word' id='word_1_183' title='bbox 1137 2802 1181 2870; x_wconf 85' lang='lat' dir='ltr'><strong>ad</strong></span> <span class='ocrx_word' id='word_1_184' title='bbox 1206 2801 1298 2868; x_wconf 86' lang='lat' dir='ltr'><strong>iusto</strong></span> <span class='ocrx_word' id='word_1_185' title='bbox 1323 2801 1513 2869; x_wconf 86' lang='lat' dir='ltr'><strong>ballentem</strong></span> <span class='ocrx_word' id='word_1_186' title='bbox 1546 2803 1724 2890; x_wconf 89' lang='lat' dir='ltr'><strong>pretium,</strong></span> <span class='ocrx_word' id='word_1_187' title='bbox 1755 2805 1847 2890; x_wconf 92' lang='lat' dir='ltr'><strong>quod</strong></span> <span class='ocrx_word' id='word_1_188' title='bbox 1877 2805 1968 2872; x_wconf 89' lang='lat' dir='ltr'><strong>iuste</strong></span> <span class='ocrx_word' id='word_1_189' title='bbox 1992 2825 2096 2892; x_wconf 88' lang='lat' dir='ltr'><strong>apre-</strong></span> 
     </span>
    </p>
   </div>
   <div class='ocr_carea' id='block_1_7' title="bbox 141 2953 2095 3044">
    <p class='ocr_par' dir='ltr' id='par_1_7' title="bbox 141 2953 2095 3044">
     <span class='ocr_line' id='line_1_16' title="bbox 141 2953 2095 3044; baseline 0.001 -20"><span class='ocrx_word' id='word_1_190' title='bbox 141 2995 143 2999; x_wconf 33' lang='grc' dir='ltr'><strong>ν</strong></span> <span class='ocrx_word' id='word_1_191' title='bbox 245 2958 377 3026; x_wconf 85' lang='lat' dir='ltr'><strong>tiatum</strong></span> <span class='ocrx_word' id='word_1_192' title='bbox 411 2959 547 3044; x_wconf 87' lang='lat' dir='ltr'><strong>fuerit,</strong></span> <span class='ocrx_word' id='word_1_193' title='bbox 576 2961 612 3026; x_wconf 85' lang='lat' dir='ltr'><strong>et</strong></span> <span class='ocrx_word' id='word_1_194' title='bbox 635 2957 808 3026; x_wconf 81' lang='lat' dir='ltr'><strong>iaciamus</strong></span> <span class='ocrx_word' id='word_1_195' title='bbox 831 2956 914 3023; x_wconf 90' lang='lat' dir='ltr'><strong>inde</strong></span> <span class='ocrx_word' id='word_1_196' title='bbox 938 2955 1013 3041; x_wconf 89' lang='lat' dir='ltr'><strong>ipse</strong></span> <span class='ocrx_word' id='word_1_197' title='bbox 1043 2957 1152 3023; x_wconf 86' lang='lat' dir='ltr'><strong>abbas</strong></span> <span class='ocrx_word' id='word_1_198' title='bbox 1175 2954 1229 3020; x_wconf 90' lang='lat' dir='ltr'><strong>vel</strong></span> <span class='ocrx_word' id='word_1_199' title='bbox 1253 2953 1419 3039; x_wconf 85' lang='lat' dir='ltr'><strong>partibus</strong></span> <span class='ocrx_word' id='word_1_200' title='bbox 1451 2954 1607 3040; x_wconf 90' lang='lat' dir='ltr'><strong>predicte</strong></span> <span class='ocrx_word' id='word_1_201' title='bbox 1637 2957 1784 3023; x_wconf 88' lang='lat' dir='ltr'><strong>ecclesie</strong></span> <span class='ocrx_word' id='word_1_202' title='bbox 1807 2957 1899 3024; x_wconf 90' lang='lat' dir='ltr'><strong>scire</strong></span> <span class='ocrx_word' id='word_1_203' title='bbox 1923 2977 1987 3044; x_wconf 94' lang='lat' dir='ltr'><strong>pro</strong></span> <span class='ocrx_word' id='word_1_204' title='bbox 2011 2959 2095 3026; x_wconf 90' lang='lat' dir='ltr'><strong>illut</strong></span> 
     </span>
    </p>
   </div>
   <div class='ocr_carea' id='block_1_8' title="bbox 246 3110 2098 4741">
    <p class='ocr_par' dir='ltr' id='par_1_8' title="bbox 246 3110 2098 3972">
     <span class='ocr_line' id='line_1_17' title="bbox 246 3110 2096 3202; baseline -0.001 -16"><span class='ocrx_word' id='word_1_205' title='bbox 246 3115 438 3186; x_wconf 86' lang='lat' dir='ltr'><strong>emendum</strong></span> <span class='ocrx_word' id='word_1_206' title='bbox 462 3133 526 3201; x_wconf 91' lang='lat' dir='ltr'><strong>per</strong></span> <span class='ocrx_word' id='word_1_207' title='bbox 550 3113 657 3182; x_wconf 87' lang='lat' dir='ltr'><strong>tertio</strong></span> <span class='ocrx_word' id='word_1_208' title='bbox 680 3113 910 3182; x_wconf 89' lang='lat' dir='ltr'><strong>constitutum</strong></span> <span class='ocrx_word' id='word_1_209' title='bbox 934 3129 1045 3196; x_wconf 90' lang='lat' dir='ltr'><strong>usque</strong></span> <span class='ocrx_word' id='word_1_210' title='bbox 1068 3110 1191 3178; x_wconf 88' lang='lat' dir='ltr'><strong>diebus</strong></span> <span class='ocrx_word' id='word_1_211' title='bbox 1214 3112 1370 3199; x_wconf 83' lang='lat' dir='ltr'><strong>triginta</strong></span> <span class='ocrx_word' id='word_1_212' title='bbox 1405 3133 1492 3199; x_wconf 88' lang='lat' dir='ltr'><strong>sex;</strong></span> <span class='ocrx_word' id='word_1_213' title='bbox 1516 3120 1551 3182; x_wconf 90' lang='lat' dir='ltr'><strong>et</strong></span> <span class='ocrx_word' id='word_1_214' title='bbox 1573 3115 1603 3182; x_wconf 92' lang='lat' dir='ltr'><strong>si</strong></span> <span class='ocrx_word' id='word_1_215' title='bbox 1628 3134 1690 3200; x_wconf 92' lang='lat' dir='ltr'><strong>per</strong></span> <span class='ocrx_word' id='word_1_216' title='bbox 1715 3117 1793 3202; x_wconf 88' lang='lat' dir='ltr'><strong>ipsa</strong></span> <span class='ocrx_word' id='word_1_217' title='bbox 1817 3118 2010 3186; x_wconf 88' lang='lat' dir='ltr'><strong>constituta</strong></span> <span class='ocrx_word' id='word_1_218' title='bbox 2034 3137 2096 3185; x_wconf 90' lang='lat' dir='ltr'><strong>no-</strong></span> 
     </span>
     <span class='ocr_line' id='line_1_18' title="bbox 248 3265 2090 3357; baseline 0.004 -25"><span class='ocrx_word' id='word_1_219' title='bbox 248 3268 358 3336; x_wconf 88' lang='lat' dir='ltr'><strong>luerit</strong></span> <span class='ocrx_word' id='word_1_220' title='bbox 380 3288 497 3337; x_wconf 89' lang='lat' dir='ltr'><strong>emere</strong></span> <span class='ocrx_word' id='word_1_221' title='bbox 512 3273 549 3336; x_wconf 92' lang='lat' dir='ltr'><strong>et</strong></span> <span class='ocrx_word' id='word_1_222' title='bbox 572 3269 701 3336; x_wconf 87' lang='lat' dir='ltr'><strong>darent</strong></span> <span class='ocrx_word' id='word_1_223' title='bbox 723 3267 806 3335; x_wconf 90' lang='lat' dir='ltr'><strong>inde</strong></span> <span class='ocrx_word' id='word_1_224' title='bbox 829 3269 932 3335; x_wconf 89' lang='lat' dir='ltr'><strong>nobis</strong></span> <span class='ocrx_word' id='word_1_225' title='bbox 956 3265 1047 3332; x_wconf 89' lang='lat' dir='ltr'><strong>iusto</strong></span> <span class='ocrx_word' id='word_1_226' title='bbox 1071 3266 1262 3332; x_wconf 86' lang='lat' dir='ltr'><strong>balientem</strong></span> <span class='ocrx_word' id='word_1_227' title='bbox 1287 3268 1455 3352; x_wconf 89' lang='lat' dir='ltr'><strong>pretium,</strong></span> <span class='ocrx_word' id='word_1_228' title='bbox 1473 3267 1566 3352; x_wconf 91' lang='lat' dir='ltr'><strong>quod</strong></span> <span class='ocrx_word' id='word_1_229' title='bbox 1582 3269 1673 3334; x_wconf 89' lang='lat' dir='ltr'><strong>iuste</strong></span> <span class='ocrx_word' id='word_1_230' title='bbox 1699 3268 1807 3336; x_wconf 82' lang='lat' dir='ltr'><strong>suerit</strong></span> <span class='ocrx_word' id='word_1_231' title='bbox 1831 3271 2090 3357; x_wconf 84' lang='lat' dir='ltr'><strong>adpretiatum,</strong></span> 
     </span>
     <span class='ocr_line' id='line_1_19' title="bbox 247 3381 2098 3506; baseline 0.002 -15"><span class='ocrx_word' id='word_1_232' title='bbox 247 3429 334 3491; x_wconf 93' lang='lat' dir='ltr'><strong>tunc</strong></span> <span class='ocrx_word' id='word_1_233' title='bbox 360 3422 467 3490; x_wconf 86' lang='lat' dir='ltr'><strong>liceat</strong></span> <span class='ocrx_word' id='word_1_234' title='bbox 492 3439 557 3488; x_wconf 87' lang='lat' dir='ltr'><strong>nos</strong></span> <span class='ocrx_word' id='word_1_235' title='bbox 572 3439 631 3488; x_wconf 92' lang='lat' dir='ltr'><strong>eos</strong></span> <span class='ocrx_word' id='word_1_236' title='bbox 647 3422 732 3490; x_wconf 87' lang='lat' dir='ltr'><strong>dare</strong></span> <span class='ocrx_word' id='word_1_237' title='bbox 748 3421 804 3488; x_wconf 91' lang='lat' dir='ltr'><strong>eui</strong></span> <span class='ocrx_word' id='word_1_238' title='bbox 832 3419 1059 3487; x_wconf 79' lang='lat' dir='ltr'><strong>boluerimus</strong></span> <span class='ocrx_word' id='word_1_239' title='bbox 1085 3381 1173 3486; x_wconf 87' lang='lat' dir='ltr'><strong>Nam</strong></span> <span class='ocrx_word' id='word_1_240' title='bbox 1189 3417 1217 3484; x_wconf 93' lang='lat' dir='ltr'><strong>si</strong></span> <span class='ocrx_word' id='word_1_241' title='bbox 1234 3422 1319 3487; x_wconf 87' lang='lat' dir='ltr'><strong>ante</strong></span> <span class='ocrx_word' id='word_1_242' title='bbox 1337 3421 1416 3506; x_wconf 83' lang='lat' dir='ltr'><strong>ipsa</strong></span> <span class='ocrx_word' id='word_1_243' title='bbox 1438 3419 1633 3487; x_wconf 85' lang='lat' dir='ltr'><strong>constituta</strong></span> <span class='ocrx_word' id='word_1_244' title='bbox 1655 3419 1738 3487; x_wconf 91' lang='lat' dir='ltr'><strong>illut</strong></span> <span class='ocrx_word' id='word_1_245' title='bbox 1762 3421 1816 3488; x_wconf 90' lang='lat' dir='ltr'><strong>vel</strong></span> <span class='ocrx_word' id='word_1_246' title='bbox 1841 3425 1970 3493; x_wconf 85' lang='lat' dir='ltr'><strong>exinde</strong></span> <span class='ocrx_word' id='word_1_247' title='bbox 1995 3427 2098 3496; x_wconf 92' lang='lat' dir='ltr'><strong>dede-</strong></span> 
     </span>
     <span class='ocr_line' id='line_1_20' title="bbox 248 3569 2096 3663; baseline -0.002 -20"><span class='ocrx_word' id='word_1_248' title='bbox 248 3577 363 3644; x_wconf 89' lang='lat' dir='ltr'><strong>rimus</strong></span> <span class='ocrx_word' id='word_1_249' title='bbox 394 3595 457 3663; x_wconf 89' lang='lat' dir='ltr'><strong>per</strong></span> <span class='ocrx_word' id='word_1_250' title='bbox 489 3577 746 3663; x_wconf 84' lang='lat' dir='ltr'><strong>qualecumque</strong></span> <span class='ocrx_word' id='word_1_251' title='bbox 778 3574 916 3643; x_wconf 87' lang='lat' dir='ltr'><strong>ratione</strong></span> <span class='ocrx_word' id='word_1_252' title='bbox 946 3573 1002 3640; x_wconf 88' lang='lat' dir='ltr'><strong>vel</strong></span> <span class='ocrx_word' id='word_1_253' title='bbox 1033 3588 1163 3640; x_wconf 87' lang='lat' dir='ltr'><strong>umano</strong></span> <span class='ocrx_word' id='word_1_254' title='bbox 1187 3569 1386 3656; x_wconf 82' lang='lat' dir='ltr'><strong>ingenium,</strong></span> <span class='ocrx_word' id='word_1_255' title='bbox 1418 3570 1470 3636; x_wconf 88' lang='lat' dir='ltr'><strong>sic</strong></span> <span class='ocrx_word' id='word_1_256' title='bbox 1499 3575 1539 3637; x_wconf 92' lang='lat' dir='ltr'><strong>ut</strong></span> <span class='ocrx_word' id='word_1_257' title='bbox 1566 3571 1609 3638; x_wconf 93' lang='lat' dir='ltr'><strong>de</strong></span> <span class='ocrx_word' id='word_1_258' title='bbox 1640 3577 1761 3640; x_wconf 89' lang='lat' dir='ltr'><strong>nostra</strong></span> <span class='ocrx_word' id='word_1_259' title='bbox 1791 3578 1999 3660; x_wconf 84' lang='lat' dir='ltr'><strong>potestatem</strong></span> <span class='ocrx_word' id='word_1_260' title='bbox 2025 3582 2096 3648; x_wconf 78' lang='lat' dir='ltr'><strong>siat</strong></span> 
     </span>
     <span class='ocr_line' id='line_1_21' title="bbox 246 3725 2096 3820; baseline 0.001 -19"><span class='ocrx_word' id='word_1_261' title='bbox 246 3737 504 3820; x_wconf 86' lang='lat' dir='ltr'><strong>supstractum,</strong></span> <span class='ocrx_word' id='word_1_262' title='bbox 521 3737 607 3800; x_wconf 87' lang='lat' dir='ltr'><strong>tune</strong></span> <span class='ocrx_word' id='word_1_263' title='bbox 623 3731 701 3800; x_wconf 91' lang='lat' dir='ltr'><strong>sine</strong></span> <span class='ocrx_word' id='word_1_264' title='bbox 725 3732 878 3818; x_wconf 90' lang='lat' dir='ltr'><strong>pretium</strong></span> <span class='ocrx_word' id='word_1_265' title='bbox 902 3729 1115 3816; x_wconf 87' lang='lat' dir='ltr'><strong>perbeniant</strong></span> <span class='ocrx_word' id='word_1_266' title='bbox 1139 3727 1184 3794; x_wconf 88' lang='lat' dir='ltr'><strong>ad</strong></span> <span class='ocrx_word' id='word_1_267' title='bbox 1200 3729 1411 3812; x_wconf 84' lang='lat' dir='ltr'><strong>potestatem</strong></span> <span class='ocrx_word' id='word_1_268' title='bbox 1435 3725 1591 3812; x_wconf 89' lang='lat' dir='ltr'><strong>predicte</strong></span> <span class='ocrx_word' id='word_1_269' title='bbox 1616 3728 1798 3815; x_wconf 89' lang='lat' dir='ltr'><strong>hecclesie,</strong></span> <span class='ocrx_word' id='word_1_270' title='bbox 1823 3731 1869 3799; x_wconf 90' lang='lat' dir='ltr'><strong>ad</strong></span> <span class='ocrx_word' id='word_1_271' title='bbox 1892 3733 2096 3804; x_wconf 83' lang='lat' dir='ltr'><strong>laciendum</strong></span> 
     </span>
     <span class='ocr_line' id='line_1_22' title="bbox 248 3877 1959 3972; baseline -0.001 -17"><span class='ocrx_word' id='word_1_272' title='bbox 248 3885 380 3955; x_wconf 89' lang='lat' dir='ltr'><strong>exinde</strong></span> <span class='ocrx_word' id='word_1_273' title='bbox 396 3885 489 3972; x_wconf 90' lang='lat' dir='ltr'><strong>quod</strong></span> <span class='ocrx_word' id='word_1_274' title='bbox 504 3885 697 3952; x_wconf 88' lang='lat' dir='ltr'><strong>boluerint.</strong></span> <span class='ocrx_word' id='word_1_275' title='bbox 714 3885 759 3952; x_wconf 85' lang='lat' dir='ltr'><strong>Et</strong></span> <span class='ocrx_word' id='word_1_276' title='bbox 775 3885 870 3950; x_wconf 92' lang='lat' dir='ltr'><strong>hunc</strong></span> <span class='ocrx_word' id='word_1_277' title='bbox 887 3881 1030 3947; x_wconf 87' lang='lat' dir='ltr'><strong>brebem</strong></span> <span class='ocrx_word' id='word_1_278' title='bbox 1054 3877 1183 3964; x_wconf 89' lang='lat' dir='ltr'><strong>scripsi</strong></span> <span class='ocrx_word' id='word_1_279' title='bbox 1197 3895 1264 3964; x_wconf 83' lang='lat' dir='ltr'><strong>ego</strong></span> <span class='ocrx_word' id='word_1_280' title='bbox 1287 3877 1450 3964; x_wconf 89' lang='lat' dir='ltr'><strong>superius</strong></span> <span class='ocrx_word' id='word_1_281' title='bbox 1468 3879 1584 3946; x_wconf 91' lang='lat' dir='ltr'><strong>dictus</strong></span> <span class='ocrx_word' id='word_1_282' title='bbox 1608 3882 1762 3949; x_wconf 88' lang='lat' dir='ltr'><strong>romualt</strong></span> <span class='ocrx_word' id='word_1_283' title='bbox 1786 3887 1959 3954; x_wconf 84' lang='lat' dir='ltr'><strong>notarius.</strong></span> 
     </span>
    </p>

    <p class='ocr_par' dir='ltr' id='par_1_9' title="bbox 291 4013 867 4128">
     <span class='ocr_line' id='line_1_23' title="bbox 291 4013 867 4128; baseline -0.003 -22"><span class='ocrx_word' id='word_1_284' title='bbox 291 4013 321 4128; x_wconf 90' lang='lat'><em>†</em></span> <span class='ocrx_word' id='word_1_285' title='bbox 346 4043 422 4128; x_wconf 87' lang='lat' dir='ltr'><strong>Ego</strong></span> <span class='ocrx_word' id='word_1_286' title='bbox 438 4041 587 4110; x_wconf 84' lang='lat' dir='ltr'><strong>Ioannes</strong></span> <span class='ocrx_word' id='word_1_287' title='bbox 603 4060 659 4108; x_wconf 88' lang='lat' dir='ltr'><strong>mo</strong></span> <span class='ocrx_word' id='word_1_288' title='bbox 675 4037 867 4124; x_wconf 87' lang='lat' dir='ltr'><strong>subscripsi</strong></span> 
     </span>
    </p>

    <p class='ocr_par' dir='ltr' id='par_1_10' title="bbox 290 4166 980 4281">
     <span class='ocr_line' id='line_1_24' title="bbox 290 4166 980 4281; baseline -0.016 -19"><span class='ocrx_word' id='word_1_289' title='bbox 290 4166 320 4281; x_wconf 88' lang='lat'>†</span> <span class='ocrx_word' id='word_1_290' title='bbox 343 4195 524 4281; x_wconf 76' lang='grc' dir='ltr'><strong>Ευπραξηος</strong></span> <span class='ocrx_word' id='word_1_291' title='bbox 545 4212 596 4258; x_wconf 79' lang='grc' dir='ltr'><strong>του</strong></span> <span class='ocrx_word' id='word_1_292' title='bbox 618 4211 716 4277; x_wconf 78' lang='grc' dir='ltr'><strong>αγηου</strong></span> <span class='ocrx_word' id='word_1_293' title='bbox 738 4189 932 4256; x_wconf 80' lang='grc' dir='ltr'><strong>ΝΗΚΟΔΟΥ</strong></span> <span class='ocrx_word' id='word_1_294' title='bbox 954 4187 980 4268; x_wconf 83' lang='lat'><strong>¹)</strong></span> 
     </span>
    </p>

    <p class='ocr_par' dir='ltr' id='par_1_11' title="bbox 294 4343 832 4432">
     <span class='ocr_line' id='line_1_25' title="bbox 294 4343 832 4432; baseline -0.015 -18"><span class='ocrx_word' id='word_1_295' title='bbox 294 4349 506 4432; x_wconf 80' lang='lat' dir='ltr'><strong>(Eusrosr&#39;us</strong></span> <span class='ocrx_word' id='word_1_296' title='bbox 529 4344 646 4413; x_wconf 78' lang='lat' dir='ltr'><strong>sancti</strong></span> <span class='ocrx_word' id='word_1_297' title='bbox 668 4343 832 4423; x_wconf 83' lang='lat' dir='ltr'><strong>Nicoloi).</strong></span> 
     </span>
    </p>

    <p class='ocr_par' dir='ltr' id='par_1_12' title="bbox 292 4472 1099 4588">
     <span class='ocr_line' id='line_1_26' title="bbox 292 4472 1099 4588; baseline -0.019 -20"><span class='ocrx_word' id='word_1_298' title='bbox 292 4472 325 4588; x_wconf 91' lang='lat'>†</span> <span class='ocrx_word' id='word_1_299' title='bbox 352 4517 418 4586; x_wconf 85' lang='lat' dir='ltr'><strong>ego</strong></span> <span class='ocrx_word' id='word_1_300' title='bbox 439 4496 605 4567; x_wconf 89' lang='lat' dir='ltr'><strong>desideus</strong></span> <span class='ocrx_word' id='word_1_301' title='bbox 627 4493 790 4563; x_wconf 88' lang='lat' dir='ltr'><strong>notarius</strong></span> <span class='ocrx_word' id='word_1_302' title='bbox 813 4510 869 4558; x_wconf 89' lang='lat' dir='ltr'><strong>me</strong></span> <span class='ocrx_word' id='word_1_303' title='bbox 893 4487 1099 4574; x_wconf 89' lang='lat' dir='ltr'><strong>subscripsi.</strong></span> 
     </span>
    </p>

    <p class='ocr_par' dir='ltr' id='par_1_13' title="bbox 288 4623 1295 4741">
     <span class='ocr_line' id='line_1_27' title="bbox 288 4623 1295 4741; baseline -0.015 -22"><span class='ocrx_word' id='word_1_304' title='bbox 288 4623 319 4741; x_wconf 83' lang='lat'>†</span> <span class='ocrx_word' id='word_1_305' title='bbox 342 4658 411 4736; x_wconf 69' lang='lat' dir='ltr'><strong>Hqc</strong></span> <span class='ocrx_word' id='word_1_306' title='bbox 426 4669 466 4736; x_wconf 81' lang='grc' dir='ltr'><strong>ρα</strong></span> <span class='ocrx_word' id='word_1_307' title='bbox 487 4651 538 4714; x_wconf 77' lang='lat' dir='ltr'><strong>leo</strong></span> <span class='ocrx_word' id='word_1_308' title='bbox 555 4647 736 4730; x_wconf 77' lang='grc' dir='ltr'>φιλουμενος</span> <span class='ocrx_word' id='word_1_309' title='bbox 749 4662 802 4708; x_wconf 82' lang='grc' dir='ltr'><strong>και</strong></span> <span class='ocrx_word' id='word_1_310' title='bbox 821 4659 978 4726; x_wconf 82' lang='grc' dir='ltr'><strong>ιγουμενος</strong></span> <span class='ocrx_word' id='word_1_311' title='bbox 1001 4661 1034 4704; x_wconf 86' lang='grc' dir='ltr'><strong>εκ</strong></span> <span class='ocrx_word' id='word_1_312' title='bbox 1054 4659 1090 4704; x_wconf 81' lang='grc' dir='ltr'><strong>το</strong></span> <span class='ocrx_word' id='word_1_313' title='bbox 1111 4640 1247 4705; x_wconf 74' lang='lat' dir='ltr'><strong>column</strong></span> <span class='ocrx_word' id='word_1_314' title='bbox 1268 4633 1295 4722; x_wconf 82' lang='lat'><strong>²)</strong></span> 
     </span>
    </p>
   </div>
   <div class='ocr_carea' id='block_1_9' title="bbox 295 4793 1167 4892">
    <p class='ocr_par' dir='ltr' id='par_1_14' title="bbox 295 4793 1167 4892">
     <span class='ocr_line' id='line_1_28' title="bbox 295 4793 1167 4892; baseline -0.021 -17"><span class='ocrx_word' id='word_1_315' title='bbox 295 4808 387 4892; x_wconf 75' lang='lat' dir='ltr'><strong>(Epo</strong></span> <span class='ocrx_word' id='word_1_316' title='bbox 409 4803 512 4872; x_wconf 83' lang='lat' dir='ltr'><strong>valde</strong></span> <span class='ocrx_word' id='word_1_317' title='bbox 535 4819 559 4867; x_wconf 88' lang='lat' dir='ltr'><strong><em>a</em></strong></span> <span class='ocrx_word' id='word_1_318' title='bbox 583 4800 653 4866; x_wconf 82' lang='lat' dir='ltr'><strong>Deo</strong></span> <span class='ocrx_word' id='word_1_319' title='bbox 676 4798 820 4864; x_wconf 82' lang='lat' dir='ltr'><strong>umatus</strong></span> <span class='ocrx_word' id='word_1_320' title='bbox 843 4798 874 4860; x_wconf 86' lang='lat' dir='ltr'><strong>ct</strong></span> <span class='ocrx_word' id='word_1_321' title='bbox 899 4793 1005 4861; x_wconf 85' lang='lat' dir='ltr'><strong>obbas</strong></span> <span class='ocrx_word' id='word_1_322' title='bbox 1029 4793 1167 4872; x_wconf 78' lang='lat' dir='ltr'><strong>Solicti)</strong></span> 
     </span>
    </p>
   </div>
   <div class='ocr_carea' id='block_1_10' title="bbox 288 5226 919 5315">
    <p class='ocr_par' dir='ltr' id='par_1_15' title="bbox 288 5226 919 5315">
     <span class='ocr_line' id='line_1_29' title="bbox 288 5226 919 5315; baseline -0.027 -12"><span class='ocrx_word' id='word_1_323' title='bbox 288 5238 312 5315; x_wconf 86' lang='lat'><strong>¹)</strong></span> <span class='ocrx_word' id='word_1_324' title='bbox 334 5237 358 5314; x_wconf 78' lang='lat'><strong>²)</strong></span> <span class='ocrx_word' id='word_1_325' title='bbox 380 5235 462 5298; x_wconf 86' lang='lat' dir='ltr'><strong>Vide</strong></span> <span class='ocrx_word' id='word_1_326' title='bbox 487 5231 677 5297; x_wconf 83' lang='lat' dir='ltr'><strong>iac-similia</strong></span> <span class='ocrx_word' id='word_1_327' title='bbox 701 5229 735 5288; x_wconf 95' lang='lat' dir='ltr'><strong>in</strong></span> <span class='ocrx_word' id='word_1_328' title='bbox 759 5229 824 5289; x_wconf 81' lang='lat' dir='ltr'><strong>sine</strong></span> <span class='ocrx_word' id='word_1_329' title='bbox 847 5226 919 5288; x_wconf 81' lang='lat' dir='ltr'><strong>Vol.</strong></span> 
     </span>
    </p>
   </div>
   <div class='ocr_carea' id='block_1_11' title="bbox 0 0 2672 7095">
    <p class='ocr_par' dir='ltr' id='par_1_16' title="bbox 0 0 2672 7095">
     <span class='ocr_line' id='line_1_30' title="bbox 0 0 2672 7095; baseline 0 0"><span class='ocrx_word' id='word_1_330' title='bbox 0 0 2672 7095; x_wconf 95' lang='lat' dir='ltr'><strong> </strong></span> 
     </span>
    </p>
   </div>
  </div>
 </body>
</html>
