5376 7094
1023 506 1418 582 lllPLoblthCUs
2076 515 2099 612 3
2155 458 2157 462 ’

294 731 373 798 rius
396 729 579 814 diximus,
604 725 732 798 inclita
748 728 828 815 ipsa
851 733 990 800 sextam
1013 736 1152 818 partem
1175 735 1274 802 vobis
1297 736 1466 822 predictis
1483 737 1629 806 bisantii
1657 742 1693 806 et
1709 736 1823 806 allani
1848 737 2073 821 venumdedi,
2098 735 2144 805 ad

295 883 521 951 securiteret
535 883 688 948 firmiter
704 879 856 953 hamodo
871 885 907 949 et
921 899 1058 968 semper
1074 901 1134 950 vos
1151 885 1327 952 nominati
1344 884 1487 955 alfanus
1505 889 1541 954 et
1556 888 1734 956 visentius
1750 890 1786 956 et
1803 888 1930 955 vestris
1954 889 2142 956 heredibus

291 1036 372 1102 illut
396 1034 613 1120 habendum,
638 1031 888 1119 possidendum
911 1051 992 1101 cum
1015 1033 1136 1102 omnia
1149 1034 1244 1102 inira
1268 1053 1305 1103 se
1320 1037 1548 1122 habentibus,
1565 1038 1799 1124 omnibusque
1816 1038 1891 1104 suis
1906 1037 2142 1122 pertinentiis

293 1196 423 1260 etcum
448 1189 526 1257 bice
551 1188 593 1255 de
617 1188 678 1254 bia
694 1205 775 1273 sua,
788 1187 910 1255 omnia
933 1188 1064 1256 exinde
1088 1187 1290 1256 faciendum
1314 1189 1406 1276 quod
1429 1191 1624 1258 volueritis.
1649 1191 1742 1258 unde
1766 1208 1830 1277 pro
1855 1189 2140 1259 confirmandam

292 1349 328 1410 et
351 1338 641 1410 stabilisoendam
666 1341 760 1406 hanc
784 1357 864 1406 mea
888 1338 1105 1407 bindictione
1128 1356 1225 1406 nunc
1242 1357 1265 1406 a
1277 1341 1453 1426 presentis
1477 1341 1676 1426 recepimus
1694 1361 1716 1410 a
1731 1359 1792 1408 vos
1809 1341 1986 1408 nominati
2010 1340 2137 1408 emtori

291 1493 362 1561 mei
387 1493 561 1561 statutum
584 1492 754 1578 pretium,
783 1492 795 1558 i
820 1493 905 1557 sunt
927 1491 1008 1559 auri
1034 1491 1106 1558 tari
1123 1493 1206 1560 voni
1223 1479 1413 1560 numerum
1425 1493 1545 1560 decem
1561 1493 1599 1560 in
1612 1493 1730 1560 omnis
1753 1491 2022 1576 deliveratione,
2046 1493 2140 1559 sicut

290 1647 384 1713 inter
408 1663 473 1712 nos
497 1647 688 1731 convenit,
713 1645 883 1731 finitoque
899 1662 982 1713 vero
998 1645 1153 1731 pretium
1170 1646 1287 1730 ipsum
1303 1649 1390 1730 aput
1406 1663 1462 1711 me
1477 1662 1521 1712 ea
1537 1662 1618 1712 vero
1634 1645 1787 1729 ratione,
1805 1663 1868 1730 per
1893 1663 1984 1712 vona
2000 1646 2143 1712 combe-¹

287 1800 428 1868 nientia
451 1797 586 1886 guadio
601 1799 700 1865 vobis
717 1797 878 1867 iamdicti
903 1797 1052 1866 bisantii
1069 1803 1105 1866 et
1120 1797 1234 1866 allani
1257 1797 1432 1882 dedimus,
1457 1802 1493 1867 et
1507 1799 1737 1866 mediatorem
1754 1799 1853 1865 vobis
1870 1799 2051 1883 posuimus
2067 1798 2149 1868 ler·=

288 1954 422 2022 randus
445 1972 577 2041 genero
600 1956 764 2022 maranci
788 1955 856 2022 tilii
880 1955 1022 2038 sellicti3
1047 1956 1083 2020 et
1105 1971 1168 2038 per
1185 1951 1307 2019 eadem
1327 1950 1462 2036 guadia
1479 1951 1622 2037 hobligo
1639 1969 1694 2018 me
1717 1969 1864 2038 meoque
1881 1952 1995 2020 fllium
2018 1958 2054 2022 et
2078 1959 2138 2024 he·

285 2106 386 2175 redes
397 2105 522 2176 amodo
533 2111 569 2175 et
583 2123 722 2193 semper
737 2107 985 2176 antistandum
996 2109 1032 2173 et
1043 2103 1298 2172 defensandum
1311 2103 1410 2169 vobis
1424 2102 1551 2170 inclita
1567 2106 1813 2192 suprascripta
1824 2123 1904 2173 mea
1917 2105 2136 2178 bindictione

284 2278 366 2328 cum
389 2263 467 2328 bice
490 2260 532 2329 de
555 2261 616 2328 bia
631 2279 696 2328 sua
720 2260 768 2327 ha
791 2278 877 2344 pars
894 2259 1000 2328 uxori
1017 2276 1093 2325 mee
1109 2262 1144 2324 et
1160 2259 1206 2327 ab
1220 2255 1384 2322 omnibus
1401 2257 1606 2325 hominibus
1622 2257 1789 2343 omnique
1806 2260 1984 2344 partibuS,
2009 2267 2044 2330 et
2060 2281 2133 2329 non

284 2430 344 2481 eos
366 2416 465 2482 vobis
489 2412 612 2481 tollere
636 2416 699 2480 aut
722 2417 888 2481 contrare
911 2429 1116 2499 queramus.
1142 2411 1233 2497 quod
1257 2409 1288 2476 si
1312 2409 1449 2496 taliter,
1467 2413 1507 2476 ut
1521 2409 1657 2476 dictum
1680 2415 1747 2495 est,
1767 2430 1904 2498 semper
1929 2414 2010 2482 illut
2033 2418 2133 2485 vobis

284 2567 481 2652 vestrisque
505 2565 694 2633 heredibus
718 2581 790 2631 non
812 2564 1137 2647 defensaverimus,
1162 2568 1226 2630 aut
1249 2564 1280 2629 si
1303 2579 1370 2648 ego
1393 2560 1451 2628 vel
1474 2559 1571 2629 filius
1594 2565 1657 2629 aut
1681 2562 1829 2630 heredes
1853 2581 1948 2632 meos
1972 2565 2054 2633 ill-ut
2077 2567 2132 2634 vel

282 2719 414 2786 exinde
439 2720 538 2786 vobis
561 2720 758 2804 vestrisque
782 2717 974 2786 heredibus
997 2716 1120 2785 tollere
1143 2719 1207 2784 aut
1229 2718 1409 2799 contrare,
1433 2731 1496 2780 seu
1518 2713 1699 2781 remobere
1715 2716 1965 2803 quesierimus,
1984 2719 2039 2788 vel
2064 2722 2133 2792 ali-

282 2891 355 2960 qua
378 2875 541 2943 causatio
564 2873 664 2940 vobis
686 2873 885 2959 vestrisque
907 2872 1073 2941 eredibus
1095 2869 1225 2938 exinde
1241 2868 1481 2952 omiserimus,
1497 2885 1561 2954 per
1576 2868 1704 2952 quavis
1727 2869 1840 2936 modis
1855 2869 1910 2936 vel
1930 2871 2133 2963 ingenium,

281 3031 366 3094 ante
389 3027 511 3096 omnia
534 3028 672 3113 questio
694 3029 729 3093 et
751 3025 913 3094 causatio
930 3043 1009 3093 mea
1032 3027 1069 3091 et
1090 3022 1134 3092 de
1151 3021 1225 3089 lilio
1241 3024 1277 3089 et
1292 3019 1440 3088 heredes
1457 3037 1553 3087 meos
1569 3019 1682 3088 modis
1698 3021 1863 3090 omnibus
1879 3025 2052 3094 adversus
2068 3047 2129 3098 vos
2167 3015 2170 3020 ’

280 3182 329 3248 sit
347 3179 430 3249 inde
446 3179 560 3250 tacita
575 3183 612 3248 et
627 3183 756 3266 bacua3
772 3185 808 3249 et
823 3197 887 3266 per
910 3179 988 3265 ipsa
1002 3177 1138 3265 guadio
1154 3174 1297 3260 hobligo
1319 3192 1376 3242 me
1400 3191 1545 3261 meoque
1563 3173 1680 3242 illium
1696 3179 1731 3244 et
1747 3178 1896 3246 heredes
1920 3197 2130 3270 componere

282 3335 382 3403 vobis
397 3334 592 3404 nominatis
617 3333 766 3402 bisantii
781 3335 817 3401 et
832 3331 947 3403 alfani
969 3347 1079 3416 quam
1094 3333 1130 3397 et
1146 3329 1192 3397 ad
1207 3329 1336 3397 vestris
1359 3328 1567 3415 heredibus,
1591 3333 1656 3398 aut
1679 3332 1738 3399 cui
1753 3333 1831 3401 vice
1848 3339 1972 3405 nostra
1987 3339 2129 3408 cartula

279 3489 353 3558 ista
368 3489 407 3558 in
423 3504 571 3556 manum
586 3487 764 3573 paruerit,
780 3484 900 3553 decem
916 3483 999 3552 auri
1021 3483 1151 3551 solidos
1175 3482 1432 3566 constantines
1450 3485 1500 3569 et,
1522 3483 1615 3550 sicut
1637 3486 1803 3572 superius
1826 3487 1961 3555 dictum
1980 3494 2048 3578 est,
2065 3510 2128 3578 per

279 3641 404 3709 inbitis
428 3640 509 3708 illut
531 3639 630 3707 vobis
654 3638 888 3723 defensemus3
913 3635 944 3702 si
968 3639 1088 3705 autem
1112 3651 1173 3700 vos
1196 3633 1251 3702 vel
1276 3634 1386 3703 vestri
1410 3633 1617 3721 heredibus,
1633 3641 1669 3705 et
1685 3639 1829 3724 quando
1853 3640 2038 3709 volueritis
2062 3662 2127 3729 per

277 3815 339 3865 vos
355 3795 442 3882 ipsis
459 3792 542 3861 inde
565 3809 642 3860 esse
666 3793 830 3860 auctores
845 3791 882 3857 et
898 3787 1113 3874 defensores,
1136 3793 1223 3856 tunc
1245 3789 1325 3855 bice
1349 3791 1473 3856 nostra
1495 3788 1680 3858 licentiam
1699 3794 1735 3858 et
1751 3795 1961 3877 potestatem
1985 3796 2126 3864 abeatis

277 3967 360 4016 cum
383 3949 453 4016 ista
469 3943 622 4029 cartula,
639 3946 770 4012 etcum
785 3940 891 4028 quale
915 3942 989 4010 alia
1013 3941 1202 4028 rationem,
1216 3941 1309 4026 quod
1333 3941 1416 4009 inde
1433 3943 1566 4010 habere
1579 3943 1780 4030 potueritis,
1798 3945 1837 4012 in
1852 3948 2016 4015 omnibus
2040 3951 2124 4019 inde

276 4117 429 4168 causare
452 4101 489 4166 et
511 4095 618 4165 dnem
642 4097 773 4180 lacere,
790 4093 946 4179 qualiter
969 4093 1167 4162 volueritis.
1192 4112 1291 4181 nam,
1307 4091 1450 4181 quando
1473 4111 1530 4162 me
1545 4095 1601 4161 vel
1625 4094 1755 4184 illium,
1772 4100 1836 4166 aut
1859 4099 2006 4167 heredes
2029 4118 2128 4170 meas

275 4251 481 4339 quesieritis
496 4249 579 4318 inde
602 4252 710 4318 abere
732 4249 947 4333 defensores,
971 4264 1037 4334 ego
1062 4249 1182 4315 autem
1206 4251 1241 4315 et
1264 4245 1360 4315 illius
1382 4253 1418 4316 et
1441 4249 1589 4317 heredes
1613 4268 1711 4318 meas
1727 4249 1855 4318 inclita
1869 4249 2124 4338 {suprascripta

275 4422 357 4472 mea
380 4402 598 4471 bindictione
613 4399 712 4468 vobis
727 4399 924 4486 vestrisque
939 4400 1130 4469 heredibus
1144 4417 1283 4486 semper
1307 4399 1546 4488 defensemus,
1564 4406 1599 4470 et
1615 4401 1737 4470 omnia
1749 4400 2014 4488 adimpleamus,
2029 4403 2124 4473 sicut

272 4559 440 4644 superius
463 4555 609 4643 legitur,
625 4573 689 4642 per
712 4553 919 4640 supradicta
935 4553 1071 4642 guadio
1093 4559 1129 4623 et
1151 4555 1311 4642 obligata
1334 4573 1441 4642 pena.
1468 4575 1577 4643 quam
1592 4561 1627 4624 te
1644 4555 1799 4624 arechisi
1823 4556 2007 4624 notarium
2031 4561 2120 4627 scri-

273 4715 356 4781 bere
379 4711 597 4799 rogabimus.
623 4710 771 4778 hactum
794 4707 949 4776 salerno,

318 4840 349 4955 †
373 4882 439 4952 ego
462 4863 663 4935 romoaldus

319 4992 350 5108 †
374 5038 440 5106 ego
464 5023 585 5105 petrus
608 5017 771 5084 notarius
794 5032 850 5083 me
874 5015 1080 5100 subscripsi.
1113 5102 1120 5120 ί
