5318 7102
910 551 1092 626 REGUM
1123 550 1448 624 FRANCORUM
2007 549 2054 624 35

294 776 412 862 luerit,
442 777 587 847 missum
613 774 673 847 ille
699 798 772 847 rem
799 775 997 870 cognitane
1016 774 1147 848 iustitia
1172 773 1317 864 laciunt,
1339 797 1430 847 anno
1449 773 1509 846 illo
1527 797 1602 847 esse
1620 775 1830 872 permiserit,
1852 774 2000 849 ulterius
2019 799 2099 850 eum

295 959 364 1008 non
392 933 562 1028 adquirat,
592 935 652 1006 scd
679 933 752 1029 ipso
779 931 999 1030 fisconnostro
1017 933 1182 1020 sociatum
1209 930 1363 1004 debitum
1382 955 1476 1020 vero,
1497 933 1589 1025 quod
1606 931 1660 1004 his
1679 933 1780 1006 cuius
1799 957 1854 1005 ras
1880 935 1953 1030 ipsa
1980 935 2100 1022 luerit,

294 1093 430 1166 soluere
456 1091 574 1164 debuit
600 1114 660 1186 per
686 1093 850 1164 comitem
868 1091 931 1164 hac
950 1089 1129 1164 ministros
1141 1093 1216 1162 eius
1234 1091 1325 1162 iusta
1340 1089 1557 1163 estimatione
1576 1089 1692 1162 damni
1711 1090 1814 1164 rebus
1832 1091 2020 1166 mobilibus
2038 1093 2099 1188 qui

295 1252 331 1322 in
358 1251 479 1323 eadem
505 1249 695 1346 propietate
730 1249 870 1324 invente
902 1249 1045 1337 luerint,
1073 1247 1127 1320 his
1153 1247 1278 1343 quibus
1311 1246 1445 1320 debitor
1470 1249 1548 1335 luit,
1577 1245 1774 1336 exalbatur;
1808 1250 1957 1344 quodsi
1984 1273 2101 1333 rerum

294 1407 476 1482 movilium
516 1407 646 1480 ibidem
683 1405 901 1481 bibentarum
935 1430 1036 1500 quam
1070 1405 1244 1501 quodtitas
1270 1402 1293 1500 ¹)
1328 1407 1369 1476 ad
1404 1406 1654 1501 compositione
1681 1429 1745 1478 nos
1772 1405 1981 1492 sufficerint,
2011 1407 2102 1481 sicut

295 1568 426 1642 dictum
452 1576 518 1656 est,
547 1567 651 1641 tiscus
676 1577 794 1640 noster
811 1565 995 1662 possideat.
1017 1564 1052 1638 Si
1071 1564 1178 1636 nichil
1198 1588 1301 1660 super
1318 1565 1567 1660 compositione
1586 1589 1765 1637 remanare
1791 1570 1956 1662 potuerit,
1985 1573 2099 1640 totum

294 1730 330 1800 in
357 1728 417 1800 illa
442 1730 665 1824 expendatur.
696 1728 732 1801 Si
759 1735 875 1800 autem
901 1727 1003 1798 bomo
1030 1725 1108 1812 illa,
1137 1727 1237 1799 cuius
1263 1726 1493 1799 coheredibus
1519 1727 1695 1823 proprium
1723 1753 1824 1801 suum
1851 1729 2002 1800 divisum
2029 1752 2099 1802 non

292 1885 501 1974 habuerunt,
529 1895 564 1960 et
589 1895 756 1961 convocet
774 1909 832 1959 eos
850 1909 980 1971 comcs,
1009 1895 1139 1958 etcum
1157 1886 1207 1958 eis
1225 1887 1417 1981 legitimam
1439 1887 1665 1960 traditionem
1692 1887 1809 1961 laciat.
1830 1888 1873 1962 Et
1889 1896 1987 1976 tunc,
2009 1889 2102 1962 sicut

294 2047 518 2136 dictumest,
546 2056 678 2144 partem
705 2047 780 2118 eius
806 2045 890 2120 lisco
916 2053 1034 2118 nostro
1060 2045 1227 2135 absdimt,
1255 2057 1290 2120 ct
1318 2048 1605 2144 compositionem
1639 2053 1729 2122 iusta
1762 2049 1904 2121 modum
1936 2047 2097 2144 superius

295 2207 579 2303 comprehensus,
607 2209 661 2280 bis
687 2235 706 2282 a
732 2233 818 2304 quos
836 2207 1045 2304 illelegibus
1063 2210 1224 2306 pertinet,
1253 2207 1402 2294 exolbat;
1423 2207 1514 2300 quod
1540 2208 1569 2278 si
1597 2231 1666 2280 non
1693 2208 1735 2279 de
1763 2209 1848 2280 alias
1874 2231 1943 2294 res,
1973 2206 2033 2280 scd
2060 2207 2104 2280 de

294 2390 356 2438 sua
380 2365 453 2460 ipsa
478 2367 686 2462 proprietate
711 2391 775 2462 que
795 2368 829 2439 in
848 2365 937 2440 bono
956 2357 979 2464 ²]
1007 2365 1135 2440 missus
1161 2367 1239 2454 luit,
1260 2365 1322 2438 bac
1341 2390 1400 2462 per
1427 2365 1552 2438 hocin
1579 2376 1694 2439 nostra
1722 2375 1888 2461 potestate
1916 2366 2100 2440 redactum

294 2534 358 2597 est.
387 2525 424 2598 Si
450 2535 565 2598 autem
591 2526 831 2622 interpellatus
856 2549 993 2615 comes,
1021 2529 1056 2599 in
1083 2527 1183 2599 cuius
1211 2525 1404 2598 ministerio
1430 2547 1506 2597 csse
1532 2525 1749 2612 constiterit,
1778 2525 1843 2598 hcc
1870 2525 1911 2596 ad
1938 2525 2100 2600 notitiam

294 2693 448 2757 nostram
482 2687 634 2780 perlerre
659 2695 786 2759 curret.
816 2688 886 2760 Nos
912 2687 1032 2760 eadem
1058 2687 1300 2783 proprietatem
1319 2711 1385 2781 que
1404 2689 1616 2762 saecundum
1636 2689 1873 2784 supradictum
1900 2688 2041 2762 modum
2060 2689 2097 2759 ln

230 2945 232 2949 Ι
295 2855 414 2920 nostro
441 2850 596 2922 dominio
623 2851 761 2924 redacte
788 2860 869 2924 sunt
886 2873 946 2947 per
964 2851 1115 2946 precepti
1133 2851 1242 2924 nostri
1261 2850 1581 2934 auctoritatemilla
1599 2849 1793 2946 pervenire,
1824 2858 1858 2921 et
1883 2849 1912 2920 si
1940 2849 2100 2943 quicum-

295 3031 361 3100 que
387 3009 428 3080 ad
455 3033 557 3081 suum
584 3012 760 3106 proprium
788 3012 1000 3106 pertraxerit,
1029 3010 1132 3081 liceat
1151 3009 1182 3082 ei
1201 3033 1303 3082 suum
1322 3015 1578 3081 sacramentum
1604 3005 1743 3091 habere,
1773 3017 1806 3080 et
1834 3009 1862 3079 si
1892 3006 2016 3077 exinde
2044 3029 2104 3102 po-

295 3174 367 3239 stea
393 3169 600 3242 convinctus
626 3169 745 3256 luerit,
774 3170 892 3242 dextra
918 3195 1041 3242 manus
1067 3179 1265 3266 amputetur
1289 3163 1328 3265 ⁸).

248 3328 285 3400 Si
312 3330 389 3422 quis
415 3330 457 3402 de
483 3338 574 3402 statu
600 3355 675 3418 suo,
705 3333 794 3402 idest
820 3331 862 3402 de
880 3329 1050 3417 libertate,
1071 3332 1125 3403 vel
1146 3333 1188 3404 de
1207 3333 1398 3405 hereditate
1425 3333 1686 3427 compellandus
1712 3339 1778 3417 est,
1808 3330 1898 3402 iusta
1927 3326 2102 3422 composi-

293 3490 399 3563 tionis
425 3491 633 3563 manniatur.
662 3489 730 3562 Sed
756 3513 816 3586 per
842 3492 962 3563 comiti
987 3489 1170 3564 banniatur
1186 3489 1223 3586 ⁸),
1253 3503 1287 3564 ct
1305 3493 1334 3563 si
1353 3502 1431 3587 post
1449 3492 1542 3563 huna
1561 3491 1670 3562 altera
1687 3490 1825 3562 comitis
1844 3487 2097 3582 acquisitiones

294 3614 418 3742 aliquis
444 3651 483 3721 ad
511 3651 653 3722 mallum
679 3649 798 3722 venire
824 3649 988 3736 noluerit,
1017 3647 1120 3722 rebus
1146 3651 1221 3722 cius
1240 3650 1274 3721 in
1301 3650 1455 3723 bannum
1482 3651 1597 3722 missis
1622 3651 1742 3722 venire
1769 3659 1802 3720 et
1829 3648 1961 3720 iustitia
1979 3647 2095 3718 lacere

298 3808 550 3904 compellantur
575 3811 612 3904 ⁵).

287 4240 311 4328 ¹)
332 4247 451 4312 lnvece
476 4251 508 4312 di
530 4251 742 4318 bibantarum
763 4268 860 4333 quant
881 4251 1050 4332 quadratas
1073 4251 1096 4314 il
1119 4251 1202 4314 Mur.
1228 4252 1281 4313 ha:
1306 4252 1517 4316 inventarum
1538 4249 1719 4332 quantitas.

286 4395 310 4478 ²)
331 4397 428 4462 bono:
452 4397 609 4460 bannum.
1146 4489 1151 4500 1

286 4541 310 4624 ⁸)
331 4541 404 4606 Mur
425 4545 493 4607 XX.
519 4545 568 4608 Cf.
593 4545 638 4606 ib.
663 4547 747 4608 Nota
768 4546 819 4628 32)
840 4562 914 4625 paq.
938 4545 1020 4617 130,
1046 4546 1080 4605 in
1103 4545 1158 4606 cui
1181 4548 1199 4606 a
1224 4544 1383 4626 riportato
1416 4543 1440 4604 il
1463 4551 1548 4606 tosto
1581 4541 1635 4604 del
1665 4539 1742 4604 Cod.
1762 4542 1890 4603 'Estem
1916 4539 1948 4600 di
1973 4544 2095 4620 questa

245 4689 354 4769 lagga,
380 4691 601 4754 concordante
625 4693 839 4774 pienamente
863 4693 913 4754 col
937 4691 1057 4755 Codice
1081 4693 1241 4755 cavense.
1667 4643 1670 4648 Ι
2157 4641 2160 4648 ’

286 4837 310 4918 ⁸)
333 4859 348 4894 «
372 4836 531 4914 blannire,
555 4859 684 4912 vocare,
709 4842 747 4901 ia
762 4838 830 4918 jaas,
856 4839 941 4919 quod
961 4836 1057 4916 fiebat
1078 4839 1182 4900 tribas
1204 4838 1335 4900 testibus
1356 4837 1595 4917 praesentibus,
1615 4855 1655 4898 ea
1681 4836 1788 4898 Germ.
1813 4833 1940 4907 blanca,
1965 4836 2099 4900 Uenere

248 5008 263 5042 r
287 4985 493 5062 submonere;
511 5034 655 5049 ......
680 4987 858 5070 Disserebat
879 5005 953 5048 vero
975 4983 1132 5049 ltaunitio
1154 5001 1174 5048 a
1196 4984 1400 5060 Bannitiaue3
1424 5003 1505 5047 acra
1526 4987 1586 5047 etat
1607 4983 1747 5048 bannire
1768 4985 1812 5045 stt
1832 4985 1871 5046 ia
1889 4983 1945 5062 jos
1967 5001 2094 5057 uocare,

247 5155 262 5188 u
288 5151 386 5213 aeque
409 5153 447 5197 ac
467 5131 628 5208 mannire,
652 5137 690 5196 ia
713 5151 748 5195 eo
770 5139 880 5195 tamen
902 5134 1115 5205 diversimode
1137 5134 1215 5195 baec
1236 5133 1335 5194 verba
1357 5133 1579 5212 accipiuntur,¹
1604 5132 1689 5210 qaod
1710 5131 1859 5198 mannire
1881 5131 2092 5206 muratorii,

246 5303 261 5338 «
285 5279 423 5344 bannire
446 5289 554 5345 autem
569 5279 693 5359 judicis
715 5285 797 5352 erat,
821 5281 859 5342 ia
874 5278 929 5358 jac
952 5285 1009 5342 aut
1031 5281 1074 5342 ad
1090 5282 1253 5358 placitam
1274 5289 1304 5343 et
1319 5280 1486 5361 judicium
1507 5283 1611 5345 citare
1616 5327 1762 5344 ......
1786 5279 1894 5360 lqitar
1915 5277 2096 5344 banaicbat

246 5449 261 5484 a
284 5445 325 5488 aa
346 5427 454 5506 officio
476 5447 533 5490 auo
549 5428 653 5508 jadex
675 5435 868 5502 outremer,
891 5429 981 5491 nullo
1002 5429 1193 5491 adversario
1211 5435 1420 5506 provocante.
1444 5427 1507 5507 (cf.
1524 5428 1573 5488 Du
1597 5426 1706 5504 Gange
1729 5425 1836 5487 Gloss.
1860 5425 1898 5486 V.
1915 5421 2092 5502 naurire).

242 5570 271 5632 ll
292 5573 450 5636 Muratori
472 5575 527 5654 poi
551 5593 602 5654 op.
627 5593 655 5635 c.
680 5575 764 5636 Nota
784 5575 836 5656 25)
856 5593 930 5655 pag.
954 5575 1015 5638 l29
1037 5575 1231 5653 soggiunge:
1258 5597 1272 5633 a
1295 5571 1435 5638 bannire
1448 5574 1549 5652 faisse
1564 5574 1702 5647 comitis,
1720 5574 1786 5634 sive
1800 5571 1940 5643 dedicio,
1957 5572 2098 5649 sortasse

245 5743 261 5778 «
286 5723 369 5799 qaod
390 5724 418 5784 is
442 5723 486 5786 ad
507 5723 695 5786 citationem
717 5722 913 5803 odjaaqebat
933 5723 1074 5786 bannum
1097 5723 1241 5801 aliquod,
1266 5723 1324 5784 boc
1347 5729 1403 5796 cst,
1423 5739 1564 5800 poenam
1586 5739 1654 5781 aaa
1676 5718 1912 5798 obtemperanti
1936 5739 1966 5778 n.

285 5868 309 5948 ⁵)
330 5869 452 5944 Questo
475 5871 552 5952 Cap.
577 5869 739 5934 concorda
761 5868 811 5931 col
834 5870 874 5930 N.
898 5869 971 5932 XIX
999 5870 1053 5932 del
1085 5869 1182 5946 Mun,
1213 5890 1266 5935 ma
1293 5890 1354 5954 per
1376 5869 1503 5952 poterlo
1527 5868 1766 5950 comprendere
1790 5868 1929 5946 bisogna
1951 5864 2091 5944 aggiun·
