5334 7098
992 581 1397 654 nlrttlnn'llctls
2002 584 2069 655 175

271 799 432 886 ecclesie,
458 803 493 868 et
516 817 589 866 non
612 803 742 886 querat
766 801 867 868 nobis
883 800 964 869 illut
991 802 1111 870 tollere
1135 809 1199 872 aut
1223 809 1401 876 contrane:
1429 811 1546 894 preter
1570 807 1598 874 si
1624 807 1667 874 de
1687 810 1755 876 hac
1778 811 1877 876 terra
1901 807 2127 876 salernitana

273 952 469 1020 exierimus
486 969 550 1038 pro
567 950 681 1022 aliubi
697 952 742 1020 ad
759 951 985 1040 abitandum,
1009 955 1135 1024 inclita
1159 956 1237 1042 ipsa
1261 977 1299 1026 re
1323 961 1536 1044 perbeniant
1553 966 1591 1028 at
1607 964 1815 1048 potestatem
1839 960 2000 1045 ecclesie,
2020 960 2073 1027 vel
2093 962 2126 1028 si

273 1108 382 1175 talem
407 1109 548 1194 culpam
572 1105 784 1194 fecerimus,
812 1107 904 1174 unde
928 1107 1065 1195 legibus
1092 1109 1128 1174 in
1154 1109 1289 1194 palatio
1314 1111 1473 1181 cecidere
1496 1113 1741 1201 debuerimus,
1769 1119 1804 1181 et
1831 1116 1862 1182 si
1887 1112 1984 1183 inira
2009 1113 2129 1180 tribus

275 1261 363 1330 anni
388 1261 420 1328 ic
445 1261 579 1329 rebersi
604 1262 779 1330 fuerimus
794 1260 839 1328 ad
856 1261 1080 1350 abitandum,
1098 1262 1224 1330 inclita
1249 1261 1325 1347 ipsa
1349 1265 1454 1331 rebus
1477 1265 1636 1332 rabertat
1659 1269 1696 1332 at
1720 1269 1841 1333 nostra
1857 1269 2067 1351 potestatem
2086 1265 2128 1331 in

277 1411 337 1480 illo
360 1414 484 1483 ordine
516 1417 552 1482 et
575 1415 737 1501 ratione,
761 1417 853 1484 sicut
876 1416 1041 1501 superius
1064 1413 1236 1500 diximus,
1261 1414 1341 1480 etsi
1365 1413 1412 1480 da
1434 1412 1502 1498 ipsi
1528 1413 1712 1481 duodecim
1735 1415 1822 1484 anni
1847 1417 1885 1482 in
1910 1421 2018 1486 antea
2044 1417 2129 1486 illut

276 1573 398 1636 tenere
423 1568 654 1655 noluerimus
679 1568 786 1636 liceat
801 1585 866 1634 nos
890 1568 972 1635 iude
996 1569 1097 1636 exire
1120 1587 1201 1635 oum
1224 1568 1339 1634 omnis
1363 1571 1485 1635 nostra
1509 1567 1656 1636 mobilia
1673 1575 1709 1636 et
1725 1587 1787 1654 pre
1812 1589 1892 1638 cum
1909 1589 1962 1656 eo,
1980 1573 2041 1638 ubi
2067 1575 2129 1640 bo-
2187 1639 2189 1644 .

277 1719 387 1806 lueri,
413 1739 545 1807 apsque
569 1720 664 1789 omni
689 1719 946 1788 contrarietate
969 1739 1054 1806 pars
1077 1719 1233 1806 predicte
1258 1719 1417 1788 ecclesie.
1443 1721 1541 1788 Unde
1564 1721 1604 1786 in
1628 1739 1669 1788 eo
1692 1721 1817 1790 ordine
1840 1741 1902 1808 per
1928 1727 2020 1792 bona
2045 1745 2129 1792 con-

278 1873 463 1942 benientia
491 1874 625 1961 guadia
654 1875 764 1942 michi
787 1874 961 1942 dederunt
994 1874 1167 1941 iohannes
1197 1873 1372 1959 presbiter
1396 1875 1432 1940 et
1455 1876 1576 1958 petrus
1602 1871 1777 1957 presbiter
1809 1893 1872 1959 per
1905 1875 2132 1962 apsolutioue

276 2027 436 2114 gualleri
461 2029 497 2096 et
513 2027 642 2114 astelfl,
659 2028 721 2114 qui
745 2031 828 2094 sunt
851 2027 1000 2094 dominii
1017 2027 1059 2094 de
1077 2026 1154 2112 ipsa
1176 2026 1340 2110 ecclesia,
1357 2029 1393 2092 et
1416 2024 1645 2095 mediatorem
1661 2025 1771 2092 michi
1789 2033 1984 2111 posueruut
1999 2030 2133 2098 echino

279 2181 353 2247 fllio
382 2181 502 2250 sillitti
516 2202 526 2267 ;
551 2184 586 2249 et
609 2199 672 2267 per
697 2182 776 2266 ipsa
799 2181 931 2268 guadia
954 2181 1128 2268 obligabit
1150 2199 1186 2246 se
1209 2197 1341 2264 suoque
1370 2195 1602 2264 successores
1628 2177 1680 2244 vel
1706 2197 1790 2263 pars
1820 2181 1931 2265 ipsius
1963 2184 2128 2270 ecclesie,

280 2337 319 2400 ut
341 2334 372 2400 si
396 2333 540 2420 aliquit,
557 2335 600 2402 de
616 2336 787 2421 quomodo
811 2337 976 2422 superius
1000 2337 1147 2422 legitur,
1172 2333 1343 2419 quesierit
1366 2335 1546 2402 remobere
1570 2337 1634 2400 aut
1659 2335 1836 2417 contrane,
1855 2337 1891 2399 et
1914 2334 2004 2402 talia
2030 2338 2133 2450 nobis

282 2505 354 2554 non
377 2487 631 2574 adinpleberit,
654 2493 740 2556 tnnc
763 2508 825 2576 per
849 2489 928 2576 ipsa
950 2489 1084 2576 guadio
1099 2507 1305 2575 componere
1321 2489 1571 2575 obligaberunt
1587 2506 1623 2554 se
1641 2487 1706 2574 ipsi
1725 2489 1911 2573 presbiteri
1937 2492 1973 2555 et
1996 2494 2132 2576 rector,

281 2641 425 2708 illorum
449 2660 668 2712 successores
692 2647 728 2712 et
751 2662 835 2729 pars
857 2643 970 2730 ipsius
993 2643 1138 2711 ecclesie
1170 2643 1271 2709 nobis
1302 2642 1502 2726 nostrisque
1533 2640 1721 2708 heredibus
1753 2640 2022 2729 quinquaginta
2048 2643 2132 2710 auri

281 2798 409 2865 solidos
440 2797 704 2866 constantinus:
729 2801 979 2866 verumtamen
1004 2800 1068 2864 lroc
1093 2797 1293 2882 recolimus,
1323 2800 1361 2863 ut
1385 2797 1460 2882 ipse
1485 2803 1741 2880 castanaeque
1770 2795 1900 2866 ibidem
1930 2799 2014 2905 surpt
2037 2797 2135 2862 intro

283 2950 362 3036 ipsa
386 2953 584 3039 mensoria,
609 2950 732 3020 amodo
755 2954 792 3019 et
814 2951 911 3016 omni
936 2955 1092 3036 ternpore
1116 2969 1179 3019 nos
1203 2951 1262 3018 ille
1286 2951 1495 3037 colligamus
1513 2953 1549 3017 et
1567 2952 1760 3034 siclrernuS,
1777 2955 1812 3018 et
1829 2971 1892 3037 per
1909 2950 2136 3018 medietatem

282 3106 376 3174 inter
400 3124 464 3174 nos
488 3107 548 3174 ille
572 3107 793 3176 dividamus:
818 3107 1045 3175 medietatem
1070 3107 1106 3172 in
1130 3125 1213 3192 pars
1237 3106 1382 3173 ecclesie
1406 3105 1490 3172 inde
1512 3106 1654 3192 demus,
1679 3111 1714 3172 et
1739 3105 1929 3173 medietate
1955 3105 2033 3190 ipsa
2058 3104 2138 3173 alia

283 3275 347 3324 nos
369 3259 452 3327 inde
476 3262 644 3329 abeamus
668 3262 707 3328 in
730 3262 982 3346 suprascripta·
997 3262 1148 3327 ratione.
1174 3259 1217 3324 Et
1248 3259 1342 3322 lrunc
1366 3257 1509 3322 brebem
1530 3256 1656 3322 scribsi
1681 3274 1747 3342 ego
1765 3255 1948 3340 iaquintus
1967 3257 2135 3324 notarius

283 3415 346 3498 qui
373 3413 535 3482 interfui.

329 3539 359 3654 †
384 3571 459 3655 Ego
482 3568 632 3638 ioannes
658 3567 834 3654 presbiter

330 3694 360 3808 †
385 3723 460 3809 Ego
482 3721 619 3792 adelari

329 3847 359 3962 †
384 3877 458 3961 Ego
480 3881 603 3961 petrus
627 3878 815 3962 presbiter.

1021 4414 1417 4497 DCXXXVIII.

1074 4680 1127 4758 A.
1155 4679 1206 4756 D.
1235 4677 1350 4760 1011.

333 4923 367 5064 †
393 4977 433 5041 ln
458 4977 600 5044 nomine
630 4976 767 5044 domini
793 4975 960 5043 bicesimo
984 4974 1089 5041 tertio
1114 4991 1209 5040 anno
1241 4973 1465 5059 principatus
1497 4971 1618 5038 domni
1650 4971 1761 5038 nostri
1787 4971 1968 5058 guaimari
1995 4971 2144 5059 gloriosi

287 5130 474 5218 principis,
499 5147 620 5199 mense
644 5129 810 5216 martiuS,
835 5145 930 5195 nona
955 5127 1162 5193 indictione.
1181 5128 1219 5190 ln
1244 5126 1488 5194 saeratissimo
1511 5125 1734 5194 salernitano
1758 5123 1894 5210 palatio
1910 5130 1995 5193 ante
2020 5145 2147 5211 supra-

288 5289 387 5356 dicta
410 5287 567 5374 gloriosa
590 5291 776 5374 potestate,
802 5287 942 5353 astante
966 5299 1031 5368 ego
1056 5287 1127 5349 toto
1151 5280 1333 5348 castaldus
1350 5284 1386 5348 et
1403 5281 1526 5367 iudex,
1553 5279 1716 5348 coniunti
1739 5283 1823 5347 sunt
1847 5281 1940 5347 maio
1963 5279 2147 5364 presbiter

293 5442 330 5506 et
355 5440 468 5508 abbas
491 5439 638 5509 ecclesie
662 5437 777 5507 sancti
801 5435 973 5520 maximi,
997 5452 1070 5504 una
1086 5455 1165 5501 curn
1185 5433 1259 5519 ipsc
1275 5433 1414 5502 adesset
1439 5433 1632 5501 roderisius
1648 5431 1812 5501 notarius
1835 5432 2025 5500 adbocator
2050 5429 2148 5496 eius-

290 5591 369 5660 dem
394 5593 558 5680 ecclesie,
581 5611 663 5660 oum
686 5596 810 5678 petrus
833 5592 1038 5660 atrianense
1063 5589 1159 5654 filius
1182 5587 1360 5672 quondam
1385 5587 1475 5673 ursi,
1500 5589 1545 5656 ad
1569 5587 1771 5656 laciendum
1797 5586 1891 5652 inter
1916 5603 1953 5652 se
1978 5561 2090 5651 linemw
2104 5583 2148 5652 de

297 5747 403 5812 rebus
429 5743 506 5830 ipsa
529 5726 571 5812 d'e
596 5742 708 5811 locum
732 5741 890 5828 nucerie,
916 5739 978 5807 ubi
1004 5740 1122 5826 agella
1146 5738 1361 5826 clamantur,
1386 5739 1479 5805 unde
1503 5739 1574 5807 iam
1599 5737 1750 5824 plurime
1781 5735 2008 5804 causationes
2041 5737 2151 5803 abue-

291 5901 389 5983 runt,
414 5897 509 5963 sieut
532 5896 723 5964 continunt
748 5896 921 5981 iudicata,
947 5896 1039 5980 quod
1065 5915 1126 5982 por
1152 5899 1270 5981 partes
1294 5893 1375 5959 inde
1400 5894 1528 5976 abunt,
1547 5893 1671 5975 inquo
1695 5909 1760 5976 ego
1787 5895 1858 5957 toto
1882 5895 1918 5957 et
1943 5894 2065 5975 petrus
2090 5907 2154 5954 no-
