5318 7102
938 551 1119 666 ancon
1157 555 1488 632 rnxvconuu
2045 558 2091 630 aa

333 799 454 849 eorum
481 775 619 861 vadant,
648 775 807 871 Exceptis
834 777 980 850 ducibus
1007 781 1098 874 quod
1125 781 1197 876 ipse
1216 783 1392 878 eligerint,
1412 794 1446 858 et
1463 809 1584 858 eorum
1603 791 1661 857 aut
1679 784 1825 858 castaldi
1842 785 1955 867 liberi,
1977 784 2139 880 Exceptis

333 943 507 1030 quattuor,
538 934 714 1024 volumus,
742 945 780 1008 ut
805 935 953 1031 pleniter
980 921 1186 1034 dirigantur.
1714 1024 1716 1026 ,
1825 979 1879 1085 ,ὲ

285 1095 417 1168 Ceteris
442 1118 525 1168 vero
551 1093 669 1167 liberis
695 1094 894 1167 hominibus
912 1119 998 1190 quos
1016 1105 1141 1171 vocant
1157 1100 1349 1187 wadriledi,
1370 1101 1553 1190 Volumus,
1575 1112 1612 1176 ut
1630 1102 1760 1198 singuli
1778 1102 1962 1176 comitibus
1981 1103 2047 1176 hoc
2067 1128 2141 1178 mo-

332 1255 415 1327 durn
440 1262 568 1341 teneat,
598 1254 780 1341 Videlicet,
809 1265 846 1326 ut
874 1256 933 1348 qui
960 1265 1089 1330 tantam
1116 1255 1343 1331 substantiam
1370 1259 1569 1332 facultatem
1596 1259 1723 1332 liabent
1748 1221 1807 1355 qui
1833 1283 1893 1355 per
1911 1283 1948 1332 se
1966 1261 2041 1334 iure
2060 1282 2142 1357 pos-

332 1415 414 1502 sint,
444 1415 545 1487 etad
571 1414 636 1486 hoc
663 1415 793 1501 sanitas
819 1415 885 1486 erit
911 1417 1022 1488 ulices
1048 1416 1301 1512 adprobaverit,
1329 1423 1456 1492 vadant
1481 1419 1516 1490 in
1543 1417 1665 1505 libero,
1695 1417 1754 1512 qui
1781 1416 1974 1493 substantia
1999 1419 2138 1494 habent.

330 1571 373 1644 Et
397 1582 527 1660 tamen,
548 1573 577 1646 si
595 1573 667 1670 ipse
694 1574 744 1644 ire
771 1597 840 1646 non
867 1575 997 1663 valent,
1026 1573 1166 1647 adiubet
1191 1575 1377 1660 valentem,
1398 1584 1431 1648 et
1450 1576 1565 1648 minus
1588 1574 1787 1660 lrabentcm,
1816 1577 2030 1651 saecundum
2057 1601 2140 1652 vero

332 1731 463 1802 ordinis
489 1731 608 1806 liberis
634 1734 711 1827 quis
737 1756 798 1829 pro
824 1741 1021 1828 paupertate
1048 1755 1196 1828 suaper
1222 1754 1258 1803 se
1285 1733 1335 1802 ire
1361 1754 1430 1803 non
1456 1731 1577 1826 possit,
1598 1739 1633 1804 ct
1649 1739 1764 1803 tamen
1791 1755 1832 1810 ex
1858 1745 1955 1828 parte
1980 1745 2138 1830 possunt,

332 1893 600 1987 coniungantur,
628 1893 697 1967 duo
724 1894 780 1966 vel
806 1901 890 1980 trae,
918 1896 985 1966 Aut
1010 1903 1184 1988 quattuor.
1204 1892 1271 1973 xlii
1292 1915 1387 1978 vcro,
1409 1893 1438 1963 si
1457 1891 1649 1964 necessitas
1675 1892 1794 1978 suerit,
1822 1894 1915 1988 quod
1942 1896 2034 1968 iusta
2059 1919 2142 1968 con-

331 2053 578 2126 siderationem
604 2049 804 2141 committit,
833 2054 930 2126 cunti
957 2053 1169 2126 adiutorium
1195 2053 1338 2140 faciant,
1367 2052 1540 2147 quomodo
1559 2052 1608 2123 ire
1625 2052 1772 2148 possint,
1793 2063 1827 2126 et
1846 2057 1881 2126 in
1901 2079 1969 2127 unc
1996 2056 2139 2129 modum

330 2213 414 2294 ordo
440 2210 505 2283 iste
531 2211 690 2284 serbctur
717 2236 826 2307 usque
846 2214 888 2285 ad
905 2213 992 2285 alios
1018 2213 1077 2307 qui
1103 2235 1164 2308 pro
1191 2199 1305 2282 anima
1331 2218 1542 2307 paupertate,
1572 2189 1683 2306 neque¹
1710 2213 1783 2308 ipse
1800 2214 1850 2284 ire
1870 2213 1998 2302 valent,
2020 2237 2137 2309 neque

330 2371 541 2444 adiutorium
567 2375 663 2443 eunti
689 2376 854 2468 prestare,
883 2395 901 2441 a
927 2369 1111 2442 comitibus
1138 2371 1302 2443 habeatur
1328 2381 1513 2445 excusatus
1540 2382 1615 2466 post
1641 2375 1781 2468 antiqua
1797 2374 2021 2472 ¹consuetudo
2049 2375 2081 2444 ei
2101 2374 2141 2446 fi-

331 2530 462 2604 delium
489 2532 674 2604 comitibus
691 2533 915 2606 observanda.

284 2692 419 2767 Placuit
445 2696 560 2782 nobis,
587 2705 624 2768 ut
651 2697 863 2790 quibuslibet
889 2697 1000 2792 culpis
1026 2699 1136 2793 adque
1162 2699 1368 2770 criminibus
1385 2721 1604 2792 quecumque
1622 2721 1768 2794 persona
1786 2700 1893 2772 totius
1919 2699 2140 2771 fuerintcor·

310 2856 426 2952 'repta
450 2859 487 2954 ⁴),
516 2859 559 2929 Ut
585 2857 690 2929 etiam
715 2840 1075 2931 excommunicatione
1102 2858 1322 2954 episcopalis,
1351 2882 1412 2954 pro
1439 2865 1675 2954 contemptum
1708 2858 1852 2953 dignum
1883 2858 2059 2944 habeatur,
2081 2882 2139 2930 co-

331 3017 425 3090 mitis
451 3041 553 3089 suum
580 3017 792 3112 episcopum,
821 3018 894 3089 sive
921 3016 1090 3102 consocii,
1117 3028 1152 3088 et
1177 3015 1358 3088 amborum
1385 3039 1594 3089 consensum
1622 3017 1883 3089 huiuscemodis
1910 3017 2140 3112 distringatur

331 3184 588 3272 contemptum,
617 3188 655 3251 ut
680 3176 893 3250 iussionibus
928 3177 1078 3272 episcopi
1106 3178 1160 3249 sui
1187 3176 1353 3250 obediens
1380 3177 1540 3250 existant.
1570 3179 1608 3250 Si
1634 3201 1716 3250 vero
1743 3178 1784 3248 ad
1811 3201 1953 3250 sensum
1983 3202 2053 3250 non
2081 3182 2140 3253 de-

330 3339 432 3425 derit,
459 3337 613 3410 bannum
639 3345 796 3409 nostrum
822 3337 921 3408 nobis
947 3337 1132 3432 persolvat,
1154 3338 1245 3431 quod
1263 3339 1291 3409 si
1310 3337 1421 3410 adhuc
1447 3347 1628 3411 contumas
1654 3339 1858 3432 perstiterit,
1886 3349 1971 3412 tuno
1996 3338 2038 3410 ab
2069 3341 2141 3436 epi-

330 3523 433 3594 scopo
460 3497 820 3572 excommunicentur.
850 3496 887 3566 Si
914 3519 997 3568 vero
1023 3497 1342 3568 excommunicatus
1369 3497 1544 3592 corrigere
1563 3495 1771 3588 neqniverit,
1800 3519 1819 3566 a
1845 3497 1971 3569 comite
2007 3496 2140 3569 vinculi

331 3661 601 3756 constringatur,
630 3681 809 3753 quousque
835 3667 995 3730 nostrum
1021 3659 1076 3729 ius
1103 3665 1318 3752 contemptor
1344 3657 1509 3752 suscipiat
1535 3657 1715 3728 iudicium.
1738 3657 1775 3728 Si
1794 3679 1875 3729 vero
1894 3658 1940 3728 ita
1959 3659 1994 3727 in
2012 3656 2140 3730 talibus

331 3846 448 3895 comes
474 3830 650 3917 repertum
676 3821 781 3892 luerit
806 3821 942 3907 noxius,
964 3841 1023 3914 per
1042 3819 1241 3914 aepistolam
1269 3818 1368 3890 nobis
1395 3819 1587 3890 nuntietur.
1618 3817 1654 3890 Si
1681 3826 1795 3889 autern
1822 3817 2010 3890 bassallum
2028 3817 2051 3914 ²)
2079 3841 2141 3891 no-

331 3994 401 4056 stcr
426 3984 462 4053 in
489 3981 554 4054 hoc
582 3982 681 4077 culpa
707 3983 824 4077 lapsus
851 3981 968 4066 suerit,
987 3979 1077 4051 sicut
1096 4003 1197 4075 supra
1224 3979 1342 4052 comiti
1371 3981 1610 4076 distringatur,
1631 3978 1723 4072 quod
1741 3979 1770 4050 si
1785 4002 1853 4050 non
1873 3979 2022 4051 audierit
2039 3977 2139 4052 nobis

330 4146 559 4228 innotescant,
589 4151 774 4236 antequam
801 4143 836 4212 in
863 4142 1015 4212 vinculis
1041 4141 1279 4214 committatur
1296 4144 1334 4235 ³).

285 4304 465 4392 Volumus,
494 4312 533 4378 ut
558 4303 767 4376 omnimodis
793 4303 1000 4374 inmunitate
1028 4325 1088 4397 per
1114 4299 1306 4395 genitorem
1334 4305 1533 4369 nostrorum
1560 4320 1619 4368 seo
1646 4305 1765 4370 noster
1795 4297 1943 4393 pleniter
1982 4322 2021 4371 ac
2048 4299 2138 4373 iuste

332 4463 582 4536 conserbentur
607 4463 645 4560 ⁴).

285 4790 724 4804 *φ’-...ψ

327 5005 396 5085 qfl
420 5003 555 5065 Baluzio
578 5001 665 5065 edil
690 5001 768 5064 Cod.
793 5001 909 5060 Esten.
935 4999 1063 5059 hanno:
1088 4998 1193 5062 luerit
1216 5004 1370 5078 correpta
1393 4997 1536 5059 siccome
1561 4997 1589 5056 si
1613 4997 1708 5074 legge
1733 4997 1788 5058 nel
1813 5005 1924 5059 nostro
1955 4999 2089 5074 Codice;
2114 5001 2139 5062 il

285 5156 370 5213 testo
392 5149 616 5211 Muratoriano
639 5151 718 5228 pero
743 5147 795 5207 ha:
821 5143 945 5210 totiens
967 5144 1071 5208 luerit
1092 5149 1287 5208 contemtor.

326 5299 349 5376 ²)
371 5297 501 5384 Invece·
515 5295 548 5355 di
570 5293 604 5356 si
625 5309 705 5358 vcro
727 5291 776 5356 ita
791 5291 825 5354 in
839 5292 964 5356 talibus
987 5307 1094 5356 comes
1108 5296 1280 5372 repertum
1302 5290 1406 5354 luerit
1419 5289 1536 5355 nomos
1552 5306 1611 5372 per
1633 5289 1825 5370 aepistolam
1846 5291 1939 5356 nobis
1953 5290 2138 5358 nuntiatur.

284 5440 317 5502 Si
338 5448 451 5506 autem
471 5439 654 5505 bassallum
676 5445 735 5503 ete.
761 5438 785 5499 il
806 5437 892 5499 Mur.
917 5438 977 5497 ha:
1002 5435 1035 5498 si
1057 5452 1138 5501 vero
1160 5434 1193 5497 in
1214 5434 1338 5500 talibus
1361 5435 1542 5516 requisitus
1571 5435 1677 5500 luerit
1697 5435 1831 5512 noxius,
1863 5454 1925 5518 per
1945 5437 2141 5522 Episcopum

285 5591 355 5668 ejus
377 5588 471 5654 nobis
493 5588 679 5654 nunciatur.
703 5588 736 5651 Si
759 5592 871 5652 autem
893 5585 1014 5650 Vassus
1037 5593 1096 5648 etc.

325 5738 348 5817 ³)
370 5737 454 5798 Mur.
478 5737 546 5798 XV.

326 5885 349 5962 ⁸)
370 5883 454 5946 Mur.
479 5884 562 5946 XVI.
