5318 7102
624 516 673 586 22
1315 517 1678 590 oarlvutsbm

624 758 806 826 turbarunt,
837 739 1102 826 SerenissimuS,
1132 747 1317 832 augustuS,
1347 738 1513 811 Omnibus
1540 738 1715 810 iudicibus
1740 741 1778 833 ¹),
1806 735 2010 822 Comitibus,
2038 733 2243 820 Castaldeis,
2273 734 2339 806 Seo
2364 736 2429 806 rei-

621 897 769 992 publicis
794 898 972 992 provincie
1000 897 1095 970 italie
1123 922 1141 969 a
1168 903 1288 969 nostra
1313 899 1595 985 mansuetudine,
1624 897 1820 995 prepositis,
1846 899 1946 970 Auro
1965 915 2008 970 ΑΒ
2026 912 2429 968 lnonnbnrlorvnnoumr

624 1076 750 1133 nosrnr
776 1077 875 1132 mrsu
901 1078 1038 1132 orrmsrr
1064 1077 1175 1144 necor,
1204 1057 1397 1129 indictione
1422 1081 1525 1146 nona,
1546 1059 1646 1134 bavo
1671 1076 1761 1130 veno
1779 1073 1886 1130 asom
1905 1071 2031 1132 vosrm
2051 1074 2087 1127 m
2104 1072 2258 1128 salvom
2274 1053 2430 1150 Triginta

621 1227 708 1305 tres,
735 1218 774 1292 bv
800 1237 917 1289 tantm
943 1217 1068 1312 viginti
1095 1222 1190 1311 septe
1211 1221 1249 1311 ²),
1279 1216 1487 1289 Consulatus
1514 1227 1628 1290 autem
1655 1217 1765 1289 nostri
1795 1215 1959 1312 primum,
1980 1213 2174 1286 comitalia
2200 1220 2339 1308 propter
2365 1213 2429 1285 uti-

623 1373 756 1448 litatem
782 1384 900 1448 sanctc
927 1375 984 1446 dei
1011 1375 1201 1447 aecclesiae
1227 1376 1269 1448 ad
1287 1377 1545 1470 provinciarum
1563 1377 1855 1473 disponendarum
1881 1375 2111 1462 venissemus,
2140 1374 2182 1446 Et
2200 1374 2311 1445 multa
2329 1381 2430 1465 atque

624 1535 909 1609 diversaurbem
936 1534 1114 1630 singulas,
1144 1543 1223 1608 ante
1249 1543 1436 1632 conspectu
1462 1545 1602 1625 nostro,
1632 1537 1845 1631 questiones,
1872 1541 1944 1606 tam
1970 1534 2011 1604 de
2038 1531 2300 1618 ecclesiasticis,
2329 1554 2429 1625 quam

625 1695 818 1791 publicum,
848 1696 913 1768 bac
940 1695 1082 1792 pribatis
1108 1695 1211 1768 rebus
1238 1696 1516 1784 obscuterentur,
1545 1698 1708 1792 pleraque
1734 1696 1851 1769 statim
1878 1715 1937 1792 pre
1963 1695 2107 1766 recitata
2133 1716 2276 1765 romana
2302 1689 2341 1788 ⁸),
2370 1712 2428 1762 seu

624 1854 837 1948 langobarda
862 1855 988 1949 legem,
1016 1853 1250 1948 Componendi
1277 1855 1506 1942 sententiam,
1535 1881 1554 1930 a
1580 1857 1752 1930 sententia
1778 1855 1962 1930 terminata
1988 1861 2081 1938 sunt,
2110 1851 2258 1944 quedam
2284 1850 2426 1921 veroin

623 2013 752 2084 uostris
778 2014 930 2083 exaurini
957 2013 1150 2102 arbitrium,
1180 2016 1222 2087 ad
1247 2021 1384 2110 tempus
1411 2016 1567 2102 dilatata,
1595 2037 1741 2135 quorum
1768 2001 1941 2086 iudicialis
1975 2011 2193 2084 asententia
2218 2007 2425 2104 legislatori-

626 2169 711 2254 bus,
741 2179 799 2243 aut
824 2173 961 2266 penitus
987 2171 1138 2244 obmissa
1163 2181 1228 2254 est,
1257 2182 1317 2246 aut
1341 2174 1489 2268 posteris
1515 2173 1699 2245 oblivionis
1725 2173 1862 2260 tradita,
1891 2171 2055 2266 quocirca
2080 2168 2432 2240 nos·oonsiderantes

624 2328 809 2400 utilitatem
835 2337 1003 2415 nostram,
1024 2330 1065 2399 Et
1083 2329 1208 2424 populo
1235 2331 1299 2402 deo
1324 2330 1424 2405 nobis
1450 2333 1636 2404 commissa
1654 2353 1761 2426 eaque
1780 2331 1822 2404 ab
1839 2329 2117 2403 antecessoribus
2135 2329 2263 2399 nostris
2291 2325 2427 2420 regibus

626 2489 720 2561 italie
745 2491 783 2586 ⁴),
812 2494 847 2560 in
874 2492 987 2562 edicto
1013 2489 1101 2585 legis
1127 2490 1372 2587 langobardiae
1399 2493 1440 2566 ab
1466 2495 1549 2589 ipsis
1575 2495 1688 2568 edicte
1713 2495 2031 2591 pretermisserunt,
2052 2493 2142 2565 iusta
2160 2513 2277 2562 rerum
2296 2497 2330 2560 et
2346 2499 2429 2561 tem-

624 2672 745 2741 porum
772 2649 1083 2720 considerationem
1110 2651 1236 2721 addere
1263 2652 1475 2726 curavimus.
1496 2653 1637 2725 Scilicet
1655 2661 1694 2726 ut
1710 2653 1907 2728 necessaria
1920 2675 2055 2747 queque
2072 2651 2141 2745 legi
2159 2651 2331 2736 delerant,
2351 2671 2427 2742 sup·

623 2809 802 2900 plorentur
818 2805 842 2905 ³)
861 2817 895 2880 et
913 2810 948 2879 ni
967 2809 1070 2882 rebus
1097 2811 1211 2883 dubiis
1237 2835 1305 2884 non
1334 2811 1536 2887 coramlibet
1562 2813 1731 2886 iudicium
1751 2813 1945 2898 arbitrium,
1965 2819 1999 2883 et
2017 2819 2133 2882 nostre
2161 2811 2255 2905 regie
2283 2807 2425 2880 auctori-

626 2966 707 3036 tatis
734 2967 846 3037 santio
873 2967 1050 3060 prevalere
1075 2967 1113 3062 ⁶).

578 3125 851 3198 Annomrrorvou
876 3145 986 3200 noum
1013 3145 1138 3201 ennom
1164 3147 1376 3202 rurnnsrom
1402 3131 1438 3224 ²).

581 3417 1018 3432 ——n———ss-—u-

622 3660 643 3738 ¹)
666 3661 786 3721 Invece
811 3661 842 3720 di
865 3659 1031 3724 lodicibus
1055 3661 1075 3718 il
1099 3659 1183 3721 Mur.
1208 3661 1261 3721 ha:
1286 3661 1436 3724 Ducibus.

619 3808 643 3887 ²)
665 3808 783 3870 Iuvece
808 3807 841 3867 di
860 3809 896 3870 ln
918 3807 1014 3870 Italia
1036 3805 1156 3887 viqinti
1177 3813 1270 3886 septe
1286 3807 1308 3867 il
1330 3808 1414 3868 Mur.
1441 3809 1500 3868 ha:
1524 3809 1561 3870 ln
1581 3808 1678 3872 Italia
1700 3809 1835 3872 xxvln.

618 3956 642 4032 ³)
663 3955 784 4018 Invece
809 3932 983 4035 di'questo
1006 3927 1304 4036 incomprensibile
1338 3955 1456 4021 statim
1483 3972 1543 4035 pre
1566 3955 1709 4022 recitate
1731 3975 1864 4023 romena
1889 3960 1913 4020 il
1935 3959 2018 4022 Mur.
2044 3962 2104 4022 ha:
2129 3969 2258 4028 statute
2287 3964 2428 4032 recitata

578 4119 621 4164 ex
640 4100 790 4164 Romane.

620 4247 645 4325 ὅ)
666 4247 729 4307 Nel
752 4246 836 4307 Mur.
863 4251 979 4308 manea
1002 4245 1033 4304 la
1054 4245 1167 4324 perola
1189 4244 1307 4309 ltaliae
1329 4245 1383 4306 del
1408 4246 1485 4308 Cod.
1511 4247 1592 4330 Car.
1612 4267 1629 4308 e
1653 4251 1682 4312 si
1704 4249 1800 4327 legge
1825 4249 1966 4312 soltanto
1987 4251 2114 4316 nostris
2139 4254 2287 4331 reqihus.

622 4395 646 4476 ⁸)
670 4396 789 4456 lnvece
815 4395 847 4454 di
865 4393 930 4472 leqi
952 4393 1108 4456 deferant
1137 4391 1374 4472 supplerentur
1395 4392 1417 4453 il
1440 4393 1522 4454 Mur.
1547 4393 1606 4453 ha:
1631 4393 1755 4458 soliciti
1775 4402 1814 4459 nt
1835 4398 2037 4474 necessaria,
2061 4414 2145 4478 qnae
2167 4398 2235 4479 lcqi
2258 4400 2431 4467 doluerant

581 4539 830 4622 supplerentur.

621 4686 645 4767 ⁰)
668 4686 694 4745 Il
718 4689 829 4744 nostro
853 4683 972 4745 Codice
997 4680 1160 4744 concorda
1181 4682 1438 4760 perfettamente
1464 4681 1512 4741 col
1535 4683 1575 4741 N.
1601 4682 1708 4743 CLVII
1731 4683 1783 4744 del
1806 4685 1890 4746 Mur.
1914 4685 2146 4753 Additamento
2168 4697 2257 4767 etc,
2284 4695 2307 4752 il
2336 4695 2429 4772 quale

581 4832 673 4895 nella
695 4829 871 4907 Nolanos)
893 4845 966 4906 pag.
990 4827 1072 4898 113,
1104 4824 1177 4887 dice
1202 4845 1266 4886 non
1290 4844 1385 4886 esser
1407 4831 1525 4904 queste
1546 4835 1738 4889 veramente
1761 4848 1827 4890 una
1849 4829 1963 4908 legge,
1989 4851 2042 4892 me
2070 4837 2098 4894 si
2120 4837 2434 4920 pialtostoun’Epi-

581 4977 667 5039 stola
689 4976 722 5035 di
746 4973 840 5035 Carlo
863 4975 990 5049 Magno,
1016 4971 1077 5031 che
1100 4974 1165 5050 pub
1188 4977 1285 5031 tener
1307 4971 1404 5048 luogo
1427 4971 1459 5031 di
1475 4973 1668 5034 Prefazione
1685 4971 1750 5034 elle
1766 4973 1855 5051 leggi
1869 4975 1909 5034 da
1924 4977 1984 5037 Lui
2002 4979 2158 5056 aggiunte
2183 4980 2213 5040 al
2230 5003 2329 5062 corpo
2346 4985 2432 5046 delle

582 5122 684 5200 Leggi
708 5116 933 5195 Longobarde.
959 5139 974 5175 «
999 5115 1212 5177 Desideratus·
1232 5117 1321 5176 luter
1342 5116 1606 5202 Louqobcrdtcas
1628 5119 1723 5197 Leqes
1746 5121 1849 5182 odilus
1872 5123 1950 5183 hoec
1971 5123 2118 5202 Epistola
2139 5125 2249 5188 Caroli
2264 5129 2434 5192 M.-Eum

583 5289 598 5323 u
623 5266 706 5325 mihi
728 5262 950 5340 suppedltuvIt
973 5259 1081 5320 Codex
1106 5257 1258 5322 Cothedr.
1282 5259 1401 5320 Mutia.
1421 5259 1554 5340 jamque
1576 5265 1782 5342 evii-lqoverat
1809 5264 1967 5328 Butuntos
1997 5267 2099 5348 (Tom.
2124 5271 2137 5330 Ι
2160 5291 2233 5351 pag.
2258 5276 2342 5356 345).
2365 5274 2435 5337 Nou

585 5433 599 5468 «
625 5416 670 5471 est
694 5409 824 5486 quidem
845 5407 906 5476 lea,
932 5407 988 5467 secl
1009 5405 1238 5484 Praefatiouie
1260 5406 1366 5466 locum
1386 5405 1522 5483 implere
1539 5411 1647 5483 potest
1669 5407 1713 5468 od
1726 5407 1822 5486 Leqes
1840 5407 2073 5487 pertinacium
2093 5413 2137 5474 M.
2163 5416 2295 5479 additas
2315 5419 2437 5500 Lotape

586 5579 600 5612 u
626 5553 838 5616 burdicurum
860 5553 989 5629 corpori
1013 5573 1041 5610 r.

627 5701 650 5781 ⁷)
672 5703 717 5762 La
739 5704 900 5776 sequente
924 5696 1065 5776 prolissa
1088 5696 1353 5769 Ammonizione,
1379 5699 1447 5759 cosi
1471 5701 1606 5761 comesi
1623 5701 1718 5780 legge
1736 5704 1789 5765 nel
1806 5711 1917 5768 nostro
1933 5705 2066 5781 Codice,
2083 5727 2145 5789 per
2160 5718 2282 5788 quanto
2298 5713 2343 5773 mi
2361 5713 2439 5773 fossi

585 5846 774 5926 cooperato,
800 5863 863 5905 non
887 5843 932 5903 mi
957 5841 1174 5922 inpossibile
1199 5839 1231 5900 di
1254 5841 1438 5902 rinvenirla
1461 5843 1550 5905 nelle
1573 5845 1723 5908 Edizioni
1747 5849 1801 5911 dei
1826 5851 2004 5931 Capitolari
2027 5851 2080 5938 dei
2103 5853 2151 5916 Re
2176 5854 2356 5935 Carolingi.
