<?xml version="1.0" encoding="UTF-8"?>
<!DOCTYPE html PUBLIC "-//W3C//DTD XHTML 1.0 Transitional//EN"
    "http://www.w3.org/TR/xhtml1/DTD/xhtml1-transitional.dtd">
<html xmlns="http://www.w3.org/1999/xhtml" xml:lang="en" lang="en">
 <head>
  <title>
</title>
<meta http-equiv="Content-Type" content="text/html;charset=utf-8" />
  <meta name='ocr-system' content='tesseract 3.04.00' />
  <meta name='ocr-capabilities' content='ocr_page ocr_carea ocr_par ocr_line ocrx_word'/>
</head>
<body>
  <div class='ocr_page' id='page_1' title='image "./codexdiplomatic05aragoog_0138.png"; bbox 0 0 5310 7080; ppageno 0'>
   <div class='ocr_carea' id='block_1_1' title="bbox 984 530 1380 602">
    <p class='ocr_par' dir='ltr' id='par_1_1' title="bbox 984 530 1380 602">
     <span class='ocr_line' id='line_1_1' title="bbox 984 530 1380 602; baseline 0.003 -3"><span class='ocrx_word' id='word_1_1' title='bbox 984 530 1380 602; x_wconf 71' lang='lat' dir='ltr'>[tirtellllldus</span> 
     </span>
    </p>
   </div>
   <div class='ocr_carea' id='block_1_2' title="bbox 1030 967 1316 1051">
    <p class='ocr_par' dir='ltr' id='par_1_2' title="bbox 1030 967 1316 1051">
     <span class='ocr_line' id='line_1_2' title="bbox 1030 967 1316 1051; baseline -0.01 -3"><span class='ocrx_word' id='word_1_2' title='bbox 1030 967 1316 1051; x_wconf 81' lang='lat' dir='ltr'><strong>DXGVIII.</strong></span> 
     </span>
    </p>
   </div>
   <div class='ocr_carea' id='block_1_3' title="bbox 1028 1225 1319 1310">
    <p class='ocr_par' dir='ltr' id='par_1_3' title="bbox 1028 1225 1319 1310">
     <span class='ocr_line' id='line_1_3' title="bbox 1028 1225 1319 1310; baseline -0.038 0"><span class='ocrx_word' id='word_1_3' title='bbox 1028 1231 1089 1310; x_wconf 56' lang='lat' dir='ltr'>A,</span> <span class='ocrx_word' id='word_1_4' title='bbox 1111 1229 1161 1305; x_wconf 92' lang='lat' dir='ltr'>D.</span> <span class='ocrx_word' id='word_1_5' title='bbox 1191 1225 1319 1308; x_wconf 89' lang='grc'>1008.</span> 
     </span>
    </p>
   </div>
   <div class='ocr_carea' id='block_1_4' title="bbox 299 1461 2106 1608">
    <p class='ocr_par' dir='ltr' id='par_1_4' title="bbox 299 1461 2106 1608">
     <span class='ocr_line' id='line_1_4' title="bbox 299 1461 2106 1608; baseline 0.002 -30"><span class='ocrx_word' id='word_1_6' title='bbox 299 1461 333 1600; x_wconf 77' lang='lat'><em>†</em></span> <span class='ocrx_word' id='word_1_7' title='bbox 358 1515 398 1580; x_wconf 93' lang='grc'>16</span> <span class='ocrx_word' id='word_1_8' title='bbox 423 1518 566 1584; x_wconf 90' lang='grc'><strong>666166</strong></span> <span class='ocrx_word' id='word_1_9' title='bbox 590 1517 724 1585; x_wconf 90' lang='lat' dir='ltr'>domini</span> <span class='ocrx_word' id='word_1_10' title='bbox 749 1520 978 1588; x_wconf 85' lang='lat' dir='ltr'>nonodecimo</span> <span class='ocrx_word' id='word_1_11' title='bbox 1002 1539 1097 1591; x_wconf 89' lang='lat' dir='ltr'>anno</span> <span class='ocrx_word' id='word_1_12' title='bbox 1121 1521 1343 1608; x_wconf 84' lang='lat' dir='ltr'>principatus</span> <span class='ocrx_word' id='word_1_13' title='bbox 1367 1519 1489 1586; x_wconf 90' lang='lat' dir='ltr'>domni</span> <span class='ocrx_word' id='word_1_14' title='bbox 1513 1519 1626 1586; x_wconf 81' lang='lat' dir='ltr'>nostri</span> <span class='ocrx_word' id='word_1_15' title='bbox 1644 1515 1824 1603; x_wconf 84' lang='lat' dir='ltr'>guaimari</span> <span class='ocrx_word' id='word_1_16' title='bbox 1842 1515 1989 1604; x_wconf 80' lang='lat' dir='ltr'>gloriosi</span> <span class='ocrx_word' id='word_1_17' title='bbox 2006 1517 2106 1603; x_wconf 87' lang='lat' dir='ltr'>prin-</span> 
     </span>
    </p>
   </div>
   <div class='ocr_carea' id='block_1_5' title="bbox 240 1665 2110 5747">
    <p class='ocr_par' dir='ltr' id='par_1_5' title="bbox 240 1665 2110 5747">
     <span class='ocr_line' id='line_1_5' title="bbox 251 1665 2100 1760; baseline 0.002 -26"><span class='ocrx_word' id='word_1_18' title='bbox 251 1665 354 1754; x_wconf 87' lang='lat' dir='ltr'>cipis,</span> <span class='ocrx_word' id='word_1_19' title='bbox 379 1687 499 1738; x_wconf 89' lang='lat' dir='ltr'>mense</span> <span class='ocrx_word' id='word_1_20' title='bbox 524 1671 733 1760; x_wconf 90' lang='lat' dir='ltr'>ianuarius,</span> <span class='ocrx_word' id='word_1_21' title='bbox 759 1677 862 1743; x_wconf 80' lang='lat' dir='ltr'>sexta</span> <span class='ocrx_word' id='word_1_22' title='bbox 886 1673 1094 1742; x_wconf 78' lang='lat' dir='ltr'>indictione.</span> <span class='ocrx_word' id='word_1_23' title='bbox 1120 1672 1409 1742; x_wconf 82' lang='lat' dir='ltr'>memoratorium</span> <span class='ocrx_word' id='word_1_24' title='bbox 1432 1672 1528 1740; x_wconf 85' lang='lat' dir='ltr'>factu</span> <span class='ocrx_word' id='word_1_25' title='bbox 1553 1691 1576 1739; x_wconf 92' lang='lat' dir='ltr'>a</span> <span class='ocrx_word' id='word_1_26' title='bbox 1599 1689 1655 1738; x_wconf 93' lang='lat' dir='ltr'>me</span> <span class='ocrx_word' id='word_1_27' title='bbox 1679 1671 1861 1740; x_wconf 87' lang='lat' dir='ltr'>maraldus</span> <span class='ocrx_word' id='word_1_28' title='bbox 1884 1669 2035 1738; x_wconf 87' lang='lat' dir='ltr'>clericus</span> <span class='ocrx_word' id='word_1_29' title='bbox 2058 1670 2100 1736; x_wconf 86' lang='lat' dir='ltr'>ti-</span> 
     </span>
     <span class='ocr_line' id='line_1_6' title="bbox 251 1818 2101 1913; baseline 0.002 -27"><span class='ocrx_word' id='word_1_30' title='bbox 251 1821 321 1890; x_wconf 93' lang='lat' dir='ltr'>lius</span> <span class='ocrx_word' id='word_1_31' title='bbox 343 1822 516 1891; x_wconf 87' lang='lat' dir='ltr'>romoaldi</span> <span class='ocrx_word' id='word_1_32' title='bbox 541 1825 677 1912; x_wconf 89' lang='lat' dir='ltr'>clerici,</span> <span class='ocrx_word' id='word_1_33' title='bbox 703 1843 744 1894; x_wconf 92' lang='lat' dir='ltr'>eo</span> <span class='ocrx_word' id='word_1_34' title='bbox 768 1826 860 1911; x_wconf 94' lang='lat' dir='ltr'>quod</span> <span class='ocrx_word' id='word_1_35' title='bbox 884 1831 967 1896; x_wconf 89' lang='lat' dir='ltr'>ante</span> <span class='ocrx_word' id='word_1_36' title='bbox 991 1827 1182 1913; x_wconf 86' lang='lat' dir='ltr'>subscripti</span> <span class='ocrx_word' id='word_1_37' title='bbox 1207 1831 1314 1894; x_wconf 90' lang='lat' dir='ltr'>testes</span> <span class='ocrx_word' id='word_1_38' title='bbox 1330 1845 1393 1912; x_wconf 87' lang='lat' dir='ltr'>per</span> <span class='ocrx_word' id='word_1_39' title='bbox 1410 1829 1503 1893; x_wconf 88' lang='lat' dir='ltr'>bona</span> <span class='ocrx_word' id='word_1_40' title='bbox 1526 1818 1791 1894; x_wconf 88' lang='lat' dir='ltr'>combenientia</span> <span class='ocrx_word' id='word_1_41' title='bbox 1816 1823 1965 1892; x_wconf 86' lang='lat' dir='ltr'>tradidit</span> <span class='ocrx_word' id='word_1_42' title='bbox 1988 1822 2101 1890; x_wconf 88' lang='lat' dir='ltr'>miehi</span> 
     </span>
     <span class='ocr_line' id='line_1_7' title="bbox 250 1972 2104 2066; baseline 0.004 -30"><span class='ocrx_word' id='word_1_43' title='bbox 250 1972 343 2041; x_wconf 86' lang='lat' dir='ltr'>maio</span> <span class='ocrx_word' id='word_1_44' title='bbox 366 1973 544 2058; x_wconf 84' lang='lat' dir='ltr'>presbiter</span> <span class='ocrx_word' id='word_1_45' title='bbox 567 1981 603 2044; x_wconf 88' lang='lat' dir='ltr'>et</span> <span class='ocrx_word' id='word_1_46' title='bbox 626 1979 737 2045; x_wconf 88' lang='lat' dir='ltr'>abbas</span> <span class='ocrx_word' id='word_1_47' title='bbox 760 1977 908 2045; x_wconf 87' lang='lat' dir='ltr'>ecclesie</span> <span class='ocrx_word' id='word_1_48' title='bbox 931 1978 1048 2046; x_wconf 87' lang='lat' dir='ltr'>sancti</span> <span class='ocrx_word' id='word_1_49' title='bbox 1074 1979 1245 2066; x_wconf 84' lang='lat' dir='ltr'>maximi,</span> <span class='ocrx_word' id='word_1_50' title='bbox 1272 1997 1345 2047; x_wconf 89' lang='lat' dir='ltr'>una</span> <span class='ocrx_word' id='word_1_51' title='bbox 1369 1997 1451 2046; x_wconf 90' lang='lat' dir='ltr'>cum</span> <span class='ocrx_word' id='word_1_52' title='bbox 1474 1996 1515 2046; x_wconf 91' lang='lat' dir='ltr'>eo</span> <span class='ocrx_word' id='word_1_53' title='bbox 1539 1978 1677 2046; x_wconf 86' lang='lat' dir='ltr'>adesset</span> <span class='ocrx_word' id='word_1_54' title='bbox 1701 1976 1901 2046; x_wconf 89' lang='lat' dir='ltr'>romoaldus</span> <span class='ocrx_word' id='word_1_55' title='bbox 1925 1980 1961 2044; x_wconf 90' lang='lat' dir='ltr'>et</span> <span class='ocrx_word' id='word_1_56' title='bbox 1975 1981 2104 2062; x_wconf 88' lang='lat' dir='ltr'>petrus</span> 
     </span>
     <span class='ocr_line' id='line_1_8' title="bbox 248 2126 2110 2219; baseline 0.003 -29"><span class='ocrx_word' id='word_1_57' title='bbox 248 2126 439 2193; x_wconf 85' lang='lat' dir='ltr'>comitibus</span> <span class='ocrx_word' id='word_1_58' title='bbox 462 2128 523 2212; x_wconf 93' lang='lat' dir='ltr'>qui</span> <span class='ocrx_word' id='word_1_59' title='bbox 550 2133 634 2196; x_wconf 88' lang='lat' dir='ltr'>sunt</span> <span class='ocrx_word' id='word_1_60' title='bbox 656 2129 699 2196; x_wconf 93' lang='lat' dir='ltr'>de</span> <span class='ocrx_word' id='word_1_61' title='bbox 722 2129 871 2197; x_wconf 89' lang='lat' dir='ltr'>dominii</span> <span class='ocrx_word' id='word_1_62' title='bbox 898 2133 933 2197; x_wconf 92' lang='lat' dir='ltr'>et</span> <span class='ocrx_word' id='word_1_63' title='bbox 957 2130 1231 2200; x_wconf 89' lang='lat' dir='ltr'>adbocatoribus</span> <span class='ocrx_word' id='word_1_64' title='bbox 1254 2130 1367 2218; x_wconf 90' lang='lat' dir='ltr'>ipsius</span> <span class='ocrx_word' id='word_1_65' title='bbox 1390 2129 1560 2219; x_wconf 86' lang='lat' dir='ltr'>ecclesie,</span> <span class='ocrx_word' id='word_1_66' title='bbox 1591 2131 1633 2198; x_wconf 93' lang='lat' dir='ltr'>de</span> <span class='ocrx_word' id='word_1_67' title='bbox 1658 2137 1756 2200; x_wconf 91' lang='lat' dir='ltr'>terra</span> <span class='ocrx_word' id='word_1_68' title='bbox 1779 2130 2020 2215; x_wconf 87' lang='lat' dir='ltr'>pertinentem</span> <span class='ocrx_word' id='word_1_69' title='bbox 2048 2127 2110 2216; x_wconf 90' lang='lat' dir='ltr'>ip-</span> 
     </span>
     <span class='ocr_line' id='line_1_9' title="bbox 248 2280 2102 2371; baseline 0.002 -25"><span class='ocrx_word' id='word_1_70' title='bbox 248 2280 323 2348; x_wconf 89' lang='lat' dir='ltr'>sius</span> <span class='ocrx_word' id='word_1_71' title='bbox 347 2282 495 2351; x_wconf 88' lang='lat' dir='ltr'>ecclesie</span> <span class='ocrx_word' id='word_1_72' title='bbox 519 2283 562 2350; x_wconf 94' lang='lat' dir='ltr'>de</span> <span class='ocrx_word' id='word_1_73' title='bbox 586 2285 684 2352; x_wconf 91' lang='lat' dir='ltr'>intus</span> <span class='ocrx_word' id='word_1_74' title='bbox 708 2303 747 2352; x_wconf 92' lang='lat' dir='ltr'>ec</span> <span class='ocrx_word' id='word_1_75' title='bbox 772 2285 1033 2354; x_wconf 83' lang='lat' dir='ltr'>salernitanam</span> <span class='ocrx_word' id='word_1_76' title='bbox 1057 2285 1241 2354; x_wconf 87' lang='lat' dir='ltr'>cibitatem</span> <span class='ocrx_word' id='word_1_77' title='bbox 1266 2303 1420 2371; x_wconf 88' lang='lat' dir='ltr'>paucum</span> <span class='ocrx_word' id='word_1_78' title='bbox 1443 2305 1465 2353; x_wconf 91' lang='lat' dir='ltr'>a</span> <span class='ocrx_word' id='word_1_79' title='bbox 1488 2303 1595 2370; x_wconf 90' lang='lat' dir='ltr'>super</span> <span class='ocrx_word' id='word_1_80' title='bbox 1618 2286 1697 2370; x_wconf 90' lang='lat' dir='ltr'>ipsa</span> <span class='ocrx_word' id='word_1_81' title='bbox 1720 2285 1890 2370; x_wconf 89' lang='lat' dir='ltr'>ecclesia,</span> <span class='ocrx_word' id='word_1_82' title='bbox 1916 2285 1978 2350; x_wconf 92' lang='lat' dir='ltr'>ubi</span> <span class='ocrx_word' id='word_1_83' title='bbox 2003 2301 2102 2351; x_wconf 88' lang='lat' dir='ltr'>nune</span> 
     </span>
     <span class='ocr_line' id='line_1_10' title="bbox 247 2435 2102 2526; baseline 0.003 -26"><span class='ocrx_word' id='word_1_84' title='bbox 247 2451 312 2518; x_wconf 83' lang='lat' dir='ltr'>ego</span> <span class='ocrx_word' id='word_1_85' title='bbox 336 2453 457 2503; x_wconf 88' lang='lat' dir='ltr'>casam</span> <span class='ocrx_word' id='word_1_86' title='bbox 480 2435 681 2506; x_wconf 88' lang='lat' dir='ltr'>edificatam</span> <span class='ocrx_word' id='word_1_87' title='bbox 704 2440 792 2506; x_wconf 89' lang='lat' dir='ltr'>abeo</span> <span class='ocrx_word' id='word_1_88' title='bbox 816 2456 878 2523; x_wconf 89' lang='lat' dir='ltr'>per</span> <span class='ocrx_word' id='word_1_89' title='bbox 903 2437 1087 2506; x_wconf 89' lang='lat' dir='ltr'>licentiam</span> <span class='ocrx_word' id='word_1_90' title='bbox 1109 2439 1152 2506; x_wconf 94' lang='lat' dir='ltr'>de</span> <span class='ocrx_word' id='word_1_91' title='bbox 1177 2437 1251 2524; x_wconf 90' lang='lat' dir='ltr'>ipso</span> <span class='ocrx_word' id='word_1_92' title='bbox 1276 2440 1418 2524; x_wconf 86' lang='lat' dir='ltr'>abbate,</span> <span class='ocrx_word' id='word_1_93' title='bbox 1442 2457 1506 2524; x_wconf 89' lang='lat' dir='ltr'>per</span> <span class='ocrx_word' id='word_1_94' title='bbox 1530 2456 1569 2505; x_wconf 91' lang='lat' dir='ltr'>ec</span> <span class='ocrx_word' id='word_1_95' title='bbox 1593 2437 1676 2504; x_wconf 89' lang='lat' dir='ltr'>finis</span> <span class='ocrx_word' id='word_1_96' title='bbox 1699 2442 1736 2506; x_wconf 89' lang='lat' dir='ltr'>et</span> <span class='ocrx_word' id='word_1_97' title='bbox 1760 2439 1955 2506; x_wconf 84' lang='lat' dir='ltr'>mensoria:</span> <span class='ocrx_word' id='word_1_98' title='bbox 1977 2458 2102 2526; x_wconf 88' lang='lat' dir='ltr'>apars</span> 
     </span>
     <span class='ocr_line' id='line_1_11' title="bbox 247 2586 2100 2678; baseline 0.005 -28"><span class='ocrx_word' id='word_1_99' title='bbox 247 2586 439 2654; x_wconf 88' lang='lat' dir='ltr'>occidentis</span> <span class='ocrx_word' id='word_1_100' title='bbox 464 2587 536 2656; x_wconf 90' lang='lat' dir='ltr'>line</span> <span class='ocrx_word' id='word_1_101' title='bbox 560 2589 671 2674; x_wconf 89' lang='lat' dir='ltr'>ipsius</span> <span class='ocrx_word' id='word_1_102' title='bbox 695 2590 856 2674; x_wconf 88' lang='lat' dir='ltr'>ecclesie,</span> <span class='ocrx_word' id='word_1_103' title='bbox 881 2588 962 2657; x_wconf 91' lang='lat' dir='ltr'>inde</span> <span class='ocrx_word' id='word_1_104' title='bbox 988 2590 1093 2676; x_wconf 86' lang='lat' dir='ltr'>pedes</span> <span class='ocrx_word' id='word_1_105' title='bbox 1117 2594 1263 2658; x_wconf 89' lang='lat' dir='ltr'>nobem:</span> <span class='ocrx_word' id='word_1_106' title='bbox 1289 2611 1311 2660; x_wconf 89' lang='lat' dir='ltr'>a</span> <span class='ocrx_word' id='word_1_107' title='bbox 1333 2611 1417 2678; x_wconf 91' lang='lat' dir='ltr'>pars</span> <span class='ocrx_word' id='word_1_108' title='bbox 1443 2592 1591 2660; x_wconf 89' lang='lat' dir='ltr'>orientis</span> <span class='ocrx_word' id='word_1_109' title='bbox 1615 2591 1781 2659; x_wconf 88' lang='lat' dir='ltr'>similiter</span> <span class='ocrx_word' id='word_1_110' title='bbox 1806 2593 1877 2660; x_wconf 88' lang='lat' dir='ltr'>fine</span> <span class='ocrx_word' id='word_1_111' title='bbox 1901 2590 2016 2678; x_wconf 89' lang='lat' dir='ltr'>ipsius</span> <span class='ocrx_word' id='word_1_112' title='bbox 2040 2611 2100 2660; x_wconf 90' lang='grc'>66-</span> 
     </span>
     <span class='ocr_line' id='line_1_12' title="bbox 247 2741 2102 2832; baseline 0.003 -24"><span class='ocrx_word' id='word_1_113' title='bbox 247 2741 381 2828; x_wconf 83' lang='grc'><strong>616616,</strong></span> <span class='ocrx_word' id='word_1_114' title='bbox 407 2745 499 2811; x_wconf 87' lang='grc'><strong>61661</strong></span> <span class='ocrx_word' id='word_1_115' title='bbox 521 2744 685 2812; x_wconf 90' lang='lat' dir='ltr'>anditum</span> <span class='ocrx_word' id='word_1_116' title='bbox 709 2743 824 2830; x_wconf 88' lang='lat' dir='ltr'>ipsius</span> <span class='ocrx_word' id='word_1_117' title='bbox 840 2745 987 2813; x_wconf 90' lang='lat' dir='ltr'>ecclesie</span> <span class='ocrx_word' id='word_1_118' title='bbox 1004 2744 1187 2832; x_wconf 91' lang='lat' dir='ltr'>discernit,</span> <span class='ocrx_word' id='word_1_119' title='bbox 1206 2745 1289 2812; x_wconf 90' lang='lat' dir='ltr'>inde</span> <span class='ocrx_word' id='word_1_120' title='bbox 1305 2746 1409 2832; x_wconf 88' lang='lat' dir='ltr'>pedes</span> <span class='ocrx_word' id='word_1_121' title='bbox 1425 2745 1644 2831; x_wconf 89' lang='lat' dir='ltr'>quindecim:</span> <span class='ocrx_word' id='word_1_122' title='bbox 1670 2766 1693 2814; x_wconf 89' lang='lat' dir='ltr'>a</span> <span class='ocrx_word' id='word_1_123' title='bbox 1717 2764 1801 2832; x_wconf 90' lang='lat' dir='ltr'>pars</span> <span class='ocrx_word' id='word_1_124' title='bbox 1827 2745 1974 2814; x_wconf 90' lang='lat' dir='ltr'>meridie</span> <span class='ocrx_word' id='word_1_125' title='bbox 1999 2747 2102 2814; x_wconf 78' lang='grc'><strong>6161-</strong></span> 
     </span>
     <span class='ocr_line' id='line_1_13' title="bbox 248 2891 2104 2984; baseline 0.005 -30"><span class='ocrx_word' id='word_1_126' title='bbox 248 2891 331 2960; x_wconf 88' lang='lat' dir='ltr'>liter</span> <span class='ocrx_word' id='word_1_127' title='bbox 355 2893 426 2960; x_wconf 89' lang='lat' dir='ltr'>fine</span> <span class='ocrx_word' id='word_1_128' title='bbox 451 2893 527 2980; x_wconf 90' lang='lat' dir='ltr'>ipso</span> <span class='ocrx_word' id='word_1_129' title='bbox 551 2894 728 2980; x_wconf 88' lang='lat' dir='ltr'>anditum,</span> <span class='ocrx_word' id='word_1_130' title='bbox 753 2893 836 2960; x_wconf 90' lang='lat' dir='ltr'>inde</span> <span class='ocrx_word' id='word_1_131' title='bbox 860 2894 966 2980; x_wconf 90' lang='lat' dir='ltr'>pedes</span> <span class='ocrx_word' id='word_1_132' title='bbox 990 2894 1123 2981; x_wconf 84' lang='lat' dir='ltr'>biginti</span> <span class='ocrx_word' id='word_1_133' title='bbox 1144 2919 1152 2962; x_wconf 92' lang='lat'>:</span> <span class='ocrx_word' id='word_1_134' title='bbox 1176 2917 1199 2965; x_wconf 88' lang='lat' dir='ltr'>a</span> <span class='ocrx_word' id='word_1_135' title='bbox 1222 2917 1308 2984; x_wconf 87' lang='lat' dir='ltr'>pars</span> <span class='ocrx_word' id='word_1_136' title='bbox 1331 2897 1597 2984; x_wconf 86' lang='lat' dir='ltr'>septemtrionis</span> <span class='ocrx_word' id='word_1_137' title='bbox 1621 2897 1788 2966; x_wconf 89' lang='lat' dir='ltr'>similiter</span> <span class='ocrx_word' id='word_1_138' title='bbox 1813 2900 1884 2965; x_wconf 88' lang='lat' dir='ltr'>fine</span> <span class='ocrx_word' id='word_1_139' title='bbox 1908 2899 2024 2984; x_wconf 90' lang='lat' dir='ltr'>ipsius</span> <span class='ocrx_word' id='word_1_140' title='bbox 2047 2916 2104 2965; x_wconf 90' lang='lat' dir='ltr'>eo-</span> 
     </span>
     <span class='ocr_line' id='line_1_14' title="bbox 245 3045 2104 3138; baseline 0.006 -28"><span class='ocrx_word' id='word_1_141' title='bbox 245 3045 363 3132; x_wconf 89' lang='grc'><strong>616616,</strong></span> <span class='ocrx_word' id='word_1_142' title='bbox 387 3047 471 3115; x_wconf 83' lang='grc'><strong>1616</strong></span> <span class='ocrx_word' id='word_1_143' title='bbox 496 3052 580 3115; x_wconf 86' lang='grc'><strong>6661</strong></span> <span class='ocrx_word' id='word_1_144' title='bbox 604 3048 710 3134; x_wconf 88' lang='lat' dir='ltr'>pedes</span> <span class='ocrx_word' id='word_1_145' title='bbox 726 3047 858 3134; x_wconf 84' lang='lat' dir='ltr'>biginti</span> <span class='ocrx_word' id='word_1_146' title='bbox 877 3066 989 3114; x_wconf 90' lang='lat' dir='ltr'>unum</span> <span class='ocrx_word' id='word_1_147' title='bbox 1012 3051 1047 3114; x_wconf 91' lang='lat' dir='ltr'>et</span> <span class='ocrx_word' id='word_1_148' title='bbox 1064 3050 1267 3138; x_wconf 87' lang='lat' dir='ltr'>summisse,</span> <span class='ocrx_word' id='word_1_149' title='bbox 1284 3055 1397 3119; x_wconf 92' lang='lat' dir='ltr'>totum</span> <span class='ocrx_word' id='word_1_150' title='bbox 1421 3057 1669 3120; x_wconf 89' lang='lat' dir='ltr'>mensuratum</span> <span class='ocrx_word' id='word_1_151' title='bbox 1694 3053 1739 3120; x_wconf 91' lang='lat' dir='ltr'>ad</span> <span class='ocrx_word' id='word_1_152' title='bbox 1763 3053 1855 3120; x_wconf 91' lang='lat' dir='ltr'>iusto</span> <span class='ocrx_word' id='word_1_153' title='bbox 1879 3053 2003 3138; x_wconf 89' lang='lat' dir='ltr'>pedem</span> <span class='ocrx_word' id='word_1_154' title='bbox 2028 3072 2104 3121; x_wconf 89' lang='lat' dir='ltr'>ma-</span> 
     </span>
     <span class='ocr_line' id='line_1_15' title="bbox 246 3201 2103 3294; baseline 0.005 -29"><span class='ocrx_word' id='word_1_155' title='bbox 246 3217 329 3266; x_wconf 90' lang='lat' dir='ltr'>num</span> <span class='ocrx_word' id='word_1_156' title='bbox 354 3201 465 3269; x_wconf 87' lang='lat' dir='ltr'>omini</span> <span class='ocrx_word' id='word_1_157' title='bbox 488 3207 749 3271; x_wconf 90' lang='lat' dir='ltr'>mensuratum.</span> <span class='ocrx_word' id='word_1_158' title='bbox 767 3221 807 3270; x_wconf 92' lang='grc'>66</span> <span class='ocrx_word' id='word_1_159' title='bbox 824 3221 907 3269; x_wconf 95' lang='lat' dir='ltr'>vero</span> <span class='ocrx_word' id='word_1_160' title='bbox 923 3203 1133 3290; x_wconf 88' lang='lat' dir='ltr'>supradicta</span> <span class='ocrx_word' id='word_1_161' title='bbox 1149 3209 1248 3275; x_wconf 89' lang='lat' dir='ltr'>terra</span> <span class='ocrx_word' id='word_1_162' title='bbox 1264 3224 1327 3291; x_wconf 91' lang='lat' dir='ltr'>per</span> <span class='ocrx_word' id='word_1_163' title='bbox 1344 3207 1551 3293; x_wconf 88' lang='lat' dir='ltr'>supradicte</span> <span class='ocrx_word' id='word_1_164' title='bbox 1568 3207 1653 3274; x_wconf 89' lang='lat' dir='ltr'>finis</span> <span class='ocrx_word' id='word_1_165' title='bbox 1669 3209 1704 3272; x_wconf 92' lang='lat' dir='ltr'>et</span> <span class='ocrx_word' id='word_1_166' title='bbox 1720 3207 1913 3292; x_wconf 85' lang='lat' dir='ltr'>mensurie,</span> <span class='ocrx_word' id='word_1_167' title='bbox 1939 3207 2000 3274; x_wconf 93' lang='lat' dir='ltr'>ubi</span> <span class='ocrx_word' id='word_1_168' title='bbox 2024 3208 2103 3294; x_wconf 91' lang='lat' dir='ltr'>ipsa</span> 
     </span>
     <span class='ocr_line' id='line_1_16' title="bbox 244 3351 2101 3442; baseline 0.004 -28"><span class='ocrx_word' id='word_1_169' title='bbox 244 3367 362 3418; x_wconf 88' lang='lat' dir='ltr'>oasam</span> <span class='ocrx_word' id='word_1_170' title='bbox 386 3351 589 3421; x_wconf 86' lang='lat' dir='ltr'>edificatam</span> <span class='ocrx_word' id='word_1_171' title='bbox 612 3356 713 3440; x_wconf 87' lang='lat' dir='ltr'>abeo,</span> <span class='ocrx_word' id='word_1_172' title='bbox 737 3358 850 3422; x_wconf 91' lang='lat' dir='ltr'>totum</span> <span class='ocrx_word' id='word_1_173' title='bbox 865 3356 902 3422; x_wconf 92' lang='lat' dir='ltr'>et</span> <span class='ocrx_word' id='word_1_174' title='bbox 918 3353 1086 3422; x_wconf 87' lang='lat' dir='ltr'>inolitum</span> <span class='ocrx_word' id='word_1_175' title='bbox 1101 3354 1184 3422; x_wconf 91' lang='lat' dir='ltr'>illut</span> <span class='ocrx_word' id='word_1_176' title='bbox 1200 3356 1290 3422; x_wconf 90' lang='lat' dir='ltr'>mihi</span> <span class='ocrx_word' id='word_1_177' title='bbox 1307 3357 1534 3425; x_wconf 90' lang='lat' dir='ltr'>tradiderunt</span> <span class='ocrx_word' id='word_1_178' title='bbox 1556 3361 1592 3424; x_wconf 90' lang='lat' dir='ltr'>et</span> <span class='ocrx_word' id='word_1_179' title='bbox 1607 3358 1712 3425; x_wconf 83' lang='lat' dir='ltr'>extra</span> <span class='ocrx_word' id='word_1_180' title='bbox 1736 3357 1814 3442; x_wconf 89' lang='lat' dir='ltr'>ipsa</span> <span class='ocrx_word' id='word_1_181' title='bbox 1838 3357 2020 3424; x_wconf 83' lang='lat' dir='ltr'>mensoria</span> <span class='ocrx_word' id='word_1_182' title='bbox 2046 3372 2101 3421; x_wconf 90' lang='lat' dir='ltr'>se-</span> 
     </span>
     <span class='ocr_line' id='line_1_17' title="bbox 245 3501 2099 3596; baseline 0.005 -30"><span class='ocrx_word' id='word_1_183' title='bbox 245 3501 410 3572; x_wconf 88' lang='lat' dir='ltr'>ricidium</span> <span class='ocrx_word' id='word_1_184' title='bbox 426 3504 622 3590; x_wconf 82' lang='lat' dir='ltr'>occidente3</span> <span class='ocrx_word' id='word_1_185' title='bbox 638 3506 732 3574; x_wconf 88' lang='lat' dir='ltr'>unde</span> <span class='ocrx_word' id='word_1_186' title='bbox 748 3525 811 3592; x_wconf 93' lang='lat' dir='ltr'>pro</span> <span class='ocrx_word' id='word_1_187' title='bbox 827 3505 951 3574; x_wconf 89' lang='lat' dir='ltr'>taliter</span> <span class='ocrx_word' id='word_1_188' title='bbox 967 3507 1100 3594; x_wconf 87' lang='lat' dir='ltr'>guadia</span> <span class='ocrx_word' id='word_1_189' title='bbox 1116 3506 1206 3574; x_wconf 91' lang='lat' dir='ltr'>mihi</span> <span class='ocrx_word' id='word_1_190' title='bbox 1222 3507 1297 3594; x_wconf 90' lang='lat' dir='ltr'>ipse</span> <span class='ocrx_word' id='word_1_191' title='bbox 1315 3510 1426 3576; x_wconf 89' lang='lat' dir='ltr'>abbas</span> <span class='ocrx_word' id='word_1_192' title='bbox 1450 3527 1531 3574; x_wconf 87' lang='lat' dir='ltr'>cum</span> <span class='ocrx_word' id='word_1_193' title='bbox 1555 3507 1624 3596; x_wconf 89' lang='lat' dir='ltr'>ipsi</span> <span class='ocrx_word' id='word_1_194' title='bbox 1649 3509 1838 3576; x_wconf 88' lang='lat' dir='ltr'>comitibus</span> <span class='ocrx_word' id='word_1_195' title='bbox 1863 3508 2038 3576; x_wconf 87' lang='lat' dir='ltr'>dederunt</span> <span class='ocrx_word' id='word_1_196' title='bbox 2063 3514 2099 3576; x_wconf 91' lang='lat' dir='ltr'>et</span> 
     </span>
     <span class='ocr_line' id='line_1_18' title="bbox 245 3625 2098 3752; baseline 0.006 -28"><span class='ocrx_word' id='word_1_197' title='bbox 245 3660 477 3730; x_wconf 88' lang='lat' dir='ltr'>mediatorem</span> <span class='ocrx_word' id='word_1_198' title='bbox 501 3663 611 3730; x_wconf 89' lang='lat' dir='ltr'>michi</span> <span class='ocrx_word' id='word_1_199' title='bbox 636 3667 831 3750; x_wconf 89' lang='lat' dir='ltr'>posuerunt</span> <span class='ocrx_word' id='word_1_200' title='bbox 845 3663 1093 3751; x_wconf 85' lang='lat' dir='ltr'>maghenolfus</span> <span class='ocrx_word' id='word_1_201' title='bbox 1109 3625 1287 3751; x_wconf 88' lang='lat' dir='ltr'>presbiter</span> <span class='ocrx_word' id='word_1_202' title='bbox 1312 3665 1408 3731; x_wconf 89' lang='lat' dir='ltr'>filius</span> <span class='ocrx_word' id='word_1_203' title='bbox 1432 3667 1611 3750; x_wconf 89' lang='lat' dir='ltr'>quondam</span> <span class='ocrx_word' id='word_1_204' title='bbox 1634 3666 1780 3752; x_wconf 83' lang='lat' dir='ltr'>granati</span> <span class='ocrx_word' id='word_1_205' title='bbox 1805 3663 1869 3734; x_wconf 88' lang='lat' dir='ltr'>tali</span> <span class='ocrx_word' id='word_1_206' title='bbox 1894 3666 2031 3752; x_wconf 91' lang='lat' dir='ltr'>ordine,</span> <span class='ocrx_word' id='word_1_207' title='bbox 2057 3675 2098 3735; x_wconf 93' lang='lat' dir='ltr'>ut</span> 
     </span>
     <span class='ocr_line' id='line_1_19' title="bbox 244 3815 2094 3904; baseline 0.003 -24"><span class='ocrx_word' id='word_1_208' title='bbox 244 3815 365 3884; x_wconf 89' lang='lat' dir='ltr'>amodo</span> <span class='ocrx_word' id='word_1_209' title='bbox 389 3819 426 3884; x_wconf 92' lang='lat' dir='ltr'>et</span> <span class='ocrx_word' id='word_1_210' title='bbox 449 3835 560 3904; x_wconf 91' lang='lat' dir='ltr'>usque</span> <span class='ocrx_word' id='word_1_211' title='bbox 577 3817 709 3904; x_wconf 83' lang='lat' dir='ltr'>biginti</span> <span class='ocrx_word' id='word_1_212' title='bbox 725 3820 853 3884; x_wconf 90' lang='lat' dir='ltr'>nobem</span> <span class='ocrx_word' id='word_1_213' title='bbox 869 3817 958 3886; x_wconf 88' lang='lat' dir='ltr'>anni</span> <span class='ocrx_word' id='word_1_214' title='bbox 975 3817 1139 3903; x_wconf 90' lang='lat' dir='ltr'>completi</span> <span class='ocrx_word' id='word_1_215' title='bbox 1156 3817 1271 3886; x_wconf 89' lang='lat' dir='ltr'>licead</span> <span class='ocrx_word' id='word_1_216' title='bbox 1295 3834 1360 3884; x_wconf 93' lang='lat' dir='ltr'>nos</span> <span class='ocrx_word' id='word_1_217' title='bbox 1384 3821 1420 3886; x_wconf 92' lang='lat' dir='ltr'>et</span> <span class='ocrx_word' id='word_1_218' title='bbox 1445 3818 1578 3885; x_wconf 88' lang='lat' dir='ltr'>nostris</span> <span class='ocrx_word' id='word_1_219' title='bbox 1601 3817 1766 3886; x_wconf 90' lang='lat' dir='ltr'>eredibus</span> <span class='ocrx_word' id='word_1_220' title='bbox 1789 3822 1865 3885; x_wconf 91' lang='lat' dir='ltr'>tota</span> <span class='ocrx_word' id='word_1_221' title='bbox 1888 3817 2094 3904; x_wconf 87' lang='lat' dir='ltr'>supradicta</span> 
     </span>
     <span class='ocr_line' id='line_1_20' title="bbox 245 3965 2098 4058; baseline 0.004 -26"><span class='ocrx_word' id='word_1_222' title='bbox 245 3965 342 4035; x_wconf 91' lang='lat' dir='ltr'>illius</span> <span class='ocrx_word' id='word_1_223' title='bbox 365 3968 582 4037; x_wconf 86' lang='lat' dir='ltr'>tradietione</span> <span class='ocrx_word' id='word_1_224' title='bbox 605 3989 667 4055; x_wconf 91' lang='lat' dir='ltr'>per</span> <span class='ocrx_word' id='word_1_225' title='bbox 692 3968 896 4054; x_wconf 88' lang='lat' dir='ltr'>supradicte</span> <span class='ocrx_word' id='word_1_226' title='bbox 919 3969 1002 4036; x_wconf 87' lang='lat' dir='ltr'>finis</span> <span class='ocrx_word' id='word_1_227' title='bbox 1025 3973 1061 4036; x_wconf 88' lang='lat' dir='ltr'>et</span> <span class='ocrx_word' id='word_1_228' title='bbox 1077 3966 1271 4055; x_wconf 86' lang='lat' dir='ltr'>mensurio,</span> <span class='ocrx_word' id='word_1_229' title='bbox 1289 3975 1325 4038; x_wconf 89' lang='lat' dir='ltr'>et</span> <span class='ocrx_word' id='word_1_230' title='bbox 1340 3973 1445 4040; x_wconf 85' lang='lat' dir='ltr'>extra</span> <span class='ocrx_word' id='word_1_231' title='bbox 1469 3970 1548 4058; x_wconf 89' lang='lat' dir='ltr'>ipsa</span> <span class='ocrx_word' id='word_1_232' title='bbox 1572 3970 1755 4039; x_wconf 89' lang='lat' dir='ltr'>mensuria</span> <span class='ocrx_word' id='word_1_233' title='bbox 1778 3969 1983 4039; x_wconf 88' lang='lat' dir='ltr'>serieidium</span> <span class='ocrx_word' id='word_1_234' title='bbox 2007 3973 2098 4040; x_wconf 88' lang='lat' dir='ltr'>ceei-</span> 
     </span>
     <span class='ocr_line' id='line_1_21' title="bbox 242 4116 2099 4210; baseline 0.004 -26"><span class='ocrx_word' id='word_1_235' title='bbox 242 4116 363 4206; x_wconf 92' lang='lat' dir='ltr'>dente,</span> <span class='ocrx_word' id='word_1_236' title='bbox 380 4125 513 4188; x_wconf 89' lang='lat' dir='ltr'>etcum</span> <span class='ocrx_word' id='word_1_237' title='bbox 536 4122 615 4189; x_wconf 90' lang='lat' dir='ltr'>bioe</span> <span class='ocrx_word' id='word_1_238' title='bbox 639 4121 682 4189; x_wconf 90' lang='lat' dir='ltr'>de</span> <span class='ocrx_word' id='word_1_239' title='bbox 706 4121 782 4208; x_wconf 91' lang='lat' dir='ltr'>ipso</span> <span class='ocrx_word' id='word_1_240' title='bbox 804 4121 981 4210; x_wconf 88' lang='lat' dir='ltr'>anditum,</span> <span class='ocrx_word' id='word_1_241' title='bbox 1007 4125 1128 4190; x_wconf 89' lang='lat' dir='ltr'>nostre</span> <span class='ocrx_word' id='word_1_242' title='bbox 1152 4122 1342 4210; x_wconf 89' lang='lat' dir='ltr'>potestatis</span> <span class='ocrx_word' id='word_1_243' title='bbox 1366 4125 1489 4191; x_wconf 90' lang='lat' dir='ltr'>tenere</span> <span class='ocrx_word' id='word_1_244' title='bbox 1514 4127 1550 4192; x_wconf 91' lang='lat' dir='ltr'>et</span> <span class='ocrx_word' id='word_1_245' title='bbox 1573 4124 1774 4209; x_wconf 91' lang='lat' dir='ltr'>dominare,</span> <span class='ocrx_word' id='word_1_246' title='bbox 1798 4126 1835 4190; x_wconf 92' lang='lat' dir='ltr'>et</span> <span class='ocrx_word' id='word_1_247' title='bbox 1858 4123 1989 4191; x_wconf 87' lang='lat' dir='ltr'>ibidem</span> <span class='ocrx_word' id='word_1_248' title='bbox 2011 4124 2099 4193; x_wconf 91' lang='lat' dir='ltr'>resi·</span> 
     </span>
     <span class='ocr_line' id='line_1_22' title="bbox 242 4269 2096 4364; baseline 0.002 -24"><span class='ocrx_word' id='word_1_249' title='bbox 242 4274 323 4343; x_wconf 89' lang='lat' dir='ltr'>dere</span> <span class='ocrx_word' id='word_1_250' title='bbox 347 4279 384 4342; x_wconf 89' lang='lat' dir='ltr'>et</span> <span class='ocrx_word' id='word_1_251' title='bbox 407 4269 1061 4362; x_wconf 65' lang='grc'><strong>6611666166616666166611111616</strong></span> <span class='ocrx_word' id='word_1_252' title='bbox 1079 4278 1175 4346; x_wconf 90' lang='lat' dir='ltr'>iusta</span> <span class='ocrx_word' id='word_1_253' title='bbox 1192 4279 1370 4348; x_wconf 90' lang='lat' dir='ltr'>rationem</span> <span class='ocrx_word' id='word_1_254' title='bbox 1387 4279 1518 4348; x_wconf 84' lang='lat' dir='ltr'>ibidem</span> <span class='ocrx_word' id='word_1_255' title='bbox 1534 4281 1651 4348; x_wconf 83' lang='lat' dir='ltr'>iacere</span> <span class='ocrx_word' id='word_1_256' title='bbox 1674 4280 1799 4349; x_wconf 90' lang='lat' dir='ltr'>amodo</span> <span class='ocrx_word' id='word_1_257' title='bbox 1824 4283 1860 4346; x_wconf 92' lang='lat' dir='ltr'>et</span> <span class='ocrx_word' id='word_1_258' title='bbox 1884 4296 1994 4362; x_wconf 91' lang='lat' dir='ltr'>usque</span> <span class='ocrx_word' id='word_1_259' title='bbox 2020 4279 2096 4364; x_wconf 92' lang='lat' dir='ltr'>ipso</span> 
     </span>
     <span class='ocr_line' id='line_1_23' title="bbox 241 4430 2095 4520; baseline 0.001 -25"><span class='ocrx_word' id='word_1_260' title='bbox 241 4433 486 4518; x_wconf 85' lang='lat' dir='ltr'>constitutum,</span> <span class='ocrx_word' id='word_1_261' title='bbox 503 4436 539 4500; x_wconf 89' lang='lat' dir='ltr'>et</span> <span class='ocrx_word' id='word_1_262' title='bbox 554 4432 715 4519; x_wconf 90' lang='lat' dir='ltr'>quicquit</span> <span class='ocrx_word' id='word_1_263' title='bbox 729 4433 853 4502; x_wconf 90' lang='lat' dir='ltr'>tollere</span> <span class='ocrx_word' id='word_1_264' title='bbox 868 4431 998 4502; x_wconf 85' lang='lat' dir='ltr'>exinde</span> <span class='ocrx_word' id='word_1_265' title='bbox 1014 4433 1068 4501; x_wconf 91' lang='lat' dir='ltr'>vel</span> <span class='ocrx_word' id='word_1_266' title='bbox 1084 4435 1191 4500; x_wconf 89' lang='lat' dir='ltr'>abere</span> <span class='ocrx_word' id='word_1_267' title='bbox 1206 4432 1438 4520; x_wconf 66' lang='lat' dir='ltr'>potuerimus</span> <span class='ocrx_word' id='word_1_268' title='bbox 1456 4437 1570 4501; x_wconf 92' lang='lat' dir='ltr'>totum</span> <span class='ocrx_word' id='word_1_269' title='bbox 1590 4438 1708 4501; x_wconf 89' lang='lat' dir='ltr'>nostre</span> <span class='ocrx_word' id='word_1_270' title='bbox 1733 4433 1807 4500; x_wconf 92' lang='lat' dir='ltr'>sint</span> <span class='ocrx_word' id='word_1_271' title='bbox 1830 4430 2032 4516; x_wconf 90' lang='lat' dir='ltr'>potestatis.</span> <span class='ocrx_word' id='word_1_272' title='bbox 2059 4435 2095 4496; x_wconf 88' lang='lat' dir='ltr'>et</span> 
     </span>
     <span class='ocr_line' id='line_1_24' title="bbox 242 4581 2091 4671; baseline 0.001 -23"><span class='ocrx_word' id='word_1_273' title='bbox 242 4601 303 4667; x_wconf 89' lang='lat' dir='ltr'>per</span> <span class='ocrx_word' id='word_1_274' title='bbox 329 4585 422 4649; x_wconf 91' lang='lat' dir='ltr'>bona</span> <span class='ocrx_word' id='word_1_275' title='bbox 445 4581 708 4651; x_wconf 89' lang='lat' dir='ltr'>combenientia</span> <span class='ocrx_word' id='word_1_276' title='bbox 730 4603 793 4670; x_wconf 88' lang='lat' dir='ltr'>per</span> <span class='ocrx_word' id='word_1_277' title='bbox 818 4586 894 4668; x_wconf 88' lang='lat' dir='ltr'>ipsa</span> <span class='ocrx_word' id='word_1_278' title='bbox 918 4584 1055 4671; x_wconf 83' lang='lat' dir='ltr'>guadia</span> <span class='ocrx_word' id='word_1_279' title='bbox 1079 4583 1253 4670; x_wconf 79' lang='lat' dir='ltr'>obligabit</span> <span class='ocrx_word' id='word_1_280' title='bbox 1278 4602 1315 4650; x_wconf 93' lang='lat' dir='ltr'>se</span> <span class='ocrx_word' id='word_1_281' title='bbox 1332 4584 1407 4670; x_wconf 90' lang='lat' dir='ltr'>ipse</span> <span class='ocrx_word' id='word_1_282' title='bbox 1426 4585 1536 4652; x_wconf 87' lang='lat' dir='ltr'>abbas</span> <span class='ocrx_word' id='word_1_283' title='bbox 1554 4589 1589 4652; x_wconf 90' lang='lat' dir='ltr'>et</span> <span class='ocrx_word' id='word_1_284' title='bbox 1603 4601 1823 4651; x_wconf 88' lang='lat' dir='ltr'>successores</span> <span class='ocrx_word' id='word_1_285' title='bbox 1845 4599 1926 4649; x_wconf 90' lang='lat' dir='ltr'>suos</span> <span class='ocrx_word' id='word_1_286' title='bbox 1950 4587 1985 4650; x_wconf 89' lang='lat' dir='ltr'>et</span> <span class='ocrx_word' id='word_1_287' title='bbox 2008 4600 2091 4669; x_wconf 89' lang='lat' dir='ltr'>pars</span> 
     </span>
     <span class='ocr_line' id='line_1_25' title="bbox 240 4735 2098 4824; baseline 0.002 -24"><span class='ocrx_word' id='word_1_288' title='bbox 240 4735 352 4821; x_wconf 89' lang='lat' dir='ltr'>ipsius</span> <span class='ocrx_word' id='word_1_289' title='bbox 374 4735 521 4805; x_wconf 87' lang='lat' dir='ltr'>ecclesie</span> <span class='ocrx_word' id='word_1_290' title='bbox 544 4737 669 4805; x_wconf 89' lang='lat' dir='ltr'>amodo</span> <span class='ocrx_word' id='word_1_291' title='bbox 685 4741 721 4806; x_wconf 93' lang='lat' dir='ltr'>et</span> <span class='ocrx_word' id='word_1_292' title='bbox 738 4756 849 4822; x_wconf 89' lang='lat' dir='ltr'>usque</span> <span class='ocrx_word' id='word_1_293' title='bbox 865 4738 932 4824; x_wconf 86' lang='lat' dir='ltr'>ipsi</span> <span class='ocrx_word' id='word_1_294' title='bbox 951 4737 1081 4824; x_wconf 82' lang='lat' dir='ltr'>biginti</span> <span class='ocrx_word' id='word_1_295' title='bbox 1108 4739 1236 4805; x_wconf 91' lang='lat' dir='ltr'>nobem</span> <span class='ocrx_word' id='word_1_296' title='bbox 1261 4735 1348 4804; x_wconf 89' lang='grc'><strong>6661</strong></span> <span class='ocrx_word' id='word_1_297' title='bbox 1373 4735 1538 4821; x_wconf 86' lang='lat' dir='ltr'>completi</span> <span class='ocrx_word' id='word_1_298' title='bbox 1563 4735 1748 4803; x_wconf 78' lang='lat' dir='ltr'>defensare</span> <span class='ocrx_word' id='word_1_299' title='bbox 1772 4735 1873 4802; x_wconf 91' lang='lat' dir='ltr'>nobis</span> <span class='ocrx_word' id='word_1_300' title='bbox 1892 4736 2098 4822; x_wconf 88' lang='lat' dir='ltr'>nostrisque</span> 
     </span>
     <span class='ocr_line' id='line_1_26' title="bbox 241 4888 2097 4977; baseline 0.001 -23"><span class='ocrx_word' id='word_1_301' title='bbox 241 4888 405 4956; x_wconf 87' lang='lat' dir='ltr'>eredibus</span> <span class='ocrx_word' id='word_1_302' title='bbox 428 4889 557 4958; x_wconf 87' lang='lat' dir='ltr'>inclita</span> <span class='ocrx_word' id='word_1_303' title='bbox 580 4890 785 4977; x_wconf 88' lang='lat' dir='ltr'>supradicta</span> <span class='ocrx_word' id='word_1_304' title='bbox 810 4909 876 4958; x_wconf 88' lang='lat' dir='ltr'>sua</span> <span class='ocrx_word' id='word_1_305' title='bbox 898 4890 1135 4977; x_wconf 88' lang='lat' dir='ltr'>tradietione,</span> <span class='ocrx_word' id='word_1_306' title='bbox 1159 4909 1240 4958; x_wconf 88' lang='lat' dir='ltr'>eum</span> <span class='ocrx_word' id='word_1_307' title='bbox 1264 4890 1343 4958; x_wconf 90' lang='lat' dir='ltr'>bice</span> <span class='ocrx_word' id='word_1_308' title='bbox 1366 4888 1409 4956; x_wconf 92' lang='lat' dir='ltr'>de</span> <span class='ocrx_word' id='word_1_309' title='bbox 1434 4891 1509 4974; x_wconf 88' lang='lat' dir='ltr'>ipso</span> <span class='ocrx_word' id='word_1_310' title='bbox 1533 4888 1720 4975; x_wconf 91' lang='lat' dir='ltr'>anditum,</span> <span class='ocrx_word' id='word_1_311' title='bbox 1744 4889 1790 4957; x_wconf 95' lang='lat' dir='ltr'>da</span> <span class='ocrx_word' id='word_1_312' title='bbox 1814 4905 1937 4956; x_wconf 88' lang='lat' dir='ltr'>omnes</span> <span class='ocrx_word' id='word_1_313' title='bbox 1960 4891 2097 4957; x_wconf 90' lang='grc'><strong>661666</strong></span> 
     </span>
     <span class='ocr_line' id='line_1_27' title="bbox 241 5043 2097 5134; baseline 0.002 -26"><span class='ocrx_word' id='word_1_314' title='bbox 241 5043 408 5130; x_wconf 91' lang='lat' dir='ltr'>omnique</span> <span class='ocrx_word' id='word_1_315' title='bbox 423 5047 601 5132; x_wconf 88' lang='lat' dir='ltr'>partibus,</span> <span class='ocrx_word' id='word_1_316' title='bbox 618 5051 654 5114; x_wconf 92' lang='lat' dir='ltr'>et</span> <span class='ocrx_word' id='word_1_317' title='bbox 669 5065 732 5132; x_wconf 91' lang='lat' dir='ltr'>per</span> <span class='ocrx_word' id='word_1_318' title='bbox 748 5047 864 5113; x_wconf 87' lang='lat' dir='ltr'>omnis</span> <span class='ocrx_word' id='word_1_319' title='bbox 880 5064 1016 5114; x_wconf 89' lang='lat' dir='ltr'>armum</span> <span class='ocrx_word' id='word_1_320' title='bbox 1033 5064 1143 5132; x_wconf 91' lang='lat' dir='ltr'>usque</span> <span class='ocrx_word' id='word_1_321' title='bbox 1161 5047 1235 5132; x_wconf 91' lang='lat' dir='ltr'>ipso</span> <span class='ocrx_word' id='word_1_322' title='bbox 1251 5045 1485 5114; x_wconf 89' lang='lat' dir='ltr'>constitutum</span> <span class='ocrx_word' id='word_1_323' title='bbox 1510 5044 1632 5111; x_wconf 90' lang='lat' dir='ltr'>demus</span> <span class='ocrx_word' id='word_1_324' title='bbox 1656 5043 1788 5113; x_wconf 77' lang='lat' dir='ltr'>exinde</span> <span class='ocrx_word' id='word_1_325' title='bbox 1813 5045 1852 5113; x_wconf 91' lang='lat' dir='ltr'>in</span> <span class='ocrx_word' id='word_1_326' title='bbox 1877 5063 1959 5131; x_wconf 91' lang='lat' dir='ltr'>pars</span> <span class='ocrx_word' id='word_1_327' title='bbox 1984 5046 2097 5134; x_wconf 91' lang='lat' dir='ltr'>ipsius</span> 
     </span>
     <span class='ocr_line' id='line_1_28' title="bbox 242 5195 2094 5286; baseline 0.001 -24"><span class='ocrx_word' id='word_1_328' title='bbox 242 5195 390 5265; x_wconf 88' lang='lat' dir='ltr'>ecclesie</span> <span class='ocrx_word' id='word_1_329' title='bbox 414 5196 531 5266; x_wconf 91' lang='lat' dir='ltr'>oleum</span> <span class='ocrx_word' id='word_1_330' title='bbox 556 5198 705 5268; x_wconf 86' lang='lat' dir='ltr'>candela</span> <span class='ocrx_word' id='word_1_331' title='bbox 728 5199 880 5286; x_wconf 88' lang='lat' dir='ltr'>parbula</span> <span class='ocrx_word' id='word_1_332' title='bbox 905 5215 992 5286; x_wconf 89' lang='lat' dir='ltr'>una,</span> <span class='ocrx_word' id='word_1_333' title='bbox 1017 5199 1101 5266; x_wconf 90' lang='lat' dir='ltr'>dum</span> <span class='ocrx_word' id='word_1_334' title='bbox 1128 5216 1194 5284; x_wconf 83' lang='lat' dir='ltr'>ego</span> <span class='ocrx_word' id='word_1_335' title='bbox 1218 5199 1256 5266; x_wconf 89' lang='lat' dir='ltr'>in</span> <span class='ocrx_word' id='word_1_336' title='bbox 1281 5198 1359 5283; x_wconf 89' lang='lat' dir='ltr'>ipsa</span> <span class='ocrx_word' id='word_1_337' title='bbox 1381 5195 1533 5265; x_wconf 90' lang='lat' dir='ltr'>ecclesia</span> <span class='ocrx_word' id='word_1_338' title='bbox 1556 5197 1601 5264; x_wconf 88' lang='lat' dir='ltr'>ad</span> <span class='ocrx_word' id='word_1_339' title='bbox 1625 5197 1854 5266; x_wconf 86' lang='lat' dir='ltr'>officiandum</span> <span class='ocrx_word' id='word_1_340' title='bbox 1878 5199 2094 5282; x_wconf 88' lang='lat' dir='ltr'>benerimus;</span> 
     </span>
     <span class='ocr_line' id='line_1_29' title="bbox 241 5349 2094 5439; baseline -0.001 -23"><span class='ocrx_word' id='word_1_341' title='bbox 241 5353 319 5418; x_wconf 88' lang='grc'>616</span> <span class='ocrx_word' id='word_1_342' title='bbox 342 5369 412 5436; x_wconf 92' lang='lat' dir='ltr'>quo</span> <span class='ocrx_word' id='word_1_343' title='bbox 435 5369 500 5439; x_wconf 81' lang='lat' dir='ltr'>ego</span> <span class='ocrx_word' id='word_1_344' title='bbox 525 5351 562 5417; x_wconf 91' lang='lat' dir='ltr'>in</span> <span class='ocrx_word' id='word_1_345' title='bbox 587 5351 665 5438; x_wconf 89' lang='lat' dir='ltr'>ipsa</span> <span class='ocrx_word' id='word_1_346' title='bbox 688 5353 839 5422; x_wconf 89' lang='lat' dir='ltr'>ecelesia</span> <span class='ocrx_word' id='word_1_347' title='bbox 862 5353 907 5422; x_wconf 89' lang='lat' dir='ltr'>ad</span> <span class='ocrx_word' id='word_1_348' title='bbox 931 5351 1162 5420; x_wconf 85' lang='lat' dir='ltr'>officiandum</span> <span class='ocrx_word' id='word_1_349' title='bbox 1179 5368 1250 5417; x_wconf 92' lang='grc'>666</span> <span class='ocrx_word' id='word_1_350' title='bbox 1267 5351 1486 5435; x_wconf 90' lang='lat' dir='ltr'>benerimus,</span> <span class='ocrx_word' id='word_1_351' title='bbox 1511 5349 1634 5418; x_wconf 90' lang='lat' dir='ltr'>demus</span> <span class='ocrx_word' id='word_1_352' title='bbox 1651 5349 1782 5417; x_wconf 88' lang='lat' dir='ltr'>exinde</span> <span class='ocrx_word' id='word_1_353' title='bbox 1798 5349 2005 5418; x_wconf 89' lang='lat' dir='ltr'>annualiter</span> <span class='ocrx_word' id='word_1_354' title='bbox 2028 5367 2094 5436; x_wconf 86' lang='lat' dir='ltr'>ego</span> 
     </span>
     <span class='ocr_line' id='line_1_30' title="bbox 240 5503 2097 5595; baseline 0.001 -27"><span class='ocrx_word' id='word_1_355' title='bbox 240 5507 391 5574; x_wconf 88' lang='grc'><strong>616666</strong></span> <span class='ocrx_word' id='word_1_356' title='bbox 413 5507 537 5575; x_wconf 88' lang='lat' dir='ltr'>eredes</span> <span class='ocrx_word' id='word_1_357' title='bbox 560 5507 606 5575; x_wconf 91' lang='lat' dir='ltr'>ad</span> <span class='ocrx_word' id='word_1_358' title='bbox 630 5527 714 5594; x_wconf 90' lang='lat' dir='ltr'>pars</span> <span class='ocrx_word' id='word_1_359' title='bbox 738 5507 852 5595; x_wconf 89' lang='lat' dir='ltr'>ipsius</span> <span class='ocrx_word' id='word_1_360' title='bbox 875 5505 1022 5574; x_wconf 85' lang='lat' dir='ltr'>ecclesie</span> <span class='ocrx_word' id='word_1_361' title='bbox 1045 5520 1158 5589; x_wconf 88' lang='lat' dir='ltr'>usque</span> <span class='ocrx_word' id='word_1_362' title='bbox 1184 5503 1260 5591; x_wconf 88' lang='lat' dir='ltr'>ipso</span> <span class='ocrx_word' id='word_1_363' title='bbox 1275 5505 1509 5572; x_wconf 88' lang='lat' dir='ltr'>constitutum</span> <span class='ocrx_word' id='word_1_364' title='bbox 1527 5521 1639 5569; x_wconf 92' lang='lat' dir='ltr'>unum</span> <span class='ocrx_word' id='word_1_365' title='bbox 1655 5521 1805 5572; x_wconf 90' lang='lat' dir='ltr'>aureum</span> <span class='ocrx_word' id='word_1_366' title='bbox 1821 5503 1909 5587; x_wconf 82' lang='lat' dir='ltr'>tari3</span> <span class='ocrx_word' id='word_1_367' title='bbox 1934 5503 1979 5571; x_wconf 91' lang='lat' dir='ltr'>ad</span> <span class='ocrx_word' id='word_1_368' title='bbox 2003 5522 2097 5570; x_wconf 91' lang='lat' dir='ltr'>com-</span> 
     </span>
     <span class='ocr_line' id='line_1_31' title="bbox 241 5656 2097 5747; baseline 0 -22"><span class='ocrx_word' id='word_1_369' title='bbox 241 5658 324 5742; x_wconf 89' lang='lat' dir='ltr'>pleti</span> <span class='ocrx_word' id='word_1_370' title='bbox 358 5665 478 5729; x_wconf 88' lang='lat' dir='ltr'>autem</span> <span class='ocrx_word' id='word_1_371' title='bbox 511 5661 579 5747; x_wconf 90' lang='lat' dir='ltr'>ipsi</span> <span class='ocrx_word' id='word_1_372' title='bbox 610 5660 741 5746; x_wconf 84' lang='lat' dir='ltr'>biginti</span> <span class='ocrx_word' id='word_1_373' title='bbox 777 5663 904 5728; x_wconf 90' lang='lat' dir='ltr'>nobem</span> <span class='ocrx_word' id='word_1_374' title='bbox 938 5662 1026 5730; x_wconf 89' lang='lat' dir='ltr'>anni</span> <span class='ocrx_word' id='word_1_375' title='bbox 1060 5662 1269 5746; x_wconf 89' lang='lat' dir='ltr'>potestatem</span> <span class='ocrx_word' id='word_1_376' title='bbox 1297 5662 1465 5730; x_wconf 88' lang='lat' dir='ltr'>abeamus</span> <span class='ocrx_word' id='word_1_377' title='bbox 1496 5677 1561 5727; x_wconf 90' lang='lat' dir='ltr'>nos</span> <span class='ocrx_word' id='word_1_378' title='bbox 1588 5663 1624 5726; x_wconf 88' lang='lat' dir='ltr'>et</span> <span class='ocrx_word' id='word_1_379' title='bbox 1651 5658 1783 5726; x_wconf 89' lang='lat' dir='ltr'>nostris</span> <span class='ocrx_word' id='word_1_380' title='bbox 1818 5658 1983 5725; x_wconf 90' lang='lat' dir='ltr'>eredibus</span> <span class='ocrx_word' id='word_1_381' title='bbox 2016 5656 2097 5744; x_wconf 86' lang='lat' dir='ltr'>ipsa</span> 
     </span>
    </p>
   </div>
   <div class='ocr_carea' id='block_1_6' title="bbox 245 5809 2096 5900">
    <p class='ocr_par' dir='ltr' id='par_1_6' title="bbox 245 5809 2096 5900">
     <span class='ocr_line' id='line_1_32' title="bbox 245 5809 2096 5900; baseline 0.002 -24"><span class='ocrx_word' id='word_1_382' title='bbox 245 5829 324 5883; x_wconf 86' lang='lat' dir='ltr'>casa</span> <span class='ocrx_word' id='word_1_383' title='bbox 346 5813 480 5882; x_wconf 87' lang='lat' dir='ltr'>exinde</span> <span class='ocrx_word' id='word_1_384' title='bbox 503 5813 708 5886; x_wconf 87' lang='lat' dir='ltr'>disturbare</span> <span class='ocrx_word' id='word_1_385' title='bbox 732 5820 769 5884; x_wconf 88' lang='lat' dir='ltr'>et</span> <span class='ocrx_word' id='word_1_386' title='bbox 792 5814 917 5883; x_wconf 89' lang='lat' dir='ltr'>tollere</span> <span class='ocrx_word' id='word_1_387' title='bbox 941 5813 1073 5883; x_wconf 82' lang='lat' dir='ltr'>exinde</span> <span class='ocrx_word' id='word_1_388' title='bbox 1096 5811 1212 5881; x_wconf 89' lang='grc'><strong>66616</strong></span> <span class='ocrx_word' id='word_1_389' title='bbox 1235 5811 1444 5900; x_wconf 78' lang='lat' dir='ltr'>lingnamen</span> <span class='ocrx_word' id='word_1_390' title='bbox 1469 5818 1505 5880; x_wconf 89' lang='grc'>61</span> <span class='ocrx_word' id='word_1_391' title='bbox 1528 5811 1644 5880; x_wconf 88' lang='grc'><strong>66616</strong></span> <span class='ocrx_word' id='word_1_392' title='bbox 1667 5816 1790 5881; x_wconf 89' lang='lat' dir='ltr'>nostra</span> <span class='ocrx_word' id='word_1_393' title='bbox 1810 5809 1972 5898; x_wconf 90' lang='lat' dir='ltr'>mobilia,</span> <span class='ocrx_word' id='word_1_394' title='bbox 1986 5819 2023 5881; x_wconf 92' lang='lat' dir='ltr'>et</span> <span class='ocrx_word' id='word_1_395' title='bbox 2039 5813 2096 5880; x_wconf 90' lang='lat' dir='ltr'>ire</span> 
     </span>
    </p>
   </div>
   <div class='ocr_carea' id='block_1_7' title="bbox 389 5963 1940 6022">
    <p class='ocr_par' dir='ltr' id='par_1_7' title="bbox 389 5963 1940 6022">
     <span class='ocr_line' id='line_1_33' title="bbox 389 5963 1940 6022; baseline 0.002 -4"><span class='ocrx_word' id='word_1_396' title='bbox 389 5963 450 6022; x_wconf 75' lang='lat' dir='ltr'>Tou</span> <span class='ocrx_word' id='word_1_397' title='bbox 481 5981 517 6022; x_wconf 84' lang='lat' dir='ltr'>iv.</span> <span class='ocrx_word' id='word_1_398' title='bbox 1907 5964 1940 6021; x_wconf 87' lang='grc'>13</span> 
     </span>
    </p>
   </div>
   <div class='ocr_carea' id='block_1_8' title="bbox 0 0 2660 7080">
    <p class='ocr_par' dir='ltr' id='par_1_8' title="bbox 0 0 2660 7080">
     <span class='ocr_line' id='line_1_34' title="bbox 0 0 2660 7080; baseline 0 3"><span class='ocrx_word' id='word_1_399' title='bbox 0 0 2660 7080; x_wconf 95' lang='lat' dir='ltr'> </span> 
     </span>
    </p>
   </div>
  </div>
 </body>
</html>
