5376 7094
390 901 423 1230 Numerus

591 1085 622 1155 A-
591 971 623 1038 D-

1072 555 1414 632 MEMBRANARUM

1109 895 1231 959 Nomen

1160 1023 1195 1082 et

1042 1140 1125 1204 Anni
1145 1138 1306 1220 Principis

1412 1015 1621 1081 Membranae
1643 1014 1862 1080 Summarium

1977 962 2009 1130 Arca

2075 1051 2107 1212 Num
2083 896 2106 1045 erus

2172 1027 2212 1156 Pag
2181 920 2204 1002 na

349 1907 484 1970 DCCVII
577 1899 655 1962 1018
721 1896 829 1976 Aprili
949 1903 962 1963 Ι
1053 1897 1303 1962 30.Goanmnn

562 2483 888 2809 nb!

1077 1985 1110 2042 et
1126 1981 1156 2041 3.
1175 1980 1311 2044 lonnms

1076 2063 1149 2124 eius
1173 2063 1246 2126 filii.

1361 1485 1519 1545 somooile
1542 1482 1688 1556 dicitur,
1714 1502 1772 1561 pro
1796 1483 1920 1544 medie-

1362 1569 1427 1625 tate
1451 1567 1520 1626 vini
1545 1572 1578 1626 et
1599 1585 1783 1647 pomorum,
1810 1584 1846 1627 ae
1870 1584 1920 1626 so-

1362 1644 1444 1708 lario
1469 1655 1638 1713 consueto.
1978 1651 2019 1712 VI
2076 1647 2117 1708 83
2164 1643 2225 1707 386

1403 1897 1540 1962 Mannus
1563 1899 1737 1962 Gastaldns
1756 1899 1845 1960 filius
1860 1903 1920 1964 Pe·

1362 1981 1424 2052 tri,
1449 1984 1582 2044 nomine
1607 1983 1752 2061 Alphani
1783 1983 1919 2045 Comitis

1362 2070 1396 2124 et
1417 2064 1582 2126 Landonis
1606 2065 1736 2144 nepotis
1761 2065 1841 2127 dion
1865 2067 1921 2128 Al·
1974 2061 1976 2066 ’

1361 2146 1483 2223 phani,
1508 2155 1615 2208 terras
1639 2149 1678 2210 de
1701 2150 1770 2228 ipse
1795 2147 1919 2212 Caselle

1361 2233 1395 2291 in
1432 2247 1508 2305 agro
1539 2230 1744 2292 salernitano
1767 2230 1916 2309 positae,

1361 2313 1514 2374 concedit
1536 2313 1674 2374 Leontio
1698 2313 1832 2384 Abbati,
1857 2317 1914 2392 qui

1360 2397 1599 2459 monasterium
1634 2395 1672 2456 ad
1706 2397 1865 2456 honorem
1888 2416 1914 2458 a.

1360 2480 1524 2559 Onuphrii
1562 2477 1608 2540 ibi
1646 2483 1841 2540 construere
1880 2499 1915 2542 se

1360 2561 1495 2639 obligat.
1976 2561 2016 2621 vl
2074 2565 2114 2626 84
2162 2561 2222 2622 288

334 3425 492 3489 Civitates
516 3429 550 3488 et
572 3422 649 3498 loci,
675 3423 710 3483 in
733 3423 854 3503 quibus
878 3422 1096 3486 membranae
1120 3423 1220 3485 huius
1243 3425 1432 3486 voluminis
1455 3387 1594 3486 suerunt
1616 3423 1710 3486 datae
1717 3472 2046 3488 .......
2093 3447 2125 3506 p.
2151 3428 2226 3492 291.

338 3601 441 3670 Index
462 3603 703 3686 Alphabetious
725 3603 903 3668 Nominum
920 3603 1191 3682 etbgnominum
1215 3623 1433 3685 personarum
1455 3611 1514 3678 ete;
1538 3623 1600 3668 nec
1624 3624 1689 3667 non
1713 3603 1901 3678 Civitatnm,
1927 3607 2158 3671 Ecclesiarum
2184 3633 2213 3668 n.

281 3789 454 3858 Locorum,
479 3783 684 3866 aliarumque
708 3803 833 3858 rerum,
859 3783 898 3846 de
923 3783 1044 3864 quibus
1068 3784 1103 3846 in
1126 3782 1330 3846 membranis
1355 3783 1391 3845 fit
1414 3785 1541 3846 mentio
1546 3831 2049 3849 ..........
2095 3809 2127 3869 p.
2153 3786 2226 3850 293.
