5376 7104
647 539 717 612 ⁶270
1293 535 1467 608 CODEX
1500 537 1767 614 cavensis

598 783 669 853 que
693 764 762 834 due
786 764 906 852 sortis,
931 767 966 834 et
989 763 1031 834 de
1054 765 1131 853 ipse
1154 770 1322 835 castaneo
1346 763 1457 833 deant
1480 763 1563 832 inde
1586 764 1688 834 nobis
1711 764 1765 836 vel
1788 784 1874 852 pars
1897 765 2010 852 ipsius
2032 764 2180 838 ecclesie
2204 763 2296 835 sicce
2313 768 2441 838 medie·

598 922 688 1005 tate,
712 923 748 987 et
772 917 834 988 ille
857 923 894 987 et
917 916 993 988 suis
1016 919 1207 988 heredibus
1230 917 1334 988 tollat
1357 917 1496 1004 reliqua
1518 917 1726 1006 medietate,
1749 921 1786 987 et
1809 937 1878 1006 que
1902 917 2027 988 amodo
2041 922 2077 986 et
2091 934 2230 1004 semper
2246 917 2377 987 ibidem
2391 939 2443 990 se·

599 1069 836 1158 minaberint,
861 1069 972 1140 deant
993 1070 1076 1138 inde
1100 1073 1204 1139 nobis
1228 1070 1436 1139 annualiter
1460 1070 1604 1141 tertiam
1628 1075 1732 1158 parte
1755 1071 1799 1140 de
1823 1071 1899 1158 ipso
1922 1069 2147 1156 terraticum,
2171 1074 2207 1140 et
2223 1068 2359 1158 relique
2373 1071 2440 1142 due

598 1223 707 1291 sortis
731 1223 813 1293 illut
835 1224 904 1293 sibi
929 1226 1076 1312 abeant3
1101 1229 1138 1294 et
1161 1223 1265 1311 quale
1290 1228 1447 1310 tempore
1472 1223 1518 1292 da
1540 1189 1615 1310 ipso
1639 1225 1872 1293 constitutum
1895 1223 1935 1290 in
1958 1227 2068 1292 antea
2092 1220 2175 1291 illut
2198 1225 2321 1292 tenere
2343 1227 2380 1292 et
2396 1223 2444 1293 la·

597 1377 727 1446 horare
749 1395 821 1444 non
844 1376 1012 1465 boluerit,
1036 1377 1097 1446 ille
1119 1381 1156 1448 et
1180 1395 1263 1445 suos
1287 1377 1411 1446 eredes
1437 1376 1563 1445 inclita
1587 1375 1665 1463 ipsa
1690 1377 1798 1444 rebus
1813 1375 1977 1446 laborata
1992 1378 2029 1444 et
2044 1374 2183 1444 cultata
2194 1375 2383 1445 remittant
2398 1377 2442 1446 ad

596 1533 720 1598 nostra
742 1533 978 1619 potestatem,
1001 1529 1057 1598 vel
1081 1529 1126 1600 ad
1149 1547 1233 1618 pars
1255 1531 1369 1618 ipsius
1391 1529 1564 1614 ecclesie,
1588 1532 1624 1596 et
1647 1527 1756 1598 liceat
1778 1526 1839 1597 ille
1862 1531 1896 1597 et
1921 1527 1995 1596 suis
2018 1525 2183 1597 erodibus
2206 1529 2289 1597 inde
2313 1529 2441 1600 distur-

596 1685 686 1752 bare
710 1683 884 1772 reditum,
908 1684 938 1752 si
965 1682 1099 1752 ibidem
1122 1684 1258 1753 lactum
1281 1682 1465 1768 abuerint,
1489 1684 1526 1749 11
1548 1679 1665 1747 omnis
1687 1697 1754 1748 sua
1776 1696 1887 1748 causa
1910 1677 2070 1764 mobilia,
2102 1684 2138 1748 11
2170 1679 2224 1749 111
2252 1700 2335 1750 cum
2365 1679 2444 1750 illut

598 1835 662 1903 ubi
687 1833 884 1922 voluerint,
909 1833 987 1903 sine
1011 1832 1268 1904 contrarietate
1292 1834 1415 1902 nostra
1437 1831 1492 1900 rel
1515 1831 1558 1900 de
1580 1849 1664 1918 pars
1687 1831 1801 1917 ipsius
1830 1829 1996 1917 ecclesie3
2025 1833 2063 1899 et
2085 1830 2117 1899 si
2140 1831 2184 1900 de
2206 1850 2249 1902 ao
2272 1836 2372 1902 terra
2392 1851 2446 1903 sa·

599 1985 1214 2058 111111111111111111111111111111
1238 1986 1428 2056 heredibus
1450 2003 1515 2073 pro
1539 1983 1653 2054 aliubi
1678 1984 1724 2054 ad
1748 1983 1982 2070 abitandum,
2015 1983 2143 2054 inclita
2167 1984 2244 2072 ipsa
2267 1987 2449 2056 111111111-

597 2140 707 2212 deant
730 2141 776 2210 ad
798 2143 1008 2228 potestatem
1031 2139 1145 2228 ipsius
1166 2137 1330 2225 ecclesie3
1354 2141 1391 2206 11
1414 2138 1446 2206 si
1470 2137 1654 2208 1111111111
1670 2135 1835 2206 1111111111
1851 2135 1987 2206 luerint
2005 2136 2140 2206 rebersi
2158 2136 2204 2206 ad
2220 2137 2449 2228 abitandum,

603 2291 732 2360 inclita
755 2291 835 2379 ipsa
859 2292 966 2358 rebus
988 2287 1350 2360 tradictioneredeat
1371 2287 1417 2358 ad
1441 2287 1585 2356 illorum
1608 2291 1834 2376 potestatem,
1858 2289 1904 2360 ad
1927 2289 2120 2358 tenendum
2153 2288 2235 2358 illut
2264 2289 2305 2358 in
2328 2307 2449 2378 supra-

603 2444 740 2532 scripta
762 2443 919 2530 ratione3
945 2447 981 2513 11
1003 2443 1035 2514 si
1059 2441 1135 2530 ipso
1158 2460 1259 2512 annu
1283 2442 1426 2530 quando
1449 2441 1645 2530 redierint,
1669 2443 1748 2528 ipsa
1772 2445 1880 2510 rebus
1905 2440 2067 2515 laborata
2091 2443 2323 2534 inbenerint,
2347 2446 2447 2518 liceat

602 2597 691 2665 inde
715 2597 792 2684 ipso
815 2614 951 2664 annum
975 2594 1052 2682 ipso
1074 2593 1230 2662 srudium
1254 2592 1380 2662 tollere
1403 2592 1561 2679 illisqui
1585 2595 1664 2681 ipsa
1687 2596 1795 2664 rebus
1827 2595 2087 2684 laboraverint,
2117 2602 2154 2666 et
2184 2597 2214 2664 si
2245 2595 2346 2668 infra
2377 2598 2448 2686 ipso

596 2748 837 2818 constitutum
861 2746 895 2816 ic
917 2764 990 2815 non
1014 2744 1188 2815 redierint
1211 2745 1256 2814 ad
1280 2744 1503 2832 abitandum,
1527 2745 1665 2816 saciant
1688 2766 1771 2836 pars
1795 2750 1908 2836 ipsius
1924 2749 2074 2820 ecclesie
2089 2747 2210 2822 omnia
2225 2751 2449 2840 quodvolue·

600 2904 691 2972 rint.
717 2901 816 2978 Quod
840 2902 872 2970 si
896 2899 1018 2970 taliter
1041 2897 1162 2967 omnia
1185 2897 1430 2986 suprascripta
1453 2898 1543 2966 mihi
1566 2899 1623 2968 vel
1646 2902 1693 2971 ad
1716 2919 1801 2990 pars
1816 2901 1927 2990 ipsius
1942 2902 2091 2974 ecclesie
2106 2921 2178 2972 non
2197 2902 2444 2992 adimpleverit

596 3059 632 3124 11
655 3053 785 3141 aliquit
810 3053 892 3122 inde
915 3048 1192 3137 contradixerit,
1215 3067 1280 3137 per
1302 3049 1381 3138 ipsa
1403 3051 1538 3138 guadia
1561 3052 1736 3142 obligavit
1758 3073 1797 3124 se
1820 3055 1895 3142 ipsc
1911 3054 2087 3124 iohannes
2109 3059 2146 3124 et
2160 3056 2235 3126 suis
2250 3053 2442 3126 heredibus

598 3208 646 3278 ad
671 3171 950 3295 componendum
972 3204 1082 3272 michi
1107 3202 1163 3272 vel
1187 3202 1231 3272 ad
1253 3222 1338 3290 pars
1354 3203 1466 3290 ipsius
1476 3203 1629 3273 ecclesie
1645 3204 1779 3293 viginti
1795 3207 1876 3276 auri
1894 3205 1998 3276 solidi
2013 3207 2245 3296 constantini,
2261 3212 2299 3278 11
2314 3206 2446 3296 omnia,

597 3365 639 3430 ut
661 3359 826 3448 superius
850 3356 997 3446 legitur,
1020 3374 1084 3444 per
1107 3353 1243 3424 imbitis
1266 3355 1368 3424 nobis
1391 3355 1589 3444 compliret.
1614 3358 1660 3424 Et
1683 3361 1779 3428 hunc
1803 3361 1946 3432 brebem
1962 3361 2090 3449 scripsi
2114 3379 2181 3450 ego
2197 3360 2359 3432 selliotus
2373 3380 2449 3450 prc-

596 3516 711 3584 sbiter
733 3519 770 3583 11
792 3511 955 3582 notarius
978 3511 1086 3580 huius
1108 3529 1197 3598 apus
1220 3515 1351 3580 monte.
2317 3479 2318 3482 Ἴ

642 3640 675 3757 †
700 3669 775 3756 Ego
797 3671 921 3754 petrus
943 3663 1116 3754 presbiter
1139 3667 1176 3732 et
1202 3664 1313 3734 abbas

642 3793 674 3912 †
699 3823 774 3908 Ego
797 3819 932 3908 nanigo

642 3947 674 4065 †
698 3975 774 4064 Ego
797 3973 956 4043 ioannes.

1347 4226 1354 4230 .
1379 4227 1386 4232 .
1392 4225 1725 4236 .--.-—...-—----——---

1399 4515 1655 4602 DCXCV.

1384 4779 1439 4856 A.
1468 4779 1519 4857 D.
1547 4779 1669 4861 1017.

647 5019 684 5160 †
708 5072 749 5138 ln
772 5069 915 5137 nomine
937 5067 1071 5137 domini
1094 5069 1262 5137 vicesimo
1285 5071 1435 5140 hoctabo
1456 5087 1552 5139 anno
1573 5069 1800 5160 principatus
1822 5072 1945 5142 domni
1971 5077 2088 5145 nostri
2112 5077 2310 5164 guaimarii
2335 5083 2372 5147 et
2393 5095 2444 5147 se·

606 5223 724 5294 cundo
739 5237 835 5292 anno
846 5191 1070 5308 principatus
1081 5218 1201 5290 domni
1214 5221 1364 5291 iohanni
1377 5221 1454 5290 eius
1467 5223 1555 5310 ulio,
1568 5221 1734 5312 gloriosis
1745 5225 1983 5314 principibus,
1994 5243 2116 5297 mense
2129 5227 2335 5319 ianuarius,
2346 5249 2447 5320 quar·

607 5375 788 5447 tadecima
811 5371 1019 5442 indictione.
1052 5372 1201 5460 ldeoque
1233 5391 1299 5461 ego
1330 5374 1513 5444 maraldus
1542 5375 1638 5444 filius
1664 5377 1767 5463 ydem
1791 5378 1944 5450 maraldi
1967 5374 2168 5471 calbar'osi,
2190 5382 2253 5474 qui
2277 5401 2357 5454 sum
2378 5385 2446 5455 abi·

608 5536 707 5603 tator
730 5529 774 5600 de
797 5529 915 5598 locum
938 5533 1058 5597 monte
1081 5526 1301 5598 salernitane
1324 5529 1478 5616 finibus,
1511 5529 1701 5600 1111111111
1733 5529 1864 5602 habere
1888 5551 1962 5602 una
1985 5536 2088 5622 pecie
2109 5535 2154 5604 de
2177 5539 2277 5609 terra
2299 5557 2379 5610 mec
2392 5539 2445 5608 ba·

611 5703 693 5772 cua,
717 5683 809 5770 quod
832 5685 920 5754 abeo
943 5685 982 5752 in
1005 5683 1119 5751 locum
1142 5683 1204 5768 qui
1228 5682 1376 5750 bocatur
1399 5683 1501 5752 dossa
1523 5703 1546 5755 1
1568 5655 1675 5774 super
1697 5685 1804 5755 flubio
1826 5689 2003 5777 tusciano,
2032 5707 2102 5777 que
2123 5695 2178 5762 est
2198 5709 2263 5781 ρ11
2285 5692 2352 5762 hec
2372 5691 2446 5762 finis

607 5841 647 5907 et
668 5835 875 5907 mensuriis:
900 5853 923 5904 a
946 5851 1029 5922 pars
1051 5835 1303 5922 septemtrione
1326 5839 1411 5904 sunt
1433 5835 1528 5922 passi
1552 5837 1763 5927 octuaginta
1786 5841 1902 5930 boeto,
1924 5847 1962 5912 et
1985 5839 2069 5913 inde
2091 5844 2295 5917 rebolbente
2318 5846 2357 5915 in
2372 5861 2446 5937 pars
