5310 7080
982 442 1386 544 orruoulrrcus

1018 906 1334 988 DLXXVII.

1034 1197 1089 1273 A.
1117 1195 1168 1271 D.
1197 1193 1325 1275 1005.

303 1429 337 1568 †
361 1483 401 1547 ln
420 1485 562 1551 nomine
579 1485 713 1552 domini
731 1486 880 1571 septimo
896 1486 1031 1553 decimo
1044 1503 1139 1554 anno
1152 1487 1375 1572 principatus
1387 1484 1506 1552 domni
1519 1484 1632 1551 nostri
1648 1485 1826 1572 guaimari
1840 1485 1984 1571 gloriosi
2000 1487 2099 1571 prin-

256 1633 358 1719 cipis,
376 1653 496 1702 mense
512 1640 700 1723 augustae,
716 1637 825 1706 tertia
841 1638 1047 1706 indictione.
1065 1638 1210 1707 Declaro
1226 1656 1292 1724 ego
1308 1636 1465 1705 sellictus
1482 1636 1615 1702 domini
1632 1636 1755 1721 gratia
1771 1637 1880 1704 abbas
1895 1638 2101 1706 monasterii

260 1791 381 1853 sancte
405 1788 520 1856 marie
545 1793 580 1854 et
605 1791 721 1858 sancti
746 1789 921 1857 benedicti
947 1791 1038 1858 situs
1062 1792 1161 1858 intus
1183 1793 1276 1860 hanc
1301 1791 1558 1859 salernitanam
1582 1787 1778 1876 cibitatem,
1796 1790 1882 1856 hubi
1907 1790 1953 1858 ad
1976 1808 2105 1876 corpus

259 1937 407 2024 dicitur,
425 1942 595 2024 quoniam
610 1962 695 2027 pars
711 1942 823 2009 nostri
839 1943 1048 2011 monasterii
1064 1945 1146 2012 abet
1162 1947 1267 2010 rebus
1282 1943 1322 2010 in
1339 1942 1471 2010 finibus
1488 1941 1744 2026 mitilianense,
1762 1943 1824 2028 qui
1839 1947 1892 2009 est
1909 1947 2008 2010 terra
2024 1961 2105 2011 cum

258 2091 407 2158 arbusto
433 2097 469 2159 et
493 2093 748 2162 abellanietum
765 2097 800 2164 et
814 2096 1045 2182 ‚quertietum‚
1062 2101 1175 2163 totum
1190 2095 1229 2161 in
1246 2113 1359 2162 unum
1382 2095 1613 2163 coniunctum
1636 2095 1674 2160 in
1701 2073 1792 2160 locis¹
1808 2095 1868 2180 qui
1895 2095 2102 2164 nominatur

256 2245 423 2331 aquabia,
448 2251 484 2312 et
506 2266 631 2332 cornu,
651 2251 687 2314 et
704 2250 881 2316 cassiane.
898 2249 957 2316 Set
972 2253 1115 2335 propter
1131 2248 1336 2335 grabiosum
1354 2235 1380 2328 ¹)
1395 2247 1477 2330 iter,
1495 2247 1590 2313 unde
1606 2246 1650 2313 ad
1668 2247 1754 2330 ipsis
1778 2249 1885 2313 rebus
1901 2250 2099 2335 pergimus,

257 2396 479 2467 nolueramus
504 2400 585 2468 illut
607 2402 894 2470 commutationis
923 2401 1047 2469 ordine
1071 2403 1156 2471 dare
1188 2403 1224 2470 et
1254 2399 1412 2487 recipere
1435 2400 1565 2467 exinde
1597 2398 1671 2467 alia
1696 2401 1824 2484 rebuS‚
1849 2419 1917 2484 que
1941 2401 2042 2468 nobis
2067 2405 2104 2469 et

257 2553 370 2618 nostri
394 2555 600 2622 monasterii
625 2574 785 2642 congrua
808 2556 930 2626 suerit.
956 2557 1001 2623 Et
1024 2555 1108 2623 dnm
1133 2555 1213 2622 illut
1235 2573 1298 2640 per
1323 2553 1442 2638 plures
1465 2551 1589 2619 diebus
1612 2551 1893 2639 dibulgaminuS,
1918 2572 2020 2620 nemo
2043 2554 2099 2620 in·

255 2702 417 2770 benimus
440 2704 501 2790 qui
526 2704 608 2772 illut
633 2706 755 2774 tollere
779 2707 932 2792 boleret;
957 2725 1026 2793 quo
1049 2708 1172 2776 audito
1196 2725 1251 2792 eo,
1277 2707 1370 2772 Maio
1395 2705 1570 2791 presbiter
1593 2708 1629 2772 et
1654 2708 1763 2773 abbas
1787 2704 1959 2774 hecclesie
1982 2708 2098 2774 sancti
2136 2665 2153 2749 s

251 2857 415 2942 maximi,
439 2877 544 2943 quem
567 2859 716 2925 domnus
739 2860 939 2944 guaiferius
956 2861 1041 2928 olim
1058 2862 1223 2946 princeps
1246 2860 1346 2927 intus
1369 2862 1462 2927 hanc
1487 2857 1746 2926 salernitanam
1769 2859 1952 2928 cibitatem
1970 2880 1992 2926 a
2007 2862 2099 2928 nobo

254 3004 461 3074 fundamine
476 3011 691 3095 construxit,
707 3009 801 3076 dixit
818 3011 933 3097 nobis,
951 3015 990 3078 ut
1005 3011 1034 3078 si
1052 3013 1252 3080 dederimus
1276 3013 1326 3079 im
1345 3031 1427 3099 pars
1451 3012 1609 3098 predicte
1625 3009 1798 3077 hecclesie
1814 3011 1929 3076 sancti
1948 3010 2095 3078 maximi

250 3158 326 3243 ipsa
350 3161 456 3226 rebus
480 3160 630 3246 predicti
653 3165 860 3231 monasterii
884 3182 948 3250 per
971 3165 1054 3231 finis
1084 3162 1855 3249 61161611161161116111611661616111116,
1886 3161 1949 3230 ille
1973 3168 2095 3231 autem

248 3311 350 3378 daret
375 3333 439 3398 pro
462 3316 594 3382 exinde
619 3317 656 3382 in
682 3337 766 3402 pars
791 3318 941 3404 predicti
966 3319 1173 3387 monasterii
1199 3322 1298 3384 curte
1314 3318 1472 3404 predicte
1495 3335 1557 3383 sue
1582 3315 1766 3401 hecclesie‚
1791 3317 1852 3400 qui
1876 3321 1929 3381 est
1953 3337 1975 3382 a
2000 3317 2094 3385 foras

248 3469 284 3530 et
308 3469 505 3555 propinquo
529 3474 621 3539 hanc
645 3471 830 3540 cibitatem
860 3472 920 3558 qui
952 3473 1085 3542 dicitur
1111 3471 1333 3558 birideare0,
1364 3489 1469 3557 quem
1501 3489 1564 3555 per
1589 3467 1702 3554 ipsum
1727 3468 1874 3536 domnus
1897 3469 2095 3555 guaiferius

247 3621 401 3688 hibidem
426 3624 548 3693 datum
572 3632 638 3714 est,
663 3647 745 3693 cum
769 3648 864 3713 aqua
886 3628 929 3696 de
952 3630 1052 3696 ribus
1076 3629 1220 3697 faustini
1239 3631 1274 3696 et
1290 3627 1510 3713 palombara,
1535 3623 1595 3709 qui
1620 3622 1658 3689 in
1683 3625 1760 3709 ipsa
1784 3629 1885 3692 curte
1910 3625 2016 3693 solita
2040 3630 2094 3694 est

247 3775 371 3843 benire
390 3789 465 3864 'per
489 3779 638 3863 aquario
670 3781 831 3866 antiquo.
856 3785 926 3848 Nos
949 3783 1070 3848 antem
1095 3779 1183 3848 talia
1206 3777 1412 3864 audientes,
1438 3776 1595 3864 cepimus
1621 3775 1702 3842 inde
1726 3779 1857 3843 habere
1881 3776 2094 3862 colloquium

246 3949 325 3998 cum
341 3933 564 4000 theodericus
580 3934 825 4002 adbocatorem
848 3937 1009 4002 nostrum
1026 3937 1159 3999 etcum
1182 3930 1355 3998 tratribus
1379 3928 1492 3995 nostri
1516 3926 1724 3994 monasterii
1740 3948 1749 4012 ;
1774 3932 1809 3995 et
1825 3928 1916 3996 inito
1933 3928 2095 4016 consilio,

247 4086 444 4170 comparuit
467 4086 630 4154 omnibus
661 4085 761 4152 nobis
785 4087 869 4155 illut
892 4085 1106 4154 laciendum.
1139 4086 1183 4150 Et
1207 4086 1289 4151 dum
1315 4083 1396 4149 illut
1421 4080 1575 4169 pleniter
1599 4083 1769 4166 perficere
1793 4085 2015 4168 baleremus,
2046 4100 2093 4150 ex

247 4247 398 4326 utraque
421 4245 541 4325 partes
565 4239 813 4307 nuntiabimus
837 4240 918 4306 illut
942 4238 1146 4325 supradicto
1177 4237 1295 4306 domni
1317 4237 1500 4324 guaimari
1531 4235 1799 4303 exellentissimi
1831 4236 2025 4323 principiS‚
2052 4243 2091 4302 ut

247 4413 308 4480 per
332 4391 431 4458 illius
456 4391 640 4460 licentiam
664 4396 701 4458 et
717 4391 974 4460 absolutionem
991 4411 1058 4460 ane
1073 4393 1270 4459 faceremus
1293 4389 1618 4458 commutationem.
1644 4388 1705 4455 1116
1723 4393 1841 4456 autem
1856 4406 1921 4474 pro
1936 4406 2002 4456 sua
2017 4387 2091 4474 pie-

249 4547 322 4611 tate
347 4549 386 4610 nt
403 4543 553 4628 bideret,
570 4543 746 4608 sibonum
769 4561 832 4627 per
855 4545 975 4628 partes
999 4542 1196 4628 hebeniret‚
1214 4561 1329 4628 perse
1345 4541 1458 4628 ipsum
1485 4560 1556 4609 una
1579 4558 1660 4606 cnm
1685 4545 1786 4625 petro
1811 4537 1930 4608 iudice
1946 4545 1982 4606 ot
1998 4557 2091 4606 com·

245 4696 361 4781 plures
384 4697 573 4763 nobiliores
597 4694 733 4762 omines
755 4695 830 4762 suis
853 4697 1063 4782 parentibus
1079 4701 1115 4762 et
1132 4695 1251 4762 fideles
1266 4714 1371 4782 super
1388 4693 1474 4780 ipsis
1491 4695 1596 4760 rebus
1620 4711 1694 4760 una
1717 4695 1903 4790 nobiscum
1919 4711 2089 4778 perrexe-

244 4854 340 4936 runt,
363 4853 399 4916 et
422 4847 616 4936 diligenter
641 4849 722 4917 illut
745 4849 978 4936 probiderunt
1001 4853 1037 4916 et
1054 4851 1329 4936 estimaberunt3
1353 4853 1407 4916 set
1423 4847 1586 4914 omnibus
1604 4847 1677 4914 illis
1693 4849 1730 4913 et
1746 4848 1847 4914 nobis
1872 4847 2085 4934 comparuit,

249 5005 288 5068 ut
312 5019 358 5070 ex
382 5007 535 5089 utraque
559 5007 680 5087 partes
702 5003 833 5068 bonum
857 4999 1041 5069 ebeniret:
1065 5008 1142 5088 post
1166 5004 1230 5068 hoc
1255 5004 1399 5089 lactum,
1419 5000 1492 5088 ipse
1515 5001 1663 5068 domnus
1686 5001 1851 5086 princeps
1876 4997 2087 5066 solutionem

244 5155 344 5222 nobis
369 5155 498 5222 tribuit
522 5156 610 5222 illud
634 5154 846 5224 faciendum.
867 5157 911 5221 Et
927 5131 1030 5222 hideo
1046 5173 1112 5242 ego
1128 5155 1332 5224 nominatus
1356 5154 1517 5222 sellictus
1540 5153 1672 5222 domini
1692 5151 1939 5220 misericordia
1961 5153 2087 5234 abbas,

151 5389 154 5394 ¹
244 5329 315 5378 una
338 5327 474 5376 mecum
499 5309 612 5396 ipsum
637 5308 860 5376 theodericus
876 5311 1123 5378 arlbocatorem
1139 5313 1314 5394 nostrum,
1332 5314 1417 5376 ante
1434 5309 1613 5392 presentia
1631 5306 1834 5394 supradicte
1858 5304 2009 5390 gloriose
2028 5319 2088 5390 po

243 5561 681 5570 u—————--·-—.-.—--.----——

278 5744 301 5822 ¹)
322 5743 520 5824 prohibeam,
549 5743 637 5804 idest
659 5743 856 5805 salebrosum
878 5745 941 5804 iter
955 5741 1001 5823 (l).
