5376 7094
628 467 676 536 xl
1279 472 1454 544 cobsx
1487 474 1754 546 clszsls
1810 499 1813 506 ’

577 691 716 776 sbiteri,
740 697 777 760 et
792 698 964 781 pertange
988 697 1028 762 in
1051 695 1123 764 dne
1145 713 1235 763 vone
1259 696 1394 766 ancilla
1416 698 1474 766 dei
1489 703 1525 766 et
1541 700 1695 786 pervade
1719 700 1757 766 in
1774 700 1845 768 fine
1861 697 2047 784 odelchisi3
2065 696 2158 764 etde
2175 694 2250 764 alia
2266 712 2351 781 pars
2367 693 2439 760 fine

576 842 760 932 adelchisi3
784 853 821 915 et
843 849 886 916 de
908 866 979 944 uno
1002 869 1094 936 capu
1117 851 1189 918 fine
1211 851 1304 938 petri
1328 856 1364 918 et
1387 855 1560 938 pertange
1584 851 1624 917 in
1639 850 1710 919 fine
1727 850 1972 920 iohannimari
1990 848 2135 932 clerici3
2152 853 2188 916 et
2207 847 2249 914 de
2266 862 2438 932 unapars

578 998 649 1065 line
674 1000 918 1070 iohannimari
943 1001 1086 1089 clerici3
1113 1009 1149 1070 et
1172 1003 1215 1070 de
1239 1021 1311 1070 uno
1334 1023 1426 1091 capu
1449 1005 1520 1071 fine
1536 1003 1595 1072 via
1611 1002 1769 1090 puplica3
1789 1005 1855 1069 hec
1871 1019 1955 1070 vero
1970 1002 2076 1068 rebus
2092 1018 2154 1086 per
2171 997 2339 1067 iamdicta
2355 996 2439 1064 finis

581 1147 746 1218 inclitum
769 1151 850 1219 illut
873 1155 983 1221 michi
1001 1153 1076 1241 ipse
1092 1157 1266 1226 iohannes
1291 1155 1467 1243 presbiter
1492 1153 1538 1222 ad
1560 1153 1794 1222 lavorandum
1819 1152 1971 1220 tradidit
1994 1151 2061 1219 tali
2077 1150 2241 1235 hordine,
2258 1155 2298 1216 ut
2314 1147 2439 1218 amodo

580 1305 617 1368 et
639 1321 776 1388 semper
800 1323 866 1391 ego
889 1313 925 1374 et
948 1326 1044 1376 meos
1067 1310 1189 1376 eredes
1201 1359 1210 1395 ,
1243 1309 1440 1395 usquedum
1466 1307 1682 1375 beluerimus
1706 1303 1867 1391 predicta
1891 1301 2060 1369 tradictio
2091 1321 2154 1386 per
2178 1275 2253 1386 ipse
2276 1300 2360 1368 finis
2376 1319 2439 1368 no-

580 1457 653 1519 stre
677 1457 866 1539 potestatis
889 1463 1012 1525 tenere
1036 1464 1071 1526 et
1094 1459 1294 1545 dominare,
1319 1465 1354 1526 et
1376 1459 1474 1534 lovea
1497 1464 1535 1526 et
1557 1457 1674 1524 omnis
1689 1461 1810 1524 nostre
1826 1455 1997 1524 utilitatis
2013 1455 2108 1522 iusta
2123 1454 2299 1522 rationem
2316 1456 2367 1522 ibi
2383 1457 2437 1524 fa·

580 1609 733 1693 ciamus,
757 1613 793 1674 et
817 1611 1035 1695 temporibus
1058 1612 1133 1677 suis
1157 1613 1233 1696 ipso
1256 1613 1444 1679 arbustum
1469 1611 1670 1680 laboremus
1693 1615 1729 1676 et
1751 1609 1925 1676 cultemus
1948 1609 1991 1674 de
2014 1626 2120 1693 super
2137 1607 2230 1674 etde
2247 1608 2384 1692 subter,
2400 1615 2437 1678 et

580 1759 643 1824 ubi
668 1762 855 1847 meruerit,
880 1764 1026 1829 arbores
1050 1767 1086 1830 et
1110 1763 1201 1832 vites
1226 1763 1393 1850 plantare
1409 1769 1443 1832 et
1456 1765 1710 1850 propaginare,
1735 1768 1776 1830 ut
1800 1782 1889 1831 vene
1904 1767 2030 1849 pareat
2047 1761 2246 1829 laboratum
2263 1764 2300 1828 et
2319 1761 2435 1832 culta-

579 1917 678 1998 tum,
702 1917 738 1980 et
762 1914 901 1979 clusum
924 1913 1025 1980 illum
1047 1917 1216 1983 abeamus
1240 1920 1276 1983 ct
1298 1917 1437 1984 salbum
1462 1918 1656 2003 faciamus;
1682 1921 1717 1984 et
1740 1915 1946 1986 annualiter
1970 1934 2033 2000 per
2056 1914 2234 1982 vindemie
2257 1914 2431 1982 faciamus

580 2067 672 2133 scire
695 2067 813 2152 ipsum
837 2069 1010 2137 iohannes
1034 2067 1208 2153 presbiter
1232 2069 1288 2134 vel
1310 2088 1394 2154 pars
1417 2070 1530 2155 ipsius
1554 2071 1716 2157 ecclesie,
1741 2074 1781 2137 ul
1797 2070 1933 2156 dirigat
1949 2071 2081 2138 ibidem
2097 2070 2246 2135 missum
2261 2089 2381 2157 suum,
2398 2077 2433 2138 et

580 2233 645 2283 nos
667 2220 783 2285 totum
806 2220 882 2306 ipso
905 2221 1093 2288 arbustum
1117 2220 1376 2290 vindemiemus
1400 2222 1496 2291 iusta
1519 2223 1680 2309 ratione,
1705 2225 1740 2290 et
1762 2222 1877 2288 omnis
1900 2223 2025 2288 vinum
2047 2239 2154 2305 quam
2179 2220 2261 2287 inde
2279 2220 2435 2306 exierit,

581 2387 645 2452 per
670 2370 899 2439 medietatem
922 2369 1007 2438 illut
1027 2389 1109 2437 cum
1131 2390 1215 2458 pars
1237 2371 1351 2458 ipsius
1380 2374 1526 2442 ecclesie
1550 2375 1752 2444 dividamus
1782 2375 1902 2460 ibique
1925 2375 1970 2442 ad
1994 2372 2240 2458 palmentum:
2265 2374 2431 2457 partibus

579 2523 736 2606 predicte
759 2523 906 2591 ecclesie
929 2525 1033 2593 tollat
1056 2543 1113 2592 eos
1138 2526 1379 2612 medietatem,
1398 2532 1435 2594 et
1451 2545 1515 2593 nos
1532 2527 1773 2612 medietatem
1797 2531 1833 2594 et
1850 2527 1928 2614 ipsa
1942 2527 2134 2592 sortionem
2152 2544 2220 2609 que
2236 2524 2368 2592 exinde
2389 2527 2433 2595 ad

581 2694 664 2760 pars
689 2677 801 2762 ipsius
824 2678 970 2745 ecclesie
995 2679 1166 2766 evenerit,
1191 2679 1221 2744 si
1247 2682 1413 2768 voluerit,
1437 2686 1478 2748 ut
1499 2699 1713 2769 reponamus
1738 2683 1819 2751 illut
1845 2683 1884 2749 in
1900 2682 1979 2768 ipsa
1996 2685 2103 2749 rebus
2119 2682 2157 2747 in
2174 2683 2252 2765 ipsa
2267 2699 2350 2749 casa
2367 2682 2427 2747 ubi

582 2829 852 2916 abitaverimus,
878 2848 942 2896 nos
966 2831 1048 2898 illut
1073 2831 1123 2897 ibi
1147 2849 1361 2917 reponamus
1383 2838 1420 2900 et
1442 2833 1581 2903 salbum
1604 2833 1688 2905 illut
1711 2835 1897 2921 faciamus,
1917 2835 2113 2918 usquedum
2131 2832 2216 2899 illut
2233 2832 2365 2900 exinde
2381 2837 2437 2900 tu-

581 2977 679 3067 lerit,
704 2983 838 3067 absque
861 2983 1142 3068 degeneratione
1167 2988 1202 3051 et
1224 2984 1350 3071 ingne,
1375 2991 1412 3052 et
1434 2987 1542 3054 deant
1566 2989 1669 3054 nobis
1691 3007 1890 3074 organeum
1913 3007 2031 3073 suum,
2056 2987 2117 3052 ubi
2133 2987 2210 3071 ipso
2226 2987 2352 3052 vinum
2369 2986 2437 3052 ibi-

577 3151 646 3216 que
671 3149 899 3222 reponamuS,
923 3138 959 3200 et
982 3153 1047 3202 nos
1070 3137 1145 3222 ipso
1167 3153 1365 3224 organeum
1382 3137 1585 3206 conciemus
1600 3157 1745 3226 vonum,
1762 3140 1857 3206 sicut
1872 3109 2062 3222 meruerit,
2080 3145 2116 3204 et
2132 3140 2162 3204 si
2179 3138 2337 3204 noluerit
2353 3157 2434 3223 par-

581 3287 677 3353 tibus
700 3289 858 3373 predicte
882 3289 1030 3356 ecclesie
1055 3291 1133 3376 ipso
1155 3291 1282 3359 vinum
1307 3292 1440 3360 ibidem
1465 3293 1503 3359 in
1527 3293 1605 3378 ipsa
1628 3295 1737 3359 rebus
1759 3309 1945 3378 reponere,
1970 3309 2033 3356 nos
2056 3295 2177 3357 autern
2200 3295 2381 3375 portemus
2397 3291 2440 3357 il·

583 3435 637 3503 lut
661 3456 773 3524 usque
798 3440 865 3524 ipsi
890 3441 1021 3526 parieti
1045 3441 1090 3508 ad
1113 3442 1300 3510 cellarium
1324 3441 1439 3530 ipsius
1462 3441 1634 3530 ecclesie,
1658 3447 1695 3510 et
1719 3442 1802 3510 illut
1826 3441 1956 3508 ibidem
1981 3458 2216 3526 reponamus,
2241 3445 2277 3509 et
2301 3441 2440 3508 concie-

589 3609 669 3658 mus
691 3612 775 3677 pars
798 3594 841 3659 de
864 3593 939 3680 ipso
962 3612 1160 3680 organeum
1183 3593 1222 3658 in
1247 3611 1316 3679 quo
1339 3593 1415 3680 ipso
1438 3593 1521 3660 vino
1537 3599 1823 3682 reposuerimus:
1850 3597 1925 3682 ipso
1943 3597 2092 3662 missum
2109 3614 2217 3679 quam
2234 3593 2367 3663 ibidem
2383 3613 2440 3663 ve-

588 3745 697 3830 nerit,
723 3762 786 3810 nos
809 3744 912 3811 illum
936 3705 1133 3812 notriemus
1155 3745 1199 3812 de
1221 3749 1345 3813 nostra
1368 3747 1539 3832 vivenda,
1564 3749 1763 3833 usquedum
1787 3767 1849 3835 per
1873 3749 1948 3833 ipsc
1972 3745 2154 3812 vindemie
2176 3746 2310 3814 ibidem
2334 3751 2439 3816 stete-

589 3899 653 3984 rit,
679 3899 877 3965 secundum
900 3901 1023 3968 nostra
1045 3899 1155 3976 fuerit
1178 3897 1462 3986 possivilitatem,
1479 3904 1515 3968 et
1530 3901 1653 3969 demus
1668 3921 1731 3987 per
1748 3901 1863 3968 omnis
1878 3919 2014 3970 annum
2031 3899 2295 3986 palmentateca
2310 3905 2347 3969 et
2369 3905 2439 3968 ter-

588 4052 743 4120 raticum
767 4054 962 4121 secundum
985 4052 1279 4122 consuetudinem
1302 4052 1345 4121 de
1369 4055 1444 4140 ipsc
1470 4056 1599 4141 locum,
1624 4059 1659 4121 et
1682 4075 1704 4123 a
1726 4073 1795 4140 quo
1819 4055 1902 4121 illut
1926 4058 2049 4121 tenere
2073 4053 2293 4122 allaborare
2317 4055 2438 4122 nolue-

588 4203 714 4288 rimuS,
740 4203 964 4274 remittamus
989 4205 1072 4272 illut
1095 4205 1134 4272 in
1158 4207 1236 4292 ipsa
1259 4206 1410 4274 ecclesia
1434 4206 1647 4292 laboratum,
1672 4203 1776 4289 quale
1792 4205 1853 4270 illo
1869 4209 2026 4291 tempore
2041 4205 2216 4272 meruerit
2232 4208 2268 4271 et
2284 4204 2440 4291 clusum,

588 4365 624 4427 et
649 4361 758 4451 liceat
782 4381 846 4429 uos
870 4363 953 4430 inde
976 4363 1079 4430 exire
1103 4382 1185 4430 cum
1209 4363 1325 4430 omnis
1349 4367 1471 4430 nostra
1494 4379 1602 4429 causa
1625 4363 1661 4428 et
1685 4361 1751 4447 ire,
1776 4361 1838 4426 ubi
1863 4360 2095 4444 beluerimus3
2113 4377 2190 4446 seu,
2213 4359 2293 4427 etsi
2316 4360 2441 4429 deanc

590 4518 688 4582 terra
712 4515 968 4584 salernitanam
990 4515 1189 4582 exierimus
1212 4533 1276 4602 pro
1300 4515 1413 4584 aliubi
1438 4468 1728 4601 adamannum,
1753 4519 1789 4580 et
1805 4515 1902 4582 infra
1920 4517 1992 4579 tres
2009 4515 2097 4580 anni
2113 4513 2249 4580 rebersi
2267 4511 2442 4579 fuerimus

591 4672 626 4734 et
651 4669 868 4736 voluerimus
890 4670 974 4737 illut
996 4671 1040 4738 ad
1063 4671 1299 4739 laborandum
1323 4677 1446 4738 tenere
1470 4671 1508 4735 in
1534 4669 1777 4755 suprascripto
1800 4666 1966 4752 hordine,
1989 4673 2075 4734 tunc
2089 4669 2204 4732 totum
2220 4671 2257 4732 et
2274 4665 2439 4732 inclitum

591 4819 676 4888 illut
700 4822 745 4890 ad
769 4827 890 4892 nostra
913 4826 1099 4911 perveniat
1122 4828 1348 4911 potestatem,
1372 4825 1416 4891 ad
1440 4825 1635 4892 tenendum
1659 4829 1694 4890 et
1719 4820 1952 4892 laborandum
1977 4821 2060 4887 illut
2083 4821 2120 4886 in
2145 4820 2307 4906 predicta
2330 4819 2437 4888 ratio

590 4993 660 5058 ne3
685 4979 721 5040 et
745 4975 775 5041 si
799 4975 894 5044 infra
916 4977 985 5064 ipsi
1007 4981 1082 5044 tres
1103 4977 1191 5046 anni
1214 4978 1349 5045 reversi
1373 4995 1444 5043 non
1469 4979 1656 5064 fuerimuS,
1681 4978 1789 5046 liceat
1812 4975 1887 5045 illis
1901 4976 1944 5043 de
1963 4975 2041 5061 ipsa
2058 4951 2164 5042 rebus
2180 4975 2298 5042 lacere
2315 4973 2437 5041 omnia

591 5129 684 5214 quod
709 5127 874 5197 voluerit.
891 5129 990 5197 Unde
1013 5131 1052 5196 in
1076 5149 1116 5198 eo
1139 5130 1289 5198 hordine
1311 5150 1374 5218 per
1398 5147 1490 5198 vona
1514 5128 1775 5197 combenientia
1796 5125 1929 5215 guadia
1953 5126 2061 5193 michi
2078 5127 2154 5212 ipse
2171 5125 2344 5194 iohannes
2363 5144 2444 5212 pre-

592 5283 705 5350 sbiter
731 5304 794 5370 per
819 5284 1076 5352 absolutionem
1101 5285 1213 5372 ipsius
1228 5285 1348 5352 domni
1365 5284 1498 5353 maioni
1514 5283 1624 5367 dedit,
1641 5285 1677 5348 et
1692 5281 1888 5348 mediatore
1903 5279 2011 5346 michi
2030 5277 2150 5364 posuit
2166 5279 2356 5365 iaquintus
2371 5279 2438 5346 cle-

591 5438 689 5505 ricus
713 5440 810 5506 filius
834 5437 1024 5522 gaudiosi3
1048 5455 1112 5524 per
1136 5439 1214 5522 ipsa
1236 5435 1370 5523 guadia
1393 5435 1565 5522 obligavit
1588 5452 1625 5500 se
1648 5434 1723 5519 ipse
1746 5431 1896 5498 domnus
1919 5433 2029 5500 abbas
2052 5436 2089 5498 et
2116 5448 2339 5499 successores
2363 5449 2443 5498 suos

591 5600 627 5661 et
650 5593 814 5682 partibus
836 5591 994 5677 predicte
1018 5588 1167 5658 ecclesie
1191 5587 1316 5657 amodo
1340 5588 1375 5654 et
1399 5604 1537 5674 semper
1560 5586 1746 5654 defensare
1769 5585 1878 5652 michi
1904 5584 2045 5670 meique
2061 5584 2227 5652 eredibus
2243 5587 2318 5653 tota
2337 5587 2373 5652 et
2389 5583 2443 5650 in·

592 5749 677 5816 clita
702 5746 946 5832 suprascripta
969 5743 1138 5812 tradictio
1161 5761 1224 5829 per
1246 5743 1322 5828 ipse
1344 5739 1427 5808 finis
1450 5759 1531 5808 cum
1554 5739 1631 5808 vice
1655 5741 1697 5809 de
1721 5741 1781 5809 via
1804 5759 1869 5808 sua
1892 5740 1937 5808 da
1961 5741 2076 5806 omnis
2091 5739 2254 5807 homines
2270 5738 2442 5823 omnique
