5318 7102
912 574 1093 648 REGUM
1120 572 1448 647 FRANCORUM
2004 584 2049 656 13

287 792 507 864 voluntatum
534 793 745 866 secularium
772 817 894 867 vacare
923 819 992 866 non
1019 797 1192 882 desinant,
1220 819 1263 866 ne
1291 805 1382 867 sorte
1410 794 1625 889 constringat
1651 818 1710 868 eos
1737 797 1772 868 in
1799 799 1942 874 servitio
1969 801 2097 878 domuc

285 949 505 1043 imperatore,
535 973 601 1044 que
627 973 704 1023 esse
731 962 930 1048 occupatus,
959 965 994 1027 et
1018 953 1083 1024 hoo
1110 953 1151 1024 ad
1176 961 1313 1046 tempus
1340 948 1418 1036 erit,
1447 971 1515 1021 non
1542 972 1691 1044 semper.

237 1107 280 1182 Ut
304 1129 422 1180 comos
447 1107 596 1202 pleniter
622 1109 789 1182 iustitiam
816 1110 961 1206 diligant
987 1121 1022 1182 et
1048 1111 1139 1183 iusta
1165 1108 1257 1180 uires
1283 1107 1462 1201 expleant,
1494 1115 1529 1178 et
1555 1105 1644 1179 iusta
1670 1117 1789 1181 sancta
1816 1111 1871 1183 dei
1898 1114 2094 1188 aecclesiae

286 1263 451 1359 vigilante
478 1289 561 1337 cura
587 1266 730 1354 instent,
751 1276 786 1340 et
811 1267 1055 1363 orphanorum,
1084 1266 1283 1349 viduorum,
1305 1283 1507 1356 pauperum,
1527 1270 1563 1332 et
1579 1263 1737 1335 omnium
1759 1267 1871 1360 quiin
1890 1292 2012 1342 eorum
2032 1294 2096 1343 mr·

286 1420 471 1492 nisterium
497 1431 731 1509 commanent,
760 1423 801 1494 de
828 1445 1046 1517 quacumque
1072 1443 1176 1493 causa
1202 1417 1243 1492 ad
1270 1439 1329 1490 eos
1348 1417 1520 1505 venerint,
1549 1421 1740 1512 querellam
1766 1422 2005 1516 plenissimam
2031 1427 2096 1502 hac

287 1579 513 1652 iustissimam
540 1578 826 1652 deliberationem
853 1555 997 1651 definire
1022 1581 1215 1664 decertent,
1244 1577 1286 1648 Et
1312 1577 1402 1649 sicut
1427 1577 1557 1650 rectius
1583 1587 1618 1650 ct
1640 1578 1766 1651 iustius
1792 1590 1858 1669 est,
1887 1583 1934 1656 ita
1959 1592 2092 1680 agatur,

286 1747 321 1812 et
346 1745 384 1810 ut
408 1737 568 1832 primitus
594 1737 636 1808 ad
662 1737 786 1831 placita
804 1759 925 1809 eorum
943 1737 1175 1832 orphanorum
1202 1743 1236 1806 et
1262 1733 1459 1819 viduorum,
1479 1757 1544 1806 nec
1562 1758 1631 1807 non
1650 1745 1685 1809 et
1701 1761 1892 1833 pauperum
1911 1765 2016 1816 causa
2033 1744 2094 1816 de·

286 1895 447 1980 liberent,
477 1895 539 1965 Ne
554 1903 692 1988 propter
719 1891 833 1985 aliqua
859 1891 1099 1964 dilatationem
1126 1915 1248 1964 eorum
1274 1889 1442 1964 iustitiam
1470 1892 1511 1963 ad
1539 1894 1713 1966 iudicibus
1741 1896 1931 1970 dilatentur
1956 1900 1994 1996 ⁴).

240 2050 420 2130 Volumus,
450 2058 488 2121 ut
512 2047 664 2142 episcopi
683 2055 718 2117 et
735 2045 854 2117 comiti
881 2044 1103 2118 concordiam
1130 2055 1165 2118 et
1190 2045 1415 2119 dilectionem
1442 2047 1534 2120 inter
1552 2071 1589 2120 so
1606 2048 1766 2140 habeant,
1787 2052 1830 2124 ad
1848 2053 1905 2125 dei
1923 2063 1959 2128 et
1975 2064 2095 2130 sancte

286 2206 477 2294 aecclesiae
503 2228 564 2300 pro
590 2210 838 2276 testamentum
864 2201 1099 2297 peragendum
1116 2203 1154 2297 ²),
1175 2210 1213 2276 ut
1231 2202 1390 2296 episcopo
1410 2227 1472 2275 suo
1491 2205 1625 2291 comiti,
1645 2205 1704 2278 ubi
1722 2207 1756 2278 ei
1773 2211 1964 2283 necessitas
1990 2237 2094 2310 popo-

285 2368 363 2452 scit,
392 2365 528 2438 adiutor
553 2375 589 2436 et
613 2371 785 2435 exortator
811 2359 971 2444 existant,
1000 2361 1149 2453 qualiter
1175 2383 1277 2434 suum
1304 2363 1539 2436 ministerium
1565 2367 1703 2462 explere
1721 2371 1841 2463 possit.
1872 2371 2041 2446 Similiter
2058 2383 2095 2447 et

284 2525 403 2600 comiti
430 2523 533 2596 iaciat
559 2529 679 2594 contra
704 2545 807 2593 suum
833 2519 1047 2614 episcopum,
1077 2520 1121 2592 Ut
1147 2519 1182 2589 in
1201 2519 1362 2592 omnibus
1380 2519 1450 2592 illis
1469 2521 1605 2594 adiutor
1631 2524 1688 2611 sit,
1714 2527 1864 2619 qualiter
1883 2527 1919 2598 in
1938 2552 2000 2602 sua
2018 2554 2093 2626 par-

286 2683 403 2757 rochia
428 2679 595 2752 canonica
621 2679 729 2772 possit
754 2676 944 2770 adimplere
972 2675 1204 2747 ministerium
1230 2674 1268 2770 ³).

239 2841 461 2937 Preoepimus
488 2839 591 2912 etiam
618 2832 815 2920 comitibus,
845 2831 1003 2904 fidelibus
1030 2833 1148 2904 domni
1176 2833 1393 2927 imperatoris
1420 2835 1529 2908 nostri
1551 2832 1589 2931 ⁴),
1618 2859 1684 2930 que
1712 2845 1902 2932 utcumque
1929 2839 2093 2914 derebus

181 3000 184 3004 ’
287 2997 436 3074 ecclesie
462 2993 670 3068 beneficium
696 2981 847 3074 habent,
875 2990 1023 3085 pleniter
1049 3013 1157 3062 nonas
1191 2999 1226 3062 et
1250 2989 1403 3063 decimas
1430 2992 1472 3062 ad
1499 2994 1607 3087 ipsam
1633 2994 1782 3067 ecclesia
1808 2997 1939 3070 donent
1964 2998 2093 3093 absque

288 3157 359 3232 ulla
384 3154 672 3235 deminoratione,
693 3153 916 3244 inquantum
942 3149 1069 3222 melius
1094 3150 1239 3244 possint,
1268 3157 1303 3221 et
1329 3150 1420 3222 iusta
1446 3149 1726 3244 passibilitatum,
1746 3155 1883 3248 quando
1902 3157 2093 3230 necessitas

288 3316 393 3412 exigit
419 3315 461 3385 de
488 3335 608 3408 operas
633 3316 671 3406 ⁵),
700 3311 742 3383 ad
768 3311 877 3405 ipsam
904 3309 1112 3382 aecclesiam
1139 3307 1400 3380 restaurandam
1426 3307 1637 3380 adiutorium
1663 3309 1792 3384 saciant
1811 3312 1850 3408 ⁸).

238 3475 282 3552 Et
306 3497 368 3548 vos
393 3472 545 3569 episcopi
562 3472 585 3566 1)
613 3471 672 3563 qui
691 3469 847 3543 omnium
873 3493 935 3542 uos
961 3491 1070 3540 nonas
1087 3475 1122 3541 et
1138 3466 1291 3539 decimas
1309 3465 1479 3562 accipitis,
1508 3465 1543 3537 in
1569 3474 1684 3540 vestra
1700 3469 1918 3563 providentia
1936 3473 1992 3562 sit,
2014 3499 2096 3574 qua-

249 3667 252 3674 ·
287 3635 367 3710 liter
392 3633 562 3706 aecclesie
589 3641 624 3703 et
649 3630 803 3727 cappello
829 3652 895 3724 que
924 3629 959 3698 in
986 3636 1102 3700 vestra
1128 3625 1306 3722 parrochia
1323 3634 1417 3712 sunt,
1438 3625 1668 3699 emendentur
1693 3635 1728 3700 et
1749 3629 1934 3705 luminaria
1960 3635 1992 3705 ei
2018 3659 2095 3732 pre·

286 3795 388 3880 vetis,
416 3795 461 3867 Ut
485 3792 655 3888 presbiter
682 3791 717 3860 in
744 3791 795 3861 eis
821 3790 940 3862 viuere
967 3787 1075 3881 possit
1099 3784 1136 3879 1’).

239 3955 285 4028 Ut
308 3977 411 4026 nemo
437 3950 581 4026 alterius
606 3950 756 4022 clericus
783 3948 858 4020 sine
884 3943 1208 4027 commendationis,
1229 3948 1287 4013 aut
1314 3939 1519 4013 immissoris
1546 3939 1678 4014 lictoris
1704 3943 1859 4037 recipere
1886 3948 2036 4021 audeant
2052 3959 2090 4046 9).

244 4243 684 4262 m—

279 4426 301 4504 Ι)
322 4425 406 4485 nur.
431 4421 539 4483 svm.

276 4569 440 4650 ²)1nvece
463 4568 496 4628 di
518 4581 579 4647 pro
599 4569 839 4631 tastamentum
859 4559 1082 4643 personatum
1103 4558 1127 4620 il
1149 4557 1233 4620 Mur.
1257 4556 1311 4618 ha:
1335 4558 1584 4634 pertractatum
1604 4552 1839 4633 peraqandum.

277 4713 300 4794 θ)
319 4711 404 4774 Mur.
428 4711 510 4774 LIX.

279 4859 303 4940 ι)
323 4857 408 4920 Mur.
433 4857 487 4919 ha:
511 4856 661 4923 omnibus
684 4853 839 4920 fidelibus
859 4851 995 4918 nostris.

277 5005 301 5085 ὅ)
324 5027 339 5064 «
367 5005 452 5068 Olim
473 5018 574 5086 opera
597 5002 837 5082 appellabatur,
861 5019 945 5080 quac
966 5015 1055 5061 nuuc
1077 4995 1110 5056 la
1131 4947 1294 5056 Fabhrica
1315 4989 1461 5058 elicitum·
1484 4992 1580 5066 atque
1602 4989 1689 5050 idem
1711 5005 1814 5069 opera
1827 5010 1946 5056 nomen
1961 4995 2000 5056 tn
2018 4994 2094 5057 Tus.

236 5173 254 5214 ιι
280 5152 352 5214 cicc
373 5150 507 5214 urbibus
524 5149 699 5227 perdurat.
724 5146 819 5228 (Mur.
843 5162 917 5227 pag.
940 5143 999 5207 101
1023 5143 1107 5204 Nota
1127 5137 1190 5218 81).

253 5289 304 5374 Ιθ)
325 5295 409 5356 Mur.
434 5293 500 5356 LX.

251 5427 259 5445 ‘
277 5437 300 5521 1)
322 5439 349 5500 Il
372 5439 456 5501 Mur.
481 5439 535 5499 ha:
559 5442 677 5501 utros
699 5429 867 5516 Episcopi3
891 5431 982 5495 nella
998 5435 1074 5492 nota
1088 5427 1140 5510 82)
1162 5426 1207 5490 ib.
1232 5427 1312 5507 perd
1336 5423 1428 5488 dice:
1455 5445 1470 5484 ιι
1482 5427 1575 5504 potet
1589 5423 1797 5488 scribendum
1811 5443 1878 5492 esse
1892 5433 2004 5496 utros
2020 5429 2094 5512 Epi-

245 5607 262 5646 ιι
287 5583 388 5664 scopi.
411 5584 557 5646 Ambrcs.
583 5583 678 5646 habet
699 5585 737 5647 ut
758 5595 817 5645 vos
838 5573 999 5658 Episcopi.
1025 5599 1040 5635 o

278 5729 303 5810 ⁸)
322 5727 408 5794 Mur.
433 5728 514 5792 LXI.

282 5871 307 5954 ⁹)
327 5873 412 5940 Mur.
436 5870 532 5936 LXII.
