5376 7094
1270 464 1444 538 CODEX
1478 467 1744 541 CAVENSIS

1406 771 1592 856 DLVL

1347 998 1636 1082 A„m1mm

613 1221 879 1289 Summartum:

613 1319 648 1459 †
674 1372 814 1440 Decimo
837 1373 963 1458 quinto
986 1392 1082 1440 anno
1097 1376 1320 1464 principatus
1334 1378 1547 1465 Guaimarii,
1564 1394 1684 1446 mense
1699 1375 1803 1463 lulio,
1819 1373 1938 1460 prima
1955 1370 2163 1438 indictione.

616 1526 725 1592 «Hoc
741 1526 870 1592 charta
894 1526 937 1592 de
961 1526 1086 1596 eadem
1109 1527 1285 1596 locatione
1309 1531 1387 1617 agit
1410 1529 1453 1598 de
1476 1549 1548 1616 qua
1572 1525 1795 1598 antecedens.

614 1679 756 1746 Adsunt
781 1679 1052 1764 subscriptiones
1077 1683 1238 1748 testium.-

615 1805 646 1920 †
671 1850 737 1920 ego
760 1834 819 1918 qui
847 1852 957 1919 supra
981 1837 1103 1919 petrus
1127 1834 1237 1901 iudex

619 1965 649 2080 †
675 2007 741 2076 ego
765 1988 828 2074 qui
851 2006 961 2074 supra
985 1989 1080 2056 maio
1103 1987 1382 2057 archidiaconus
1406 1989 1443 2054 et
1467 1985 1579 2054 abbas

617 2117 647 2232 †
671 2159 738 2230 ego
761 2140 983 2230 grimoaldus

617 2269 646 2382 †
673 2309 740 2382 ego
763 2292 824 2378 qui
850 2309 960 2376 supra
985 2290 1159 2357 iohannes
1183 2289 1359 2376 presbiter
1383 2291 1419 2356 et
1442 2284 1651 2356 cardinalis.

1299 2733 1301 2738 ’
1379 2702 1590 2784 DLVH.

1353 2926 1641 3008 A„n1mm

617 3133 719 3272 †In
750 3189 894 3255 nomine
925 3187 1062 3257 domini
1093 3189 1354 3275 quintodecimo
1385 3207 1481 3260 anno
1512 3189 1737 3277 principatus
1768 3186 1888 3255 domni
1921 3187 2034 3254 nostri
2068 3187 2252 3273 guaimari
2277 3186 2424 3272 gloriosi

572 3339 760 3426 principis,
784 3357 904 3407 mense
928 3343 1086 3426 octuber,
1110 3340 1267 3410 secunda
1296 3341 1507 3410 indictione.
1533 3341 1824 3410 memoratorium
1846 3340 1981 3408 sactum
2005 3358 2028 3407 a
2051 3356 2107 3406 me
2130 3338 2330 3408 domnellus
2347 3357 2426 3426 pre

572 3491 683 3560 sbiter
707 3496 743 3560 et
765 3494 878 3562 abbas
902 3494 1074 3563 hecclesie
1104 3499 1227 3567 sancte
1258 3496 1393 3583 marie,
1417 3512 1523 3582 quem
1552 3494 1683 3564 domna
1706 3491 1920 3579 sichelgaita
1948 3491 2164 3578 principissa
2188 3509 2280 3559 uxor
2303 3490 2425 3560 domni

573 3643 742 3714 iohannis
765 3647 850 3714 olim
873 3647 1048 3732 principis
1072 3667 1095 3716 a
1118 3649 1208 3714 nobo
1240 3646 1450 3715 fundamine
1480 3646 1692 3714 construssit
1714 3646 1812 3714 intus
1835 3665 1875 3713 ec
1905 3642 2052 3712 cibitate
2075 3644 2301 3712 salernitana
2327 3643 2424 3712 inter

573 3816 677 3866 muro
699 3803 736 3866 et
759 3799 951 3886 muricin0,
974 3817 1016 3867 eo
1039 3800 1131 3886 quod
1154 3802 1239 3868 ante
1262 3798 1455 3885 subscripti
1477 3801 1585 3865 testes
1607 3794 1759 3864 tradidit
1774 3812 1840 3882 ego
1856 3795 1901 3863 ad
1917 3793 2110 3862 tenendum
2133 3799 2169 3864 et
2192 3794 2426 3866 laborandum

574 3951 744 4021 madelmi
768 3954 960 4041 presbiteri
985 3954 1058 4020 filio
1081 3953 1281 4042 gaudecisi,
1298 3971 1373 4020 una
1387 3951 1490 4038 peoia
1505 3951 1548 4019 de
1564 3955 1664 4018 terra
1687 3966 1768 4016 cum
1792 3948 1899 4016 binea
1913 3951 1949 4016 et
1963 3948 2088 4036 pomis,
2105 3948 2197 4034 quod
2212 3966 2298 4036 pars
2314 3951 2429 4036 ipsius

497 4066 499 4072 ,
573 4104 721 4173 ecclesie
744 4105 854 4172 habet
878 4107 916 4172 in
942 4106 1055 4171 locum
1088 4106 1262 4173 liciniano
1293 4103 1425 4172 finibus
1455 4102 1675 4172 salernitane
1704 4120 1767 4187 per
1796 4119 1837 4168 ec
1868 4101 1951 4168 finis
1982 4105 2018 4168 et
2040 4103 2247 4170 mensurio:
2272 4103 2319 4172 da
2342 4123 2427 4190 pars

573 4258 722 4327 orientis
752 4259 823 4326 fine
854 4260 971 4327 sancti
995 4259 1133 4345 georgi,
1158 4259 1251 4326 siout
1279 4256 1414 4326 termiti
1447 4256 1522 4325 ficti
1545 4260 1642 4341 sunt,
1668 4253 1750 4322 inde
1782 4253 1879 4341 passi
1903 4255 2357 4345 quadragintaquinque:
2382 4260 2426 4328 dc

574 4408 662 4496 pede
685 4411 756 4479 fine
779 4408 842 4479 bia
865 4408 1025 4496 publica,
1048 4408 1131 4476 inde
1154 4408 1252 4496 passi
1276 4405 1408 4496 biginti
1431 4411 1521 4475 octo:
1547 4427 1570 4476 a
1593 4411 1696 4493 parte
1719 4405 1912 4476 occidentis
1936 4407 2007 4476 flne
2032 4410 2106 4497 bia,
2123 4409 2206 4477 inde
2222 4411 2319 4497 passi
2336 4431 2427 4500 qua·

574 4561 748 4648 draginta
771 4562 863 4629 duo:
888 4562 931 4630 de
954 4561 1072 4646 capite
1095 4561 1188 4628 sicut
1209 4560 1442 4629 terminatum
1465 4566 1545 4649 est,
1576 4560 1661 4628 inde
1684 4560 1780 4648 passi
1803 4561 1957 4646 triginta
1980 4564 2125 4648 septem.
2154 4562 2200 4632 ad
2227 4566 2320 4632 iusto
2346 4585 2429 4652 pas·

574 4731 655 4779 sum
672 4713 806 4781 homini
832 4716 1079 4781 mensuratum
1104 4711 1269 4780 inclitum
1293 4711 1390 4799 illut,
1407 4713 1634 4798 ut-diximus,
1659 4711 1771 4799 ipsius
1795 4711 1962 4782 madelmi
1985 4713 2175 4799 presbiteri
2199 4717 2428 4805 tradidimus²

576 4883 650 4934 una
674 4884 812 4934 mecum
836 4866 1023 4953 iaquintus
1045 4867 1211 4936 notarius
1235 4865 1481 4935 advocatorem
1504 4863 1663 4951 predicte
1686 4867 1806 4932 nostre
1829 4864 1989 4952 ecclesie,
2005 4865 2072 4934 tali
2089 4867 2226 4956 ordine,
2245 4875 2286 4938 ut
2301 4873 2427 4941 amodo

576 5027 613 5091 et
637 5041 749 5111 usque
773 5027 850 5090 octo
872 5022 960 5090 anni
985 5021 1151 5108 completi
1183 5021 1244 5091 ille
1267 5026 1303 5090 et
1324 5022 1487 5090 homines
1518 5019 1610 5109 quod
1642 5021 1774 5091 ibidem
1796 5020 1956 5108 miserit,
1979 5027 2016 5089 et
2039 5021 2184 5092 illorum
2215 5027 2338 5094 eredes
2361 5045 2426 5095 sue

581 5177 768 5264 potestatis
790 5175 873 5244 illut
905 5179 1028 5245 tenere
1052 5179 1089 5244 et
1112 5175 1318 5262 dominare,
1343 5179 1380 5244 et
1402 5174 1501 5243 sobee
1523 5177 1560 5242 et
1581 5173 1698 5241 omnis
1728 5191 1791 5242 sue
1815 5171 1988 5242 utilitatis
2012 5173 2110 5244 iusta
2132 5176 2275 5246 ratione
2299 5177 2431 5248 ibidem

581 5333 712 5421 facere,
729 5336 765 5400 et
780 5351 843 5419 per
867 5348 968 5400 annu
992 5335 1077 5419 apto
1102 5311 1261 5418 tompore
1289 5330 1367 5399 tota
1391 5329 1470 5414 ipsa
1492 5327 1600 5395 vinea
1622 5325 1806 5414 scolciare,
1829 5328 2071 5414 propaginare
2094 5334 2131 5397 et
2154 5331 2214 5399 ubi
2239 5339 2428 5425 meruerit,

581 5486 674 5554 vites
698 5484 879 5572 plantare,
903 5487 940 5553 et
962 5499 1126 5571 surgere,
1149 5485 1185 5549 et
1207 5484 1345 5568 potare,
1367 5482 1404 5547 et
1426 5477 1591 5565 inpolare
1607 5477 1653 5547 ad
1670 5476 1770 5566 palos
1793 5496 1901 5548 vonos
1917 5477 2048 5552 iissicio
2064 5479 2090 5566 ¹)
2104 5486 2140 5552 et
2153 5483 2282 5574 ligare,
2298 5491 2335 5556 et
2349 5505 2428 5576 zap

619 5821 642 5902 ¹)
665 5822 750 5896 Quid
772 5839 833 5902 per
854 5818 994 5899 fisstcto?
1016 5812 1166 5878 Forsitan
1188 5827 1247 5890 pro
1270 5807 1350 5887 fisos
1371 5806 1424 5870 vel
1449 5807 1578 5886 infisos.
