5438 7086
1038 541 1442 616 DlPLOMATlCUS
2048 550 2119 627 159

309 771 351 838 ut
374 767 436 836 ubi
459 769 612 857 complet
636 767 724 857 ipsis
747 767 1000 856 suprascriptis
1022 772 1096 836 tres
1119 766 1216 854 passi
1239 765 1439 837 cammisali
1462 770 1498 834 et
1519 771 1592 836 tres
1621 769 1755 854 palmos
1779 770 1910 860 iustos,
1934 770 2028 861 quod
2050 791 2159 864 supc-

307 919 387 988 rius
409 919 585 1010 diximus,
609 919 661 989 sic
684 924 723 991 at
746 919 893 1008 limpido
916 920 955 988 in
980 921 1062 988 iusu
1087 937 1197 1007 usque
1220 925 1259 990 at
1282 922 1360 1007 ipsa
1382 921 1499 1009 sepale
1523 921 1568 990 da
1591 941 1705 1009 mare,
1728 923 1799 992 siat
1820 925 1899 1012 ipsa
1922 925 2006 996 finis
2020 927 2063 996 de
2081 929 2163 1018 ipsa

310 1073 474 1162 portione
497 1073 541 1141 de
564 1074 683 1143 media
705 1073 796 1162 loca,
820 1078 857 1143 et
880 1075 918 1142 in
942 1092 1027 1142 suso
1049 1074 1217 1143 ascendat
1241 1073 1318 1161 ipsa
1340 1073 1423 1142 linis
1446 1077 1536 1161 elue,
1560 1077 1601 1142 ut
1625 1074 1911 1166 supradiximus,
1936 1083 1973 1148 et
1998 1081 2075 1168 ipsa
2098 1083 2162 1153 via

308 1243 419 1311 quam
445 1228 553 1294 havet
577 1227 655 1313 ipsa
678 1225 794 1314 portio
818 1246 840 1296 a
862 1231 964 1314 parte
987 1227 1030 1295 de
1055 1231 1202 1311 cetara,
1225 1231 1261 1294 et
1286 1228 1362 1313 ipsa
1393 1225 1436 1294 de
1461 1223 1577 1294 media
1607 1225 1684 1295 loca
1708 1226 1811 1297 indat
1839 1229 2000 1318 salerne,
2025 1233 2162 1302 haveat

305 1395 385 1446 eam
409 1395 432 1445 a
455 1396 565 1465 supra
588 1377 702 1465 ipsum
726 1378 944 1466 pulmentum
968 1379 1031 1465 qui
1054 1383 1107 1447 est
1130 1399 1153 1446 a
1177 1397 1286 1465 supra
1311 1379 1427 1464 ipsum
1451 1380 1634 1447 buttarum
1658 1397 1720 1466 per
1743 1385 1965 1470 traversum,
1988 1387 2024 1452 et
2049 1389 2161 1454 exeat

305 1531 343 1599 in
367 1532 446 1619 ipsa
469 1532 529 1602 vin
551 1535 612 1620 qui
637 1537 691 1602 est
716 1532 811 1601 inter
834 1536 913 1620 ipsa
936 1533 1133 1620 portionem
1158 1552 1181 1602 a
1205 1539 1307 1619 parte
1331 1532 1373 1600 de
1396 1532 1537 1600 salerno
1560 1537 1596 1600 et
1620 1532 1738 1618 ipsum
1753 1536 1938 1622 pastinum
1962 1537 2005 1606 de
2032 1557 2162 1626 supra·

304 1685 439 1771 scripta
464 1684 640 1754 allerana.
664 1687 822 1760 Quarum
838 1703 902 1766 nos
918 1686 1162 1773 suprascripta
1186 1687 1303 1755 maria
1325 1689 1361 1752 et
1385 1685 1529 1771 lupinus
1551 1688 1844 1771 apprehensimus
1867 1691 1970 1759 nobis
1992 1709 2056 1778 pro
2081 1694 2159 1780 ipse

305 1835 478 1923 portionis
502 1844 620 1907 nostre
643 1843 679 1936 et
701 1855 766 1925 pro
789 1836 1015 1906 constantino
1037 1837 1110 1905 illio
1133 1841 1168 1906 et
1190 1855 1362 1924 germano
1385 1842 1504 1906 nostro
1528 1839 1607 1926 ipsa
1630 1858 1713 1926 pars
1742 1841 1804 1927 qui
1835 1847 1889 1911 est
1919 1863 1942 1912 a
1972 1850 2075 1932 parte
2110 1846 2155 1915 de

303 1993 424 2060 cetera
447 2009 511 2078 per
536 1991 611 2076 ipse
635 1989 731 2078 finis,
755 1991 846 2077 quod
868 1991 1033 2077 superius
1056 1989 1227 2076 diximus,
1244 1991 1375 2056 etcum
1397 1990 1513 2075 ipsum
1530 1989 1749 2074 pulmentum
1764 1995 1800 2059 et
1817 1993 2003 2081 labellum,
2019 1999 2055 2063 et
2072 2016 2158 2065 cum

303 2143 379 2230 ipsa
402 2141 520 2211 media
543 2162 726 2212 cammara
748 2150 785 2213 et
806 2143 922 2212 media
945 2159 1029 2211 casa
1052 2143 1095 2210 de
1118 2144 1255 2228 subtus,
1280 2142 1372 2208 siout
1395 2143 1558 2227 superius
1581 2141 1730 2230 legitur,
1754 2147 1791 2210 et
1814 2163 1895 2211 cum
1911 2145 2033 2214 omnia
2051 2147 2155 2216 inira

303 2313 341 2364 se
365 2294 579 2363 haventibus
594 2299 631 2364 et
646 2295 921 2382 pertinentium,
946 2299 981 2362 et
1004 2313 1083 2362 cum
1107 2294 1181 2380 ipse
1204 2295 1260 2362 vic
1282 2311 1357 2380 sue,
1374 2282 1717 2380 quemmammodum
1741 2296 1905 2384 superius
1931 2299 2155 2370 reclaratum

302 2452 372 2534 est,
395 2451 431 2515 et
454 2448 649 2516 refudimus
672 2449 800 2516 solidos
824 2453 897 2516 tres
921 2453 959 2516 at
983 2449 1058 2534 ipse
1081 2448 1152 2514 alie
1176 2447 1244 2514 duc
1268 2447 1461 2534 portioniS,
1495 2451 1530 2514 et
1554 2447 1643 2514 milri
1676 2451 1919 2536 suprascripto
1950 2453 2069 2538 sergio
2099 2471 2157 2521 re-

303 2600 440 2668 mansit
464 2603 567 2669 ambe
591 2602 666 2688 ipse
690 2599 931 2687 suprascripte
955 2601 1143 2688 portionis3
1170 2600 1247 2686 ipsa
1271 2619 1294 2667 a
1317 2603 1418 2686 parte
1441 2577 1485 2666 1111Ι
1500 2600 1641 2667 salerno
1657 2605 1693 2668 et
1709 2601 1787 2688 ipsa
1802 2603 1845 2669 de
1861 2603 1978 2672 media
1996 2605 2074 2675 loca
2090 2625 2157 2692 per

304 2754 380 2839 ipso
404 2754 500 2840 finiS,
524 2753 617 2840 quod
641 2753 804 2839 superius
827 2752 996 2840 diximus,
1020 2757 1159 2821 etcum
1183 2753 1298 2840 ipsum
1322 2755 1505 2818 buttarum
1528 2755 1564 2818 et
1586 2753 1704 2820 media
1729 2753 1808 2840 ipsa
1831 2775 2014 2826 cammara
2029 2763 2065 2826 et
2083 2777 2158 2826 me·

302 2905 365 2974 dia
390 2908 468 2992 ipsa
491 2925 573 2976 casa
596 2907 640 2974 de
662 2908 802 2992 suptus,
825 2909 862 2972 et
886 2924 966 2972 curn
991 2907 1107 2991 ipsum
1131 2906 1378 2992 pulmentum,
1393 2911 1428 2973 et
1453 2905 1634 2994 labellum,
1660 2913 1695 2976 ct
1724 2909 1904 2998 valneum,
1928 2917 1964 2979 et
1987 2913 2156 3002 furnum,

302 3077 369 3126 nec
392 3075 466 3126 non
491 3063 528 3126 et
550 3076 632 3125 cum
654 3058 775 3126 omnia
799 3057 894 3126 inira
916 3076 953 3126 se
977 3059 1202 3143 basentium,
1226 3063 1262 3125 et
1285 3078 1367 3126 cum
1391 3059 1466 3144 ipse
1488 3059 1545 3125 vie
1568 3077 1629 3127 sue
1645 3063 1680 3127 et
1695 3061 1815 3130 omnia
1829 3079 1895 3130 sua
1910 3064 2150 3152 pertinentia,

300 3211 397 3279 siout
421 3212 587 3298 superius
610 3210 757 3298 legitur,
781 3213 919 3278 etcum
943 3209 1029 3295 ipsis
1052 3209 1153 3276 solidi
1177 3217 1262 3296 treS,
1287 3215 1322 3278 et
1345 3211 1384 3278 in
1407 3212 1572 3278 omnibus
1596 3211 1690 3280 inter
1713 3212 1815 3280 nobis
1847 3231 1906 3281 eos
1930 3215 2155 3316 divisimus,

301 3371 337 3434 et
362 3365 465 3432 nobis
489 3364 620 3432 exinde
644 3365 952 3451 apprehensimuS,
976 3367 1011 3430 et
1034 3363 1276 3448 uuusquisque
1300 3363 1343 3452 de
1366 3361 1468 3428 nobis
1490 3361 1602 3432 saciat
1625 3363 1668 3430 de
1691 3381 1758 3432 sua
1781 3366 1981 3450 portionem
2005 3388 2072 3455 que
2094 3390 2158 3438 vo-

300 3519 423 3588 luerit:
450 3517 510 3604 qui
534 3535 571 3586 se
594 3518 637 3585 de
661 3517 763 3585 nobis
786 3520 980 3586 externare
1004 3516 1168 3600 voluerit,
1193 3516 1320 3602 perdat
1344 3516 1543 3601 portionem
1568 3536 1683 3603 suam3
1703 3517 1771 3603 ipsi
1788 3537 1871 3586 vero
1888 3521 2109 3606 platamones
2126 3529 2154 3608 ¹)

300 3679 336 3742 et
358 3675 535 3760 quantum
560 3677 614 3740 est
636 3673 681 3739 ab
705 3672 783 3756 ipsa
806 3669 924 3758 sepale
949 3670 990 3737 in
1014 3670 1108 3737 foras
1131 3667 1232 3736 indat
1254 3687 1375 3754 mare,
1399 3673 1435 3736 et
1457 3668 1533 3756 ipse
1557 3671 1720 3756 pastinus
1744 3671 1806 3757 qui
1829 3677 1883 3740 est
1908 3674 1945 3740 in
1974 3680 2081 3761 caput
2106 3678 2151 3744 de

301 3826 418 3912 ipsum
443 3823 640 3910 predictum
673 3821 849 3908 casalem,
872 3826 908 3889 et
931 3821 1044 3907 silva,
1069 3827 1175 3906 atque
1205 3821 1380 3907 saliceta,
1404 3827 1440 3890 et
1463 3821 1659 3912 inserteta,
1689 3832 1724 3894 et
1747 3827 1864 3894 media
1897 3827 1975 3913 ipsa
1998 3831 2152 3903 ecclesia

298 3975 414 4045 saneti
440 3973 554 4043 felicis
577 3994 657 4042 oum
680 3977 756 4043 tota
779 3992 845 4041 sua
868 3973 1101 4059 pertinentia,
1124 3976 1160 4040 et
1183 3973 1260 4060 ipsa
1275 3994 1370 4061 equa
1394 3975 1449 4042 vel
1473 3977 1594 4046 omnia
1618 3980 1891 4067 cuniomnibuS,
1913 3985 2151 4066 quantumin

298 4130 384 4198 sonti
411 4133 583 4198 havemus
607 4129 765 4214 abipso,
788 4127 881 4212 quod
905 4129 1069 4214 superius
1092 4129 1318 4214 partivimus,
1343 4131 1381 4196 in
1404 4131 1512 4217 forae,
1530 4131 1569 4197 in
1591 4131 1754 4199 domnico
1778 4135 1879 4201 nobis
1903 4137 2091 4223 remansit,
2110 4143 2151 4206 ut

297 4303 362 4352 nos
384 4285 525 4372 sergius
548 4287 745 4354 haveamus
768 4282 899 4350 exinde
921 4287 1042 4368 partes
1065 4283 1169 4370 duas,
1194 4288 1231 4350 et
1256 4301 1319 4350 nos
1342 4285 1588 4370 suprascripte
1613 4287 1729 4354 maria
1754 4291 1789 4354 et
1813 4285 1958 4374 lupinus
1982 4309 2065 4355 oum
2089 4309 2150 4357 co-

295 4437 461 4508 stantino
485 4435 559 4503 filio
581 4439 618 4502 et
640 4434 747 4505 fratri
771 4438 892 4500 nostro
916 4437 1056 4518 partem
1081 4451 1202 4519 unam,
1218 4435 1284 4501 hoo
1307 4439 1362 4502 est
1385 4437 1505 4506 tertia.

341 4563 371 4678 †
397 4593 472 4679 Ego
494 4607 620 4659 manso
642 4587 739 4654 filius
763 4585 979 4654 constantini
1006 4584 1072 4653 filii
1098 4591 1282 4656 mansonis
1305 4591 1446 4659 comitis
1470 4591 1574 4660 testis
1599 4611 1677 4660 sum

342 4715 373 4830 †
399 4743 474 4829 Ego
498 4733 672 4810 iohannes
695 4737 792 4805 filius
815 4735 921 4822 pardi
944 4736 1045 4803 testis
1067 4755 1144 4804 sum

342 4869 371 4984 †
396 4897 591 4963 Mauronus
614 4893 711 4959 filius
735 4889 848 4958 musci
873 4889 916 4958 de
940 4905 1111 4956 maurone
1134 4892 1235 4960 testis
1251 4911 1337 4960 sum

340 5019 370 5136 †
396 5049 543 5134 Sergius
566 5046 664 5114 filius
687 5043 803 5131 lupini
827 5013 871 5110 de
895 5043 1013 5129 sergio
1037 5043 1176 5111 dentice
1201 5047 1301 5113 testis
1325 5065 1402 5113 sum

341 5174 370 5289 †
395 5203 470 5289 Ego
495 5199 550 5269 leo
572 5200 670 5268 lilius
693 5196 790 5268 tauri
814 5197 858 5266 de
882 5197 981 5264 leone
1004 5196 1047 5263 de
1072 5215 1153 5264 urso
1176 5199 1303 5266 comite
1328 5198 1429 5267 testis
1452 5219 1529 5268 sum

341 5325 370 5441 †
396 5356 471 5441 Ego
494 5354 743 5422 constantinus
767 5350 939 5437 presbiter
963 5351 1079 5418 seriva
1103 5351 1196 5418 hanc
1220 5354 1396 5424 cartulam
1420 5359 1540 5431 merisi
1565 5383 1673 5434 manu
1697 5363 1842 5451 propria
1866 5364 2013 5450 scripsi.

285 5799 293 5808 -
334 5755 359 5834 Ι)
376 5754 599 5832 platomones,
625 5755 713 5815 idem
731 5773 768 5814 ac
787 5753 973 5832 platanum,
1000 5749 1092 5812 loeus
1116 5746 1291 5808 arboribus
1316 5745 1476 5807 consitus.

1013 5892 1464 5912 ιι--ι--ι--ι--ι-ί-
