5376 7094
967 559 1373 639 lllPLOlllvlTICUS
2002 575 2046 645 13

245 791 354 857 nibus
371 806 434 874 per
446 803 506 853 vos
520 785 607 873 ipsis
622 785 706 853 iude
723 785 827 854 siatis
843 785 960 853 autori
977 786 1032 854 vel
1047 786 1224 856 defensori
1236 809 1317 856 eum
1330 793 1495 861 omnibus
1511 796 1706 864 monimine
1721 799 1756 863 et
1768 796 1909 864 ratione
1922 801 2007 882 quot
2019 796 2104 868 inde
2123 866 2128 872 .

246 959 354 1012 avere
370 940 572 1028 potueritis3
589 945 625 1009 et
640 941 672 1007 si
687 939 778 1009 talia
794 940 892 1006 vobis
908 957 980 1005 non
996 940 1312 1030 adinpleverimus,
1325 945 1418 1012 sicut
1430 946 1667 1033 prediximus,
1682 947 1735 1015 sic
1750 948 1848 1015 vobis
1863 947 2105 1034 persolvamus

246 1101 284 1166 et
307 1094 566 1182 adimpleamus
590 1095 744 1180 iustitia,
762 1094 855 1161 sicut
870 1097 905 1161 et
920 1093 959 1160 in
974 1094 1081 1163 edicti
1097 1095 1254 1182 capitulo
1277 1103 1313 1166 et
1337 1099 1397 1167 lex
1419 1101 1721 1187 lagnovardorum
1744 1103 1787 1170 de
1810 1103 1943 1171 donum
1966 1109 2002 1173 et
2024 1094 2107 1172 sub·

249 1253 409 1336 soeptum
421 1246 599 1335 launegilt
615 1249 785 1315 continet.
800 1247 889 1322 Quot
900 1247 932 1313 si
947 1247 1069 1316 taliter
1084 1250 1219 1336 omnia,
1233 1256 1318 1337 quot
1330 1253 1430 1320 modo
1442 1255 1606 1340 superius
1617 1255 1763 1343 legitur,
1777 1256 1907 1343 aliquit
1919 1256 2107 1328 velexinde

249 1402 489 1488 quesierimus
506 1418 686 1468 removere
703 1405 767 1468 aut
781 1405 960 1488 contrare,
975 1405 1038 1470 aut
1049 1403 1080 1470 si
1097 1407 1333 1488 quotcumque
1350 1405 1576 1473 causationes
1593 1406 1692 1472 vobis
1709 1406 1791 1474 iude
1804 1411 2106 1496 preposuerimm,

250 1555 364 1623 tacita
382 1557 418 1622 et
434 1572 547 1623 vacua
562 1572 626 1639 per
641 1552 893 1621 conbenientia
909 1557 944 1620 et
959 1571 1021 1639 per
1038 1554 1116 1640 ipsa
1131 1554 1267 1642 guadia
1283 1574 1493 1644 componere
1509 1557 1747 1644 obligavimus
1759 1578 1822 1626 nos
1836 1564 1872 1630 et
1887 1561 2021 1629 nostris
2036 1560 2107 1629 filis

251 1710 289 1775 et
311 1707 433 1776 eredes
449 1707 515 1775 tivi
531 1708 655 1793 tuique
671 1706 836 1774 enodibus
852 1707 984 1794 viginti
1000 1708 1082 1775 auri
1097 1707 1226 1776 solidos
1242 1710 1501 1797 constantines
1518 1715 1554 1779 et
1565 1729 1628 1797 per
1641 1711 1765 1778 invitis
1782 1711 1906 1782 taliter
1919 1714 2018 1780 vobis
2029 1732 2107 1800 per-

251 1877 477 1948 maneamus,
493 1864 529 1928 et
543 1860 666 1928 taliter
682 1863 837 1929 scribere
852 1862 1059 1948 rogavimus
1074 1865 1110 1930 te
1125 1861 1329 1929 dumnando
1345 1861 1515 1930 clericum
1532 1867 1568 1930 et
1580 1862 1773 1931 notarium.
1790 1868 1911 1933 actum
1924 1871 2105 1935 muntoru.

300 1984 330 2100 †
348 2029 414 2100 ego
430 2014 608 2081 bisantius
623 2013 798 2100 presbiter

301 2137 332 2254 †
348 2183 414 2252 ego
431 2165 503 2232 riso
518 2167 704 2251 presbiter.

1063 2678 1302 2759 DXLVI.

1035 2941 1090 3016 A.
1119 2937 1169 3015 D.
1198 2937 1326 3019 1002.

306 3147 341 3288 †
359 3202 398 3266 ln
416 3202 558 3269 nomine
575 3202 707 3269 domiui
726 3199 990 3288 quartodecimo
1007 3216 1103 3265 anno
1120 3200 1346 3285 principatus
1361 3199 1482 3267 domui
1500 3203 1614 3268 nostri
1630 3201 1827 3288 guaimarii
1845 3202 1999 3289 glorioso
2013 3207 2112 3291 priu-

259 3372 357 3442 ceps,
373 3373 494 3424 mense
510 3357 668 3443 octuber,
686 3355 804 3442 prima
820 3353 1029 3420 indictione.
1047 3352 1127 3420 Ideo
1143 3353 1205 3437 qui
1222 3369 1287 3418 nos
1304 3371 1392 3420 ursu
1409 3353 1507 3421 filius
1520 3355 1737 3442 maglrenolfi
1748 3359 1784 3423 et
1796 3356 1912 3442 grimo
1928 3357 2024 3425 filius
2040 3378 2114 3428 ma-

262 3511 415 3579 chenolfi
430 3511 493 3598 qui
509 3529 632 3578 sumus
651 3559 917 3576 ........
942 3506 1036 3574 sieut
1050 3508 1153 3574 nobis
1168 3524 1367 3595 congruum
1383 3513 1437 3576 est
1453 3513 1573 3576 nostre
1590 3509 1797 3579 volumtatis
1820 3516 1903 3580 ante
1921 3514 2113 3584 subscribti

262 3667 370 3735 testes
392 3683 455 3752 per
479 3683 547 3732 auc
571 3665 712 3734 cartula
734 3662 1025 3732 venumdedimus
1049 3662 1163 3748 adque
1188 3661 1234 3728 ad
1259 3679 1396 3746 semper
1415 3662 1593 3729 abendum
1610 3663 1900 3732 confirmavimus
1919 3717 2112 3738 ......

265 3868 749 3890 ..............
774 3817 938 3904 germani
953 3813 1019 3881 filil
1035 3815 1214 3898 quondam
1229 3812 1304 3881 ursi
1321 3817 1392 3882 tote
1406 3819 1443 3883 et
1457 3814 1581 3885 inclite
1593 3817 1765 3887 sortiones
1782 3823 1915 3907 nostre,
1930 3840 2039 3908 quam
2055 3843 2116 3891 no-

262 3976 317 4044 bis
333 3976 402 4044 luit
416 3980 453 4045 et
467 3979 522 4045 est
542 3976 761 4062 pertinentes
777 3975 883 4042 abere
900 3992 922 4041 a
938 3967 1173 4058 suprascripti
1190 3967 1345 4058 genitori
1361 3973 1398 4038 et
1410 3970 1482 4039 abii
1500 3971 1613 4040 nostri
1629 3976 1665 4040 et
1687 3973 1734 4042 da
1749 3975 1930 4060 genetrice
1957 4029 2110 4046 .....

262 4180 532 4200 ........
558 4129 688 4199 dicitur
704 4129 773 4198 ista
788 4132 824 4197 et
839 4128 902 4196 illa
917 4145 1002 4214 pars
1017 4124 1123 4193 llubio
1138 4122 1325 4210 pecentino
1339 4128 1524 4210 peractum
1539 4127 1575 4193 et
1590 4125 1827 4211 pertinentem
1842 4127 1886 4196 de
1906 4128 1982 4216 ipso
1998 4131 2114 4199 locum

262 4285 480 4374 campiliano
494 4305 575 4354 cum
590 4285 733 4372 proprie
749 4283 831 4350 fluis
847 4287 883 4352 et
898 4281 966 4349 viis
981 4281 1055 4349 suis
1074 4329 1340 4348 ........
1358 4277 1585 4365 pertinentiis
1600 4281 1636 4346 et
1647 4299 1728 4347 cum
1744 4281 1911 4349 sortionis
1934 4289 2054 4352 nostre
2071 4285 2114 4353 de

263 4440 445 4509 monimen
462 4438 544 4508 inde
560 4439 813 4527 pertinentem,
830 4437 924 4505 unde
939 4454 1005 4504 nec
1022 4435 1138 4522 nobis,
1154 4453 1220 4504 nec
1235 4433 1403 4521 cuiquam
1420 4435 1639 4522 hominibus,
1662 4435 1717 4503 vel
1742 4435 1780 4502 in
1803 4437 1937 4522 quavix
1952 4441 2114 4526 partibus

260 4594 396 4664 exinde
422 4593 574 4662 dicimus
596 4611 784 4663 remanere
807 4591 1017 4674 sortionem;
1036 4592 1102 4676 set,
1119 4587 1212 4657 sicut
1228 4587 1398 4672 diximus,
1415 4589 1528 4655 totum
1545 4607 1567 4656 a
1583 4587 1743 4656 funditus
1758 4588 1840 4658 illut
1855 4591 1954 4659 vobis
1970 4612 2117 4664 venum-

263 4747 439 4835 dedimus,
458 4747 504 4817 ad
520 4747 692 4816 securiter
707 4750 742 4814 et
758 4745 909 4812 firmiter
925 4742 1049 4811 amodo
1065 4746 1101 4810 et
1117 4761 1253 4830 semper
1269 4759 1330 4810 vos
1345 4741 1503 4811 iamdicti
1517 4743 1682 4829 germani
1698 4749 1733 4812 et
1749 4745 1855 4812 vestri
1869 4746 1992 4817 eredes
2009 4752 2117 4819 aben-

265 4900 367 4990 dum,
393 4901 662 4986 dominandum,
679 4897 940 4986 possidendum,
956 4897 1078 4966 omnia
1091 4896 1221 4965 exinde
1237 4896 1438 4966 laciendum
1455 4897 1547 4984 quod
1563 4897 1759 4985 volueritis3
1776 4905 1812 4968 et
1823 4919 1887 4987 pro
1902 4904 2117 4972 conflrman-

260 5055 347 5126 dam
369 5060 407 5124 et
430 5054 718 5124 staviliscendam
734 5071 803 5121 auc
818 5055 978 5120 nostram
993 5050 1245 5119 vindictionem
1259 5051 1456 5137 recepimus
1480 5071 1503 5119 a
1518 5069 1579 5119 vos
1602 5051 1779 5121 iamdictis
1794 5057 1978 5142 germanis
2003 5062 2117 5152 statu-

264 5211 342 5277 tum
364 5211 534 5298 pretium,
551 5209 561 5275 i
578 5211 663 5276 sunt
679 5206 760 5275 auri
775 5205 847 5274 tari
858 5204 941 5271 voni
952 5221 1142 5271 numerum
1155 5222 1219 5272 sex
1229 5204 1268 5270 in
1279 5205 1394 5272 omnis
1407 5203 1674 5294 deliberatione,
1688 5207 1782 5276 sicut
1795 5207 1889 5278 inter
1902 5227 1966 5279 nos
1981 5217 2119 5285 combe-

265 5360 335 5450 nit,
351 5362 395 5430 de
412 5380 485 5448 qua
509 5377 572 5427 nos
577 5406 1099 5427 ...............
1124 5355 1259 5442 guadia
1273 5356 1372 5424 vobis
1387 5355 1536 5424 iohanni
1551 5357 1695 5444 clerice,
1711 5356 1864 5445 iaquinti
1880 5367 1916 5430 et
1930 5368 2118 5435 ermemari

272 5514 401 5584 emtori
425 5513 540 5582 nostri
556 5513 716 5582 dedimus
730 5515 766 5580 et
781 5529 845 5579 nos
860 5511 946 5598 ipsis
963 5509 1061 5576 vobis
1076 5507 1287 5577 mediatores
1303 5508 1497 5596 posuimus3
1514 5511 1549 5576 et
1563 5527 1627 5594 per
1642 5507 1719 5596 ipsa
1735 5511 1869 5598 guadia
1884 5513 2120 5603 obligavimus

266 5683 329 5735 nos
357 5717 553 5735 ......
571 5669 606 5735 et
623 5684 760 5753 semper
777 5662 1022 5732 antistandum
1036 5665 1073 5730 et
1087 5661 1343 5731 defensandum
1357 5662 1455 5730 vobis
1470 5661 1666 5750 vestrisque
1681 5663 1845 5734 eredibus
1860 5670 1935 5738 tota
1947 5673 1984 5738 et
1996 5670 2121 5743 inclita

266 5823 472 5912 supradicta
493 5827 613 5894 vestra
628 5820 841 5890 vindictioue
856 5819 903 5888 da
918 5819 971 5888 illl
987 5818 1190 5888 hominibus
1202 5823 1238 5888 et
1249 5819 1411 5907 partibus
1426 5818 1487 5906 qui
1501 5835 1564 5905 pro
1578 5821 1701 5886 nostra
1712 5822 1816 5905 parte
1828 5819 1966 5911 datum,
1980 5843 2044 5896 seu
2057 5847 2122 5915 pro
