5310 7080
1258 549 1431 620 ‹lollux
1468 549 1734 626 caucasis

1349 888 1640 968 DLXXVI.

1350 1148 1405 1224 A.
1434 1147 1484 1224 D.
1514 1146 1642 1227 1005.

622 1349 656 1486 †
681 1401 719 1466 ln
740 1401 884 1469 nomine
901 1403 1036 1470 domini
1053 1397 1291 1472 sextodecimo
1308 1409 1331 1488 ⁴)
1346 1422 1443 1472 anno
1460 1405 1682 1490 principatus
1697 1406 1817 1472 domni
1835 1405 1949 1472 nostri
1966 1405 2147 1490 guaimari
2164 1407 2309 1492 gloriosi
2327 1408 2428 1492 prin·

572 1552 675 1638 ciple,
693 1571 812 1620 mense
829 1555 984 1641 magiuS,
1003 1557 1113 1624 tertia
1128 1556 1339 1623 indictione.
1358 1557 1645 1624 memoratorium
1662 1557 1761 1625 sactu
1776 1577 1798 1624 a
1813 1575 1868 1624 me
1885 1557 1977 1624 maio
1994 1558 2170 1642 presbiter
2187 1562 2224 1624 et
2241 1559 2351 1626 abbas
2368 1577 2425 1626 ec·

573 1701 680 1770 clesie
697 1705 813 1772 sancti
831 1709 997 1793 maximi,
1011 1727 1051 1774 eo
1067 1710 1159 1792 quod
1176 1713 1258 1776 ante
1275 1708 1466 1793 subscripti
1484 1713 1592 1775 testes
1604 1728 1666 1794 per
1683 1711 1775 1777 bona
1786 1707 2067 1793 combenientia,
2080 1725 2152 1776 una
2169 1727 2307 1776 mecum
2327 1709 2424 1778 ades·

576 1859 633 1920 set
651 1861 774 1940 petrus
791 1875 906 1925 comes
930 1859 991 1944 qui
1016 1863 1069 1925 est
1092 1860 1282 1928 adbocator
1299 1865 1333 1926 et
1351 1879 1462 1924 unum
1484 1859 1528 1926 de
1550 1860 1699 1927 dominii
1722 1859 1836 1945 ipsius
1852 1858 2014 1943 ecclesie,
2038 1859 2252 1926 tradidimus
2275 1862 2421 1928 iohanni

576 2005 666 2074 liber
679 1993 760 2073 'omo
777 2009 851 2075 lilio
875 2011 1024 2096 alphoni
1048 2013 1091 2079 de
1106 2016 1206 2079 terra
1222 2012 1462 2097 pertinentem
1478 2011 1590 2096 ipsius
1606 2009 1752 2076 ecclesie
1768 2008 1810 2075 de
1828 2008 1925 2075 intus
1940 2011 2033 2076 hanc
2049 2009 2309 2078 salernitanam
2333 2012 2421 2078 cibi-

573 2161 683 2226 tatem
698 2161 736 2228 in
753 2163 827 2248 ipso
843 2164 940 2248 plaiu
956 2186 978 2232 a
993 2183 1100 2250 super
1116 2166 1193 2251 ipsa
1209 2165 1369 2250 ecclesia,
1386 2183 1449 2250 per
1465 2183 1504 2230 ec
1521 2162 1603 2228 linis
1619 2167 1654 2230 et
1669 2135 1871 2229 mensoria:
1897 2181 1920 2228 a
1943 2180 2027 2246 pars
2043 2163 2193 2228 orientis
2211 2163 2281 2229 flne
2303 2163 2416 2248 ipsius

569 2309 729 2398 ecclesie,
754 2315 836 2381 inde
861 2320 946 2382 sunt
970 2316 1156 2404 longitudo
1182 2316 1287 2402 pedes
1304 2315 1436 2401 biginti
1464 2333 1597 2380 unum:
1624 2330 1747 2398 apars
1771 2311 1918 2379 meridie
1942 2311 2109 2379 similiter
2132 2312 2203 2382 fine
2228 2315 2342 2399 ipsius
2366 2335 2422 2381 ec-

569 2462 674 2528 clesie
688 2512 697 2548 ,
730 2465 813 2531 inde
838 2471 922 2532 sunt
944 2487 1007 2552 per
1034 2468 1185 2535 latitudo
1210 2467 1317 2553 pedes
1340 2465 1462 2532 decem
1486 2467 1522 2532 et
1546 2462 1756 2530 summisse:
1789 2485 1811 2532 a
1835 2482 1918 2550 pars
1943 2463 2134 2529 occidentis
2159 2464 2325 2530 similiter
2349 2466 2419 2531 line

573 2615 687 2701 ipsius
710 2615 872 2702 ecclesie,
896 2617 979 2683 inde
1004 2625 1089 2685 sunt
1112 2619 1215 2704 pedes
1237 2618 1299 2686 alii
1325 2616 1455 2702 biginti
1481 2634 1614 2682 unum:
1640 2616 1812 2701 desuper
1836 2633 1920 2702 pars
1943 2615 2111 2681 similiter
2136 2617 2206 2681 line
2230 2615 2344 2701 ipsius
2366 2634 2420 2683 ec-

570 2766 701 2853 clesie,
736 2769 819 2835 inde
843 2773 928 2836 sunt
951 2769 1056 2854 pedes
1079 2771 1199 2836 decem
1223 2775 1259 2836 et
1282 2770 1494 2858 summisse,
1526 2776 1638 2838 totum
1662 2774 1908 2838 mensuratum
1931 2769 1977 2836 ad
2001 2770 2097 2835 iusta
2120 2787 2267 2834 manum
2290 2768 2417 2854 omini,

570 2933 609 2980 oc
632 2936 716 2982 vero
741 2919 947 3005 supradicta
977 2924 1076 2988 terra
1090 2970 1100 3005 ,
1129 2921 1283 3004 qualiter
1307 2923 1471 3006 superius
1494 2923 1576 2988 finis
1600 2921 1713 3008 posite
1736 2924 1821 2987 sunt
1853 2924 1888 2987 et
1914 2921 2097 2986 mensuria
2121 2919 2199 3003 ipsa
2222 2921 2417 3006 percurrit,

568 3074 682 3138 toturn
700 3077 735 3138 et
754 3073 918 3140 inclitum
941 3073 1024 3140 illut
1047 3075 1080 3141 ei
1106 3074 1318 3141 tradidimus
1343 3074 1381 3138 in
1398 3075 1464 3142 tali
1489 3073 1625 3158 ordine,
1650 3077 1689 3139 ut
1712 3072 1836 3140 amodo
1852 3075 1887 3138 et
1905 3089 2015 3155 usque
2039 3071 2170 3156 biginti
2188 3073 2314 3138 nobem
2329 3075 2417 3140 anni

566 3222 729 3306 completi
755 3223 868 3290 licead
892 3221 953 3291 ille
983 3229 1018 3291 et
1049 3243 1131 3291 suos
1154 3225 1276 3292 eredes
1308 3225 1516 3310 supradicta
1546 3228 1669 3290 nostra
1692 3220 1907 3290 tradictione
1930 3203 1999 3288 ¹sue
2023 3222 2208 3306 potestatis
2233 3228 2356 3290 tenere
2381 3230 2417 3291 et

567 3371 767 3459 dominare,
791 3378 827 3440 et
851 3348 968 3443 fobeas
991 3379 1028 3441 et
1051 3377 1167 3442 omnis
1190 3395 1254 3443 sua
1281 3375 1436 3444 utilitate
1463 3375 1594 3441 ibidem
1618 3375 1750 3458 lacere,
1775 3378 1811 3439 et
1834 3390 1917 3440 casa
1940 3371 2072 3440 ibidem
2095 3374 2274 3459 edificare,
2300 3379 2334 3441 et
2350 3376 2417 3442 ibi-

566 3521 645 3588 dem
669 3513 824 3592 residere
854 3531 890 3592 et
921 3527 1073 3596 abitare.
1105 3527 1150 3595 ad
1174 3527 1336 3612 completi
1371 3527 1440 3612 ipsi
1464 3527 1596 3612 biginti
1627 3527 1753 3590 nobem
1786 3525 1872 3591 anni
1906 3524 2020 3591 licead
2044 3524 2105 3590 ille
2130 3529 2165 3591 et
2189 3543 2270 3592 suos
2295 3527 2415 3595 eredes

565 3673 648 3741 inde
671 3676 772 3744 exire
797 3696 878 3743 cum
901 3680 1017 3745 omnis
1042 3697 1107 3747 sua
1124 3697 1233 3746 causa
1249 3684 1284 3745 et
1300 3679 1432 3746 exinde
1455 3677 1615 3763 exfigere
1640 3677 1757 3744 media
1780 3676 1858 3762 ipsa
1881 3694 1977 3762 casa,
2003 3677 2224 3745 attollerent
2247 3679 2330 3746 inde
2347 3699 2417 3746 me·

565 3823 736 3894 dietatem
758 3829 836 3914 ipsa
859 3830 1100 3916 lingnamina,
1124 3834 1160 3898 et
1184 3833 1325 3916 portare
1351 3830 1436 3896 illut
1460 3831 1519 3896 ubi
1538 3831 1718 3897 boluerint
1761 3829 1838 3897 sine
1861 3829 2053 3896 cuiuslibet
2075 3831 2334 3900 contrarietate
2359 3831 2413 3898 vel

566 3977 819 4068 requisitione,
844 3987 880 4049 et
903 3983 1032 4050 inclita
1057 3983 1135 4069 ipsa
1160 3989 1363 4050 borracum
1379 3981 1495 4051 media
1511 3982 1588 4068 ipsa
1605 3998 1689 4048 casa
1706 3980 1889 4047 remittere
1913 3979 1957 4048 ad
1981 3985 2155 4065 potestate
2180 3983 2336 4067 predicte
2361 4003 2416 4050 eo

564 4129 698 4216 clesie,
734 4137 770 4199 et
794 4137 997 4218 peremnis
1021 4151 1159 4201 annum
1184 4151 1294 4218 usque
1319 4133 1395 4218 ipso
1418 4131 1657 4197 constitutum
1679 4131 1722 4198 de
1746 4132 1965 4198 ascensionis
1988 4132 2123 4200 domini
2146 4151 2211 4219 pro
2234 4134 2350 4201 seditu
2374 4135 2416 4202 de

562 4282 642 4368 ipsa
669 4287 767 4350 terra
791 4284 892 4351 stetit
916 4285 1047 4352 exinde
1071 4305 1094 4352 a
1118 4304 1202 4370 pars
1226 4283 1338 4369 ipsius
1361 4283 1509 4349 ecclesie
1525 4282 1611 4349 dare
1627 4283 1801 4370 deioleum
1825 4283 1992 4352 candelas
2009 4285 2197 4371 mediocre,
2223 4288 2413 4371 ecquando

561 4435 778 4502 discurserit
803 4434 927 4504 labina
950 4436 1047 4502 circa
1072 4434 1179 4520 illut,
1211 4434 1304 4517 quod
1327 4435 1491 4520 superius
1514 4436 1544 4502 ei
1571 4435 1797 4522 tradidimus,
1821 4439 1893 4504 tale
1916 4437 2096 4504 edificium
2121 4437 2251 4505 ibidem
2274 4437 2411 4526 laciad,

563 4587 603 4650 ut
628 4587 679 4651 sic
702 4587 805 4654 emad
830 4587 907 4672 ipsa
929 4588 1065 4671 labina,
1091 4591 1129 4652 ut
1153 4585 1288 4653 nullam
1311 4586 1566 4654 damnietatem
1591 4589 1660 4656 fiad
1684 4591 1778 4658 lacta
1803 4590 1840 4654 in
1865 4607 1967 4656 muro
1990 4591 2033 4656 de
2056 4591 2162 4675 casis,
2186 4610 2256 4682 que
2280 4590 2410 4658 ibidem

560 4754 582 4802 a
606 4737 735 4800 subtus
758 4741 856 4820 sunt,
882 4756 971 4822 quas
996 4739 1034 4804 in
1060 4738 1206 4804 sclimbo
1229 4707 1395 4804 edificate
1411 4743 1507 4822 sunt,
1525 4736 1694 4805 damnum
1711 4739 1749 4804 in
1766 4739 1853 4824 ipsis
1878 4739 2076 4824 parietibus
2093 4758 2164 4806 nou
2181 4740 2251 4806 fiad
2275 4741 2411 4806 sactum

559 4904 625 4972 per
650 4885 727 4970 ipsa
752 4885 886 4972 labina3
919 4888 1012 4972 quod
1044 4895 1079 4955 et
1103 4908 1165 4973 per
1190 4889 1283 4954 bona
1305 4886 1568 4955 combenientia
1593 4889 1726 4974 guadia
1751 4891 1853 4956 nobis
1877 4889 1952 4976 ipse
1977 4893 2152 4960 iohannes
2174 4891 2252 4956 dedi
2277 4896 2313 4958 et
2337 4911 2407 4958 me-

559 5037 736 5104 diatorem
760 5037 860 5104 nobis
884 5040 1002 5124 posuit
1025 5043 1208 5126 seipsum;
1233 5046 1268 5106 et
1290 5059 1353 5125 per
1378 5040 1455 5125 ipsa
1478 5039 1612 5126 guadia
1636 5042 1704 5106 etc.
1731 5043 1880 5109 Statorio
1901 5044 2017 5108 multo
2039 5043 2156 5109 decem
2178 5045 2265 5108 auri
2281 5044 2406 5110 sol-ido-

559 5207 644 5254 ram
666 5194 1058 5258 constantinianorom.
1084 5199 1120 5259 et
1144 5195 1240 5260 hunc
1265 5195 1408 5260 brebem
1429 5191 1554 5277 scripsi
1580 5211 1646 5278 ego
1669 5193 1828 5262 ademari
1851 5195 2014 5261 notarius
2037 5195 2097 5279 qui
2125 5195 2289 5276 interlui.

604 5309 636 5427 †
659 5341 735 5426 Ego
760 5345 884 5434 petrus
907 5343 1069 5410 notarius
1093 5361 1148 5410 me
1172 5341 1365 5428 subscripsi

603 5463 634 5578 †
659 5493 733 5576 Ego
757 5491 916 5561 ioannes.

598 5733 621 5810 ¹)
643 5735 752 5810 lege:
776 5736 911 5812 septimo
935 5737 1068 5795 decimo.
