5318 7102
936 587 1105 661 utenti
1135 589 1441 660 nuxueoutttt
2023 581 2070 656 13

305 811 349 882 nt
366 811 396 882 si
415 809 621 898 castaldius,
641 834 700 883 seo
720 811 796 884 loeo
816 812 949 907 positis
969 812 1011 884 de
1031 810 1182 905 qualibet
1200 809 1382 897 iudicaria,
1402 811 1486 882 Tam
1516 810 1657 883 desnos
1683 833 1865 906 pagenses,
1886 831 2056 904 quamque
2082 818 2120 882 et

302 970 389 1042 alios
415 971 474 1064 qui
501 971 669 1042 iustitiam
697 971 830 1065 quaerit
864 979 897 1043 et
923 959 1140 1043 non'feeerit
1166 972 1311 1057 comiti,
1348 971 1438 1043 sient
1472 971 1528 1042 lex
1561 971 1715 1066 ipsorum
1741 979 1816 1056 est;
1851 978 1885 1042 et
1911 969 1941 1040 si
1968 968 2113 1042 forsitan
2171 1000 2174 1008 ·

303 1130 456 1218 francos,
485 1132 550 1202 dut
576 1131 806 1224 langobardos
826 1131 955 1202 habens
974 1128 1181 1202 beneficium
1200 1131 1370 1202 iustitiam
1397 1129 1513 1204 faeere
1540 1131 1705 1216 noluerit,
1735 1129 1836 1200 index
1863 1130 1936 1216 iile,
1957 1130 1993 1200 in
2012 1128 2114 1200 cuius

303 1290 539 1362 ministerium
558 1289 738 1375 manserit,
759 1291 1017 1362 contradicatur
1036 1289 1095 1361 ille
1113 1290 1321 1362 beneficium
1340 1291 1412 1385 ipse
1432 1291 1587 1377 interim,
1607 1291 1700 1386 quod
1718 1291 1791 1386 ipse
1812 1298 1870 1362 aut
1888 1289 2016 1362 missus
2033 1289 2110 1362 eius

303 1447 473 1519 iustitiam
502 1449 606 1519 iaciat
632 1449 669 1542 ¹).

253 1607 358 1678 Iudex
391 1607 631 1700 unusquisque
670 1631 730 1702 per
769 1608 944 1679 civitatem
979 1607 1082 1678 saciat
1116 1609 1230 1678 iurare
1265 1609 1307 1680 ad
1343 1607 1397 1678 dei
1424 1607 1553 1679 iudicia
1579 1607 1739 1678 homines
1766 1608 1949 1680 credentes
1975 1611 1998 1704 ι)
2027 1609 2117 1681 iusta

302 1777 449 1860 quantos
476 1768 677 1862 previderit,
699 1790 760 1838 seu
778 1768 870 1838 Ioras
896 1790 955 1863 per
982 1778 1111 1857 curtes,
1140 1769 1196 1840 vet
1223 1770 1357 1840 vicoras
1385 1767 1431 1839 ibi
1459 1792 1653 1853 mansurae,
1676 1792 1783 1841 unum
1803 1793 1844 1840 ex
1863 1769 1946 1862 ipsis
1960 1771 2115 1863 agnitum

304 1926 446 2010 suerint,
476 1925 579 2009 Idest,
610 1924 809 2006 homicidia,
838 1926 941 2012 furta,
971 1926 1154 2012 adulteria,
1183 1935 1217 1998 et
1243 1928 1285 1997 de
1312 1927 1447 1999 inlicita
1473 1927 1752 2014 coniunctiones,
1782 1937 1820 1998 ut
1838 1949 1940 1998 nemo
1959 1950 2116 1998 eoscon-

302 2085 416 2172 eelet,
449 2093 484 2155 et
510 2085 575 2156 hoc
602 2054 723 2157 dumbs
750 2087 786 2155 in
813 2088 997 2173 mandatis,
1028 2089 1071 2160 Ut
1097 2088 1189 2161 sicut
1215 2088 1349 2160 venerit
1376 2087 1526 2159 iustitias
1553 2086 1742 2158 reclamare
1769 2109 1873 2180 super
1899 2087 2115 2182 quemspiam

303 2245 493 2332 hominem,
511 2247 658 2319 dicendo
673 2249 714 2318 de
729 2247 929 2336 homicidia,
951 2249 1054 2336 furta,
1075 2258 1109 2320 et
1128 2233 1309 2333 adulteria,
1331 2247 1385 2317 vel
1404 2247 1445 2317 de
1464 2247 1580 2342 preda,
1602 2255 1636 2319 et
1655 2213 1717 2318 ille
1732 2271 1835 2342 super
1852 2271 1955 2341 quem
1975 2248 2114 2336 dixerit,

302 2406 473 2508 denegare
500 2407 662 2492 voluerit,
692 2408 790 2479 Tunc
810 2407 869 2478 ille
888 2409 947 2500 qui
966 2409 1171 2494 reclamant,
1193 2409 1221 2480 si
1241 2409 1404 2503 potuerit,
1434 2407 1597 2502 adprobet
1623 2407 1737 2491 illum;
1766 2415 1800 2478 et
1827 2408 1855 2478 si
1875 2407 2020 2480 forsitan
2040 2410 2113 2503 ipse

302 2588 371 2636 non
398 2565 547 2659 potuerit
574 2566 772 2660 adprobare,
802 2575 836 2637 et
863 2567 935 2661 ipse
962 2590 1065 2662 super
1092 2591 1195 2660 quem
1213 2568 1310 2653 dicit,
1331 2566 1523 2661 negaverit,
1545 2567 1637 2659 quod
1657 2566 1786 2637 malum
1806 2567 1919 2660 ipsum
1939 2589 2003 2638 nec
2023 2567 2111 2662 ipse,

303 2747 366 2797 nce
394 2725 554 2796 homines
582 2725 690 2819 ipsius
718 2733 941 2820 penetrasset,
962 2735 996 2798 et
1015 2728 1169 2820 posuerit
1187 2727 1446 2798 exeusationem
1465 2735 1499 2798 et
1518 2727 1643 2799 dixerit
1661 2729 1802 2797 nomina
1830 2725 1934 2798 miehi
1953 2725 2113 2797 homines

232 2986 234 2991 1
286 2907 397 2955 meos
423 2887 481 2979 qui
507 2885 570 2956 tibi
598 2884 726 2955 malum
754 2845 853 2956 illum
881 2888 1052 2972 Ieocrnnt,
1073 2895 1107 2958 et
1125 2909 1189 2980 ego
1210 2885 1272 2956 tibi
1299 2886 1341 2955 de
1369 2884 1450 2956 illos
1477 2884 1629 2956 iustitias
1647 2883 1751 2970 facio,
1772 2893 1807 2958 et
1825 2885 1884 2955 iile
1913 2885 2112 2980 incognitus

302 3045 360 3136 qui
389 3044 566 3130 reclamat,
595 3045 732 3130 dixerit,
754 3045 833 3137 quia
852 3044 954 3115 bomo
974 3045 1034 3115 iile
1052 3045 1176 3115 exinde
1203 3045 1268 3116 scit
1295 3045 1454 3130 veritate,
1485 3047 1583 3116 'Iunc
1610 3045 1670 3115 illc
1697 3046 1800 3116 iudex
1827 3046 1882 3140 qui
1904 3045 1938 3114 in
1958 3046 2035 3118 loco
2054 3047 2113 3116 illc

301 3211 366 3289 cst,
387 3204 499 3274 iacere
519 3204 676 3275 homines
703 3205 781 3276 iilos
809 3204 998 3300 quislibent
1025 3205 1094 3275 sint
1121 3205 1274 3289 francus,
1302 3205 1369 3275 dut
1395 3202 1640 3295 langobardus,
1670 3204 1761 3296 quod
1788 3202 1852 3296 ipsi
1881 3205 2021 3274 nomina
2051 3205 2114 3276 titi

302 3363 439 3450 dixerit,
469 3373 502 3436 et
529 3365 621 3436 dieat
646 3364 769 3435 exinde
796 3365 953 3450 veritate;
982 3372 1016 3434 et
1034 3365 1063 3436 si
1082 3366 1265 3436 credentes
1291 3363 1449 3435 homines
1477 3361 1619 3448 suerint,
1648 3362 1684 3430 in
1712 3385 1816 3432 manu
1844 3362 1963 3434 comiti
1982 3363 2036 3434 sui
2056 3364 2115 3434 de-

298 3531 427 3594 testent
451 3525 488 3618 ³),
518 3533 551 3596 et
577 3525 606 3594 si
632 3523 826 3606 latrocinia,
855 3523 921 3592 nrt
947 3521 1049 3609 furta,
1079 3522 1133 3592 vel
1160 3524 1265 3617 preda
1291 3523 1364 3616 ipsa
1390 3523 1532 3593 inventa
1558 3520 1700 3608 suerint,
1730 3523 1934 3593 emendetur
1959 3523 2050 3594 iusta
2078 3532 2115 3596 ut

300 3707 420 3754 eorum
446 3693 503 3790 est!
524 3684 591 3769 lex,
621 3686 664 3756 Ut
690 3682 835 3778 populus
864 3682 920 3752 bie
947 3681 1211 3753 advenientibus
1238 3689 1296 3752 aut
1322 3679 1556 3752 habitantibus
1588 3679 1623 3749 in
1649 3701 1734 3772 pace
1761 3680 1877 3751 vibere
1905 3680 2042 3753 valeant
2067 3681 2111 3778 ⁸).

255 3843 304 3916 ne
330 3843 440 3916 servis
467 3853 501 3916 et
528 3843 665 3914 ancillis
691 3841 884 3936 fugacibus,
913 3842 957 3912 Ut
983 3840 1222 3935 unusquisque
1249 3841 1353 3914 iudex
1380 3840 1534 3912 studium
1553 3849 1657 3934 ponat
1676 3840 1718 3911 ad
1737 3838 2006 3934 perquirendum
2025 3842 2115 3916 iusta

303 4013 340 4077 ut
368 4005 523 4078 aedicius
550 4005 717 4088 eontinet,
746 4012 780 4074 et
807 4005 871 4074 boc
890 4003 1010 4074 damus
1028 4003 1063 4073 in
1083 4002 1265 4087 mandatis,
1286 4001 1329 4073 Ut
1348 4007 1415 4070 tarn
1434 3999 1575 4086 austria,
1596 3999 1764 4084 neustria,
1785 4000 1914 4087 emilia,
1930 4011 1966 4073 et
1983 4003 2105 4090 tussia,

300 4193 361 4242 seu
388 4168 489 4240 litora
516 4167 620 4237 maris
647 4169 700 4262 ⁵),
735 4173 773 4236 ut
801 4189 860 4260 per
891 4165 1006 4235 omnia
1038 4163 1281 4258 perquirantur
1314 4161 1566 4255 suprascriptos
1599 4161 1761 4254 fugaces,
1790 4159 1832 4230 Et
1858 4163 1968 4255 capud
1994 4161 2112 4233 locum

260 4435 358 4444 ...ω-.-
409 4436 449 4442 --
478 4434 624 4441 ..--.-..-.-
656 4431 710 4438 ——

293 4612 316 4692 ¹)
337 4613 421 4673 Mur.
445 4612 529 4673 VIII.

292 4759 314 4839 2)
338 4781 353 4816 «
378 4757 524 4822 homines
548 4757 734 4831 credentes,
758 4757 842 4816 idest
864 4755 925 4833 fide
948 4756 1063 4834 dipnos
1088 4778 1116 4814 n.
1141 4756 1235 4836 (Mur.
1261 4755 1306 4815 ib.
1332 4755 1417 4815 Nota
1437 4753 1501 4832 13).

291 4905 314 4986 8)
336 4905 364 4966 Il
386 4907 470 4966 Mur.
497 4906 613 4967 invene
638 4905 669 4965 di
694 4904 860 4968 detestont
876 4905 928 4963 ha:
946 4902 1083 4966 dextras
1104 4901 1195 4974 dent;
1220 4902 1305 4974 cioe,
1330 4918 1422 4962 come
1446 4899 1561 4978 spiege
1584 4896 1674 4959 nella
1688 4899 1772 4960 Nota
1787 4898 1838 4979 ii)
1859 4917 1933 4980 pag.
1951 4899 2023 4972 119,
2042 4907 2112 4963 toc-

253 5052 356 5115 cando
380 5055 466 5116 eolla
488 5054 558 5116 loro
582 5072 677 5114 mano
700 5053 813 5131 quella
836 5051 889 5112 del
914 5056 1022 5122 conte,
1047 5049 1181 5127 giurino
1204 5047 1237 5108 di
1260 5046 1332 5108 dire
1356 5045 1529 5107 laveritis.

295 5202 319 5279 ι)
340 5203 423 5264 Mur.
448 5203 503 5263 tx,

290 5349 313 5429 Β)
337 5373 351 5410 u
375 5349 528 5414 AustrIae
561 5349 715 5411 vocabulo
744 5349 888 5410 Detentus
916 5345 1171 5423 Forojniicnais,
1195 5350 1262 5406 sive
1285 5363 1367 5423 pons
1390 5345 1563 5406 orientatis
1591 5344 1703 5407 Italici
1724 5342 1830 5424 Repni
1853 5343 2101 5422 deoipnnbntnr·

254 5523 269 5557 a
292 5499 468 5564 Ncustriac
489 5517 565 5558 nero
591 5497 809 5558 Occidentalis
827 5515 919 5575 pars,
945 5514 1026 5574 petae
1056 5495 1098 5556 cd
1127 5501 1249 5557 rnontes
1275 5494 1403 5556 Galliae
1426 5494 1643 5556 conterminos
1661 5493 1885 5574 protenditur.
1910 5491 1944 5554 in
1966 5491 2107 5559 AEmilia.
2164 5549 2167 5556 ,

252 5649 378 5710 «Hinc
409 5647 591 5708 notandum
624 5645 738 5706 sottctn
759 5644 916 5704 AEmiiine
943 5649 1073 5721 portem
1097 5642 1243 5719 ntiquom
1268 5640 1379 5703 Cureti
1400 5640 1525 5722 Mopni,
1550 5649 1581 5702 ct
1602 5641 1746 5720 Pippini
1768 5640 1839 5701 eius
1862 5639 1948 5700 Filii
1971 5659 2048 5702 oeno
2069 5607 2108 5702 in

250 5817 264 5852 «
288 5795 404 5857 Italico
427 5793 535 5872 Repno
558 5793 733 5852 contineri.
758 5807 817 5854 seu
838 5789 940 5855 litora
961 5787 1074 5854 maris.
1099 5789 1166 5850 Hoc
1189 5793 1235 5850 eet
1251 5805 1315 5865 per
1336 5805 1429 5850 oront
1458 5788 1601 5867 iipnstici
1631 5789 1743 5863 muris,
1768 5807 1852 5868 qnae
1875 5807 1891 5850 c
1916 5786 2105 5864 Gottinefi-

251 5967 265 6000 u
291 5941 386 6004 nibus
405 5941 618 6021 protenditur
639 5957 739 6018 nsqice
763 5939 805 6000 od
827 5936 907 6016 fines
934 5937 1069 5999 Tucciae
1086 5959 1114 5997 n.
1138 5936 1200 6016 (ct.
1225 5935 1308 5996 Mur.
1333 5952 1406 6016 pag.
1431 5935 1493 5998 tto
1514 5935 1597 5997 Note
1621 5935 1673 6017 16)
1693 5935 1744 6016 17)
1766 5934 1828 6016 18).
