5310 7080
968 575 1378 653 rrrruourrrcus
1766 674 1767 680 Ν
1984 587 2049 656 mr

241 796 310 866 filii
336 797 484 867 iohanni
509 797 737 886 amalfitano,
761 800 853 886 quod
877 801 952 886 ipse
975 802 1149 870 madelmo
1172 805 1290 891 posuit
1313 805 1385 874 fine
1406 823 1469 873 sue
1481 855 1491 893 ,
1523 805 1615 874 sicut
1639 805 1707 892 ipsi
1733 806 1853 874 brebri
1878 807 2097 896 continunt,

241 950 332 1019 illud
356 950 448 1037 quod
471 952 591 1038 posuit
612 952 684 1020 fine
707 970 770 1020 sue
793 956 847 1020 est
862 953 904 1020 de
922 953 1000 1038 ipsa
1023 956 1128 1022 rebus
1150 976 1219 1042 que
1234 957 1302 1024 luit
1319 959 1477 1044 ipsorum
1501 957 1695 1046 rodelghisi
1714 963 1750 1029 et
1765 959 1921 1046 iaquinti
1944 960 1987 1029 dc
2004 960 2094 1030 illud

244 1106 286 1174 de
311 1107 381 1173 iste
407 1106 491 1172 finis
515 1105 558 1172 de
582 1106 651 1191 ipsi
676 1108 797 1174 brebri
821 1108 1105 1196 pastenationis,
1129 1111 1222 1196 quod
1245 1111 1321 1196 ipse
1346 1111 1519 1179 madelmo
1550 1111 1748 1180 declarabit
1778 1112 1861 1179 finis
1885 1131 1949 1182 sue
1962 1164 1972 1200 ,
1994 1116 2025 1182 si
2051 1116 2094 1184 de

247 1260 320 1346 ipse
345 1258 429 1328 finis
453 1279 516 1328 sue
540 1260 672 1347 aliquit
696 1261 910 1350 adbincerit,
934 1263 1092 1339 dibidere
1116 1264 1198 1332 illut
1221 1284 1300 1332 cum
1325 1266 1393 1351 ipsi
1417 1269 1531 1334 mater
1554 1271 1591 1333 et
1613 1265 1687 1332 filio
1713 1268 1753 1334 in
1775 1271 1944 1352 quartam
1965 1272 2094 1355 parte:

243 1413 312 1502 ipsi
334 1417 450 1482 mater
475 1418 511 1482 et
533 1414 608 1481 fflio
629 1415 770 1482 tolleret
792 1415 875 1484 inde
898 1421 1029 1502 quarta
1052 1435 1130 1504 sua,
1147 1419 1183 1483 et
1201 1417 1275 1502 ipse
1292 1417 1465 1485 madelmo
1480 1421 1553 1485 tres
1568 1420 1688 1503 sortis;
1705 1423 1741 1486 et
1756 1419 1786 1486 si
1804 1419 1887 1488 inde
1903 1420 2097 1490 adbincere

245 1584 314 1635 non
338 1569 515 1654 potuerit,
546 1566 684 1634 nullam
714 1567 792 1636 siad
815 1569 890 1654 ipse
914 1569 1087 1636 madelmo
1111 1570 1194 1637 inde
1219 1570 1431 1658 culpabilem
1454 1573 1588 1656 absque
1611 1589 1675 1638 suo
1698 1571 1862 1640 colludio.
1888 1577 1924 1640 et
1948 1573 1991 1640 de
2017 1573 2097 1660 ipsa

243 1723 354 1788 rebus
377 1739 461 1788 vero
484 1721 526 1788 de
550 1721 627 1806 ipso
652 1720 765 1788 locum
790 1722 912 1808 ragitu
935 1701 1096 1808 que'luit
1118 1722 1269 1810 predicti
1293 1723 1471 1809 iaquinti,
1505 1724 1637 1790 abeant
1668 1721 1800 1791 exinde
1824 1723 1899 1810 ipse
1922 1723 2097 1792 madelmo

241 1875 275 1940 et
298 1875 376 1940 eius
400 1875 523 1942 eredes
547 1873 677 1942 exinde
700 1879 775 1942 tres
798 1876 928 1959 sortis,
958 1875 994 1940 et
1018 1874 1086 1959 ipsi
1110 1871 1325 1958 inperatissa
1349 1877 1385 1940 et
1408 1876 1530 1960 petrus
1557 1878 1593 1941 et
1616 1872 1760 1942 illorum
1782 1875 1903 1942 eredes
1926 1878 2093 1961 quartam

241 2031 399 2114 partem,
425 2028 519 2095 sicut
541 2047 650 2114 supra
675 2026 819 2113 legitur.
845 2029 1008 2113 tantum,
1033 2028 1063 2092 si
1089 2027 1289 2094 surrexerit
1319 2027 1480 2112 qualibet
1503 2029 1629 2112 homo,
1652 2028 1715 2113 qui
1740 2047 1802 2114 per
1826 2028 1951 2096 datum
1975 2027 2093 2116 rigale

238 2177 416 2268 genitrice
439 2181 596 2264 ipsorum
619 2176 787 2246 madelmi
812 2179 848 2245 et
872 2177 1111 2264 imperatisse,
1135 2178 1178 2245 de
1203 2181 1281 2264 ipsa
1305 2182 1503 2266 rebusque
1527 2182 1596 2247 suit
1620 2181 1783 2268 predicta
1806 2181 1849 2248 de
1872 2181 1948 2266 ipso
1972 2181 2089 2248 locum

243 2333 382 2420 ragitu,
407 2349 471 2416 per
495 2333 618 2399 ber'am
642 2329 757 2416 legem
780 2328 950 2397 adbincat
972 2333 1140 2414 quartam
1162 2335 1301 2416 partem
1325 2353 1394 2418 que
1417 2333 1485 2401 luit
1500 2334 1613 2420 ipsius
1637 2334 1769 2428 rigale,
1787 2337 1920 2419 absque
1937 2291 2102 2400 colludio

242 2485 354 2572 ipsius
379 2482 546 2552 madelmi
570 2484 625 2552 vel
649 2486 692 2553 de
716 2485 858 2570 credes,
882 2503 952 2552 uon
977 2491 1131 2570 querant
1164 2487 1234 2572 ipsi
1257 2486 1483 2572 imperatissa
1506 2491 1543 2555 et
1566 2491 1689 2573 petrus
1713 2486 1768 2553 vel
1793 2486 1936 2552 illorum
1968 2486 2093 2554 eredes

241 2638 284 2705 de
310 2637 388 2724 ipsa
411 2643 540 2724 quarta
564 2638 656 2724 quod
679 2639 887 2724 perdiderit,
912 2637 1071 2725 qualibet
1094 2639 1298 2723 sortionem;
1315 2643 1368 2705 set
1383 2640 1561 2706 securiter
1587 2640 1662 2726 ipse
1678 2637 1853 2706 madelmo
1868 2641 1903 2705 et
1918 2638 1996 2704 eius
2012 2655 2087 2704 ere-

244 2792 304 2859 des
329 2792 412 2860 inde
426 2810 584 2878 manere3
603 2797 638 2859 et
653 2793 745 2859 sicut
760 2794 856 2859 inter
877 2793 950 2859 illis
966 2791 1191 2877 complacuit,
1209 2809 1270 2876 per
1287 2794 1406 2875 partes
1430 2788 1652 2876 guadiarunt
1676 2809 1714 2856 se
1737 2789 1867 2856 exinde
1885 2789 1953 2876 ipsi
1978 2793 2092 2858 mater

240 2947 275 3012 et
291 2943 400 3028 filius,
427 2961 612 3011 commune
636 2960 810 3010 consensu
837 2947 1031 3028 posuerunt
1061 2942 1254 3009 mediatore
1279 2942 1447 3010 ioannaci
1469 2943 1670 3010 castaldum
1693 2941 1808 3009 filium
1832 2940 2012 3027 quondam
2036 2943 2090 3010 ia-

239 3095 379 3182 quinti‚
403 3100 440 3163 et
464 3097 539 3180 ipse
562 3095 736 3162 madelmo
765 3094 882 3180 posuit
906 3095 1138 3162 mediatorem
1162 3095 1298 3163 adoleri
1323 3095 1420 3162 fllius
1451 3096 1629 3182 quondam
1661 3095 1835 3178 mascini3
1860 3097 1895 3161 et
1918 3113 1980 3181 per
2004 3096 2089 3181 ipsa

239 3249 370 3340 guadia
394 3251 568 3336 obligavit
591 3267 628 3317 se
653 3251 728 3334 ipse
758 3249 932 3316 madelmo
955 3253 991 3316 et
1013 3266 1094 3315 suos
1128 3248 1249 3316 erodes
1272 3249 1370 3314 omni
1401 3257 1558 3334 tempore
1589 3247 1868 3333 permanendum
1902 3247 1940 3313 iu
1966 3247 2091 3314 omnia

241 3404 487 3491 suprascripta
509 3422 572 3488 per
595 3399 789 3488 supradicti
816 3399 984 3466 hordines
1000 3405 1034 3466 et
1050 3403 1206 3486 tenoreS,
1223 3403 1259 3465 et
1275 3419 1338 3486 per
1354 3400 1465 3468 nullis
1481 3401 1593 3467 modis
1609 3403 1764 3485 querant
1781 3400 1864 3466 illut
1882 3399 1935 3465 vel
1954 3399 2086 3466 exinde

241 3559 420 3626 remobere
444 3557 499 3623 vel
521 3558 698 3624 contrare.
724 3556 759 3621 et
783 3555 811 3621 si
835 3547 958 3622 taliter
983 3552 1112 3621 ibidem
1135 3570 1206 3618 non
1226 3551 1478 3638 permanserit,
1495 3552 1551 3619 vel
1576 3553 1618 3620 de
1643 3553 1890 3638 suprascripta
1914 3551 2090 3638 quesierit

242 3713 423 3778 remobere
447 3713 511 3778 aut
525 3713 704 3794 contrare,
720 3713 756 3776 et
771 3707 1040 3792 qualiscumque
1056 3705 1282 3775 causationes
1299 3706 1381 3774 inde
1398 3703 1663 3792 proposuerint,
1679 3709 1765 3771 tunc
1782 3723 1845 3791 per
1860 3705 1939 3792 ipsa
1954 3703 2091 3790 gaudia

244 3885 448 3954 componere
472 3866 646 3954 obligabit
669 3885 705 3933 se
729 3866 803 3950 ipse
830 3863 1005 3932 madelmo
1028 3866 1063 3930 et
1088 3880 1169 3929 suos
1192 3861 1314 3930 eredes
1337 3863 1492 3946 ipsorum
1527 3859 1750 3947 imperatisse
1774 3865 1809 3927 et
1832 3861 1939 3947 petri,
1963 3861 2018 3928 vel
2044 3862 2089 3928 ad

242 4021 382 4087 illorum
405 4019 528 4087 eredes
551 4023 692 4086 centurn
717 4017 799 4086 auri
823 4017 951 4083 solidos
974 4014 1277 4083 constantinianos
1300 4017 1336 4080 et
1359 4011 1398 4077 in
1422 4013 1667 4098 suprascripta
1689 4014 1785 4079 omni
1803 4017 1959 4098 tempore
1976 4011 2037 4080 ille
2053 4015 2089 4078 et

241 4198 321 4248 suos
343 4179 466 4248 eredes
489 4177 640 4246 firmiter
664 4178 915 4263 permanerent
937 4173 975 4238 in
999 4171 1059 4238 illo
1082 4169 1230 4238 hordine
1254 4173 1291 4236 et
1313 4169 1462 4254 tinores,
1486 4169 1579 4236 siout
1601 4187 1710 4254 supra
1736 4168 1880 4252 legitur.
1901 4172 1936 4234 et
1960 4167 2090 4235 taliter

238 4351 301 4419 pro
325 4335 427 4419 parte
452 4331 611 4417 ipsorum
634 4333 752 4397 mater
776 4330 811 4395 et
836 4324 909 4394 lilio
933 4324 1056 4410 scripsi
1081 4341 1147 4410 ego
1171 4329 1291 4410 petrus
1315 4321 1489 4391 notarius.

282 4458 312 4574 †
338 4505 404 4571 ego
426 4483 622 4552 roderisius

286 4609 315 4724 †
340 4654 408 4724 ego
431 4635 493 4723 qui
517 4655 627 4722 supra
650 4635 840 4722 truppoald
864 4633 1006 4701 stolsaiz
1028 4633 1063 4698 et
1087 4647 1213 4696 comes.

1065 5141 1246 5222 DCIII.

1012 5402 1066 5480 Α.
1095 5399 1146 5477 D.
1175 5397 1303 5480 1008.

282 5645 318 5785 †
336 5699 376 5764 ln
390 5699 534 5766 nomine
558 5697 693 5765 domini
710 5713 806 5766 anno
824 5695 993 5763 vicesimo
1010 5693 1236 5780 principatus
1252 5691 1371 5759 domni
1390 5689 1501 5760 nostri
1518 5689 1702 5778 guaimari
1726 5686 1874 5775 gloriosi
1898 5686 2088 5774 principis,

244 5865 360 5918 mense
385 5849 521 5936 iunius,
545 5853 646 5918 sexta
670 5847 877 5917 indictione.
893 5846 1041 5932 Ideoque
1066 5863 1132 5932 ego
1157 5846 1329 5914 iohannes
1345 5842 1442 5911 filius
1458 5843 1636 5930 quondam
1658 5840 1815 5926 iaquinti
1839 5839 1882 5907 de
1906 5839 2089 5908 mitiliano
