5334 7098
969 585 1377 660 lllPLOMATlCUS
1982 587 2049 660 alt

246 812 396 882 iohanni
423 829 617 898 germanus
641 830 740 878 meus
763 811 805 879 16
830 831 904 880 nna
927 816 1029 900 pecia
1051 773 1096 882 16
1117 819 1216 882 16116
1239 833 1320 881 6616
1342 814 1448 882 vinea
1463 821 1499 882 et
1516 817 1669 883 bacuum
1693 834 1764 883 uno
1789 814 1948 884 teniente
1966 814 2004 882 in
2023 815 2101 903 ipsc

247 968 364 1037 locum
389 967 540 1052 selecta,
565 967 627 1035 ubi
651 966 697 1034 ad
721 969 797 1054 ipsa
822 968 929 1054 longa
951 967 1105 1054 dicitur,
1138 968 1200 1054 qui
1233 972 1286 1036 est
1315 969 1392 1054 ipsa
1421 966 1524 1054 pecia
1547 969 1590 1037 (16
1614 973 1713 1037 16116
1736 987 1818 1036 6616
1843 968 1949 1036 vinea
1972 971 2008 1035 et
2039 970 2101 1037 ba-

247 1142 355 1191 cuum
379 1140 443 1208 per
467 1124 532 1190 hec
557 1122 640 1189 finis
664 1125 699 1188 et
722 1139 918 1190 mensuras.
956 1124 1009 1188 Ab
1033 1122 1181 1190 orientis
1204 1123 1275 1189 fine
1299 1121 1383 1207 bia,
1408 1119 1490 1187 inde
1514 1121 1609 1206 passi
1644 1121 1797 1208 triginta
1826 1122 2003 1208 quadtuor
2026 1143 2033 1187 :
2060 1123 2103 1188 de

247 1297 355 1364 super
379 1280 481 1364 parte
505 1277 575 1343 fine
599 1275 772 1344 romoaldi
797 1273 947 1343 castaldi
972 1273 1038 1343 filii
1062 1275 1168 1362 petri,
1185 1282 1221 1344 et
1238 1276 1320 1343 1616
1336 1278 1419 1342 sunt
1442 1275 1536 1364 passi
1562 1275 1692 1363 biginti
1716 1294 1781 1343 sex
1803 1276 1922 1344 minus
1938 1275 2104 1345 cubitum

247 1449 382 1498 unum:
410 1432 440 1498 A
465 1448 550 1516 pars
573 1426 767 1496 occidentis
790 1427 861 1496 fine
886 1426 1000 1515 ipsius
1015 1426 1186 1494 166166111
1201 1427 1367 1512 castaldi,
1385 1428 1478 1514 quod
1493 1432 1659 1514 paratum
1675 1429 1783 1496 habet
1800 1428 1846 1496 da
1861 1430 2007 1498 heredes
2028 1429 2105 1496 ursi

247 1583 449 1670 boccalupi,
474 1585 582 1651 habet
608 1580 690 1650 1616
713 1583 811 1670 passi
834 1581 966 1668 biginti
990 1584 1087 1648 octo:
1113 1582 1161 1647 De
1184 1586 1305 1669 supter
1329 1585 1432 1668 parte
1455 1580 1526 1648 fine
1549 1579 1700 1669 predicti
1724 1579 1896 1649 romoaldi
1925 1581 2104 1669 castaldi,

249 1737 343 1823 quod
367 1739 533 1824 paratum
558 1738 666 1804 habet
689 1735 736 1802 da
760 1737 861 1804 basso
883 1736 960 1803 thio
983 1753 1083 1803 meus
1106 1733 1179 1801 1116
1203 1732 2102 1822 16666611,6116(166661661611116161661161116

248 1910 392 1977 passum
417 1890 554 1958 bomini
577 1894 847 1959 mensuratum:
873 1889 971 1958 infra
996 1886 1064 1957 iste
1088 1889 1170 1956 finis
1192 1900 1228 1956 61
1250 1887 1442 1955 mensuriis
1465 1892 1517 1956 est
1540 1885 1622 1956 1616
1646 1889 1887 1974 pertinentem
1910 1888 1998 1956 mihi
2017 1907 2099 1956 mea

249 2046 464 2132 sartionem,
490 2044 596 2130 quale
621 2043 761 2132 legibus
785 2044 972 2112 succedere
995 2045 1104 2112 debeo
1128 2046 1174 2111 ab
1199 2043 1274 2130 ipsc
1298 2042 1439 2128 genitur
1470 2046 1506 2110 61
1529 2042 1710 2129 genetrice
1734 2062 1832 2130 mea,
1858 2049 1893 2111 et
1920 2044 2106 2130 pertinen-

249 2203 320 2268 tem
344 2204 398 2268 est
422 2200 511 2268 mihi
536 2199 667 2268 exinde
693 2201 821 2269 inclita
844 2200 1035 2268 sortionem
1059 2198 1171 2288 ipsius
1194 2200 1343 2267 iohanni
1366 2216 1561 2284 germanus
1585 2217 1684 2265 meus
1708 2216 1771 2284 per
1795 2197 1918 2267 datum
1937 2199 2050 2286 illius,
2069 2202 2106 2268 et

249 2355 324 2440 ipsc
348 2354 438 2422 mele
461 2358 570 2423 habet
592 2355 642 2422 ibi
666 2375 732 2425 sua
755 2355 948 2424 sortionem
971 2356 1063 2442 quod
1087 2359 1141 2422 est
1164 2353 1387 2421 nominatibe
1411 2352 1506 2420 inter
1531 2371 1587 2420 me
1611 2357 1647 2420 et
1669 2351 1787 2437 ipsum
1805 2353 1977 2421 iohannes
1994 2357 2030 2422 et
2046 2354 2103 2440 ip·

249 2529 326 2576 sum
350 2508 440 2576 mele
464 2508 628 2594 legibus:
655 2507 698 2575 16
721 2507 799 2595 ipsa
821 2507 923 2594 pccia
947 2526 1010 2593 per
1033 2504 1236 2592 supradicte
1261 2503 1343 2572 finis
1368 2511 1404 2573 et
1428 2504 1620 2574 mensuriis
1645 2503 1814 2572 successit
1837 2508 1970 2573 habere
1985 2505 2028 2573 de
2044 2507 2107 2574 16-

251 2679 327 2726 6661
353 2659 572 2727 sertionibus
594 2665 668 2728 tres
690 2659 878 2744 sorticnes,
903 2663 939 2725 et
962 2675 1160 2744 congruum
1183 2663 1237 2726 est
1261 2656 1349 2724 milri
1375 2661 1446 2725 1616
1470 2657 1547 2744 ipse
1571 2658 1688 2726 tribus
1712 2658 1930 2726 sortionibus
1952 2677 2102 2726 venum·

250 2813 336 2881 dare
362 2813 475 2899 ipsius
498 2813 670 2882 romoaldi
694 2812 856 2881 castaldi.
882 2813 1021 2881 Interea
1045 2829 1110 2898 ego
1133 2811 1339 2880 nominatus
1361 2813 1534 2899 roderisi,
1559 2813 1652 2881 sicut
1675 2810 1765 2882 mihi
1795 2830 1994 2900 congruum
2025 2818 2106 2899 est,

148 3001 151 3006 .
251 2985 314 3054 per
338 2969 432 3036 hanc
456 2966 631 3037 cartulam
655 2969 693 3034 in
717 2987 818 3037 sacro
841 2967 1061 3036 salernitano
1084 2966 1219 3052 palatio
1243 2969 1326 3034 ante
1349 2965 1539 3052 subscripti
1563 2965 1709 3050 ydoneis
1731 2965 1935 3034 hominibus
1952 2985 2103 3035 venum-

250 3121 395 3204 damus,
419 3127 527 3208 atque
550 3121 594 3190 ad
618 3140 754 3208 semper
778 3085 981 3188 babendum
1005 3120 1256 3187 confirmamus
1280 3119 1346 3187 tivi
1370 3118 1572 3204 supradicto
1596 3121 1769 3188 1611166111
1793 3120 1949 3190 castaldo
1973 3121 2016 3188 (16
2041 3125 2102 3194 16-

252 3295 330 3344 6616
355 3277 463 3345 sortis
485 3281 559 3344 tres
582 3276 689 3344 sertis
713 3277 755 3344 de
779 3277 856 3362 ipsa
880 3277 980 3362 pecie
1004 3276 1047 3344 de
1070 3279 1169 3344 terra
1194 3295 1275 3342 cum
1298 3277 1404 3345 vinea
1428 3283 1463 3345 61
1487 3280 1640 3345 bacuum
1664 3279 1762 3347 infra
1790 3280 1995 3368 supradicte
2020 3283 2106 3351 finis

252 3434 288 3498 61
310 3431 518 3516 1666161116,
541 3450 581 3498 66
606 3435 659 3498 est
683 3429 810 3498 inclita
834 3430 988 3497 sortione
1013 3449 1104 3516 mea,
1129 3433 1165 3496 61
1189 3429 1316 3499 1661116
1340 3433 1498 3501 sortione
1524 3431 1637 3519 ipsius
1660 3433 1756 3520 meli,
1781 3439 1816 3502 et
1840 3437 2034 3504 sortionem
2051 3441 2105 3524 ip-

253 3585 326 3653 sius
350 3587 496 3655 iohanni
521 3585 703 3673 germanis
723 3587 828 3671 16616,
853 3604 934 3652 6661
958 3585 1079 3651 616616
1103 3583 1199 3650 16116
1215 3603 1252 3651 se
1267 3586 1485 3653 habentibus
1508 3586 1743 3673 omnibusque
1766 3589 1841 3656 suis
1857 3589 2103 3678 pertinentiis

252 3744 392 3807 etcum
416 3739 557 3806 116616
583 3739 782 3824 biascam,
808 3739 860 3804 Ad
885 3740 1058 3806 securiter
1082 3741 1119 3802 61
1142 3738 1296 3805 firmiter
1319 3739 1444 3806 amodo
1468 3744 1503 3806 et
1525 3757 1663 3825 semper
1691 3743 1728 3808 tu
1751 3741 1931 3827 predictus
1956 3745 2109 3812 romoal-

253 3895 330 3980 dus,
355 3898 390 3961 61
413 3893 471 3960 661
496 3911 559 3978 per
582 3897 617 3960 tc
641 3891 764 3959 datum
787 3892 952 3977 paruerit
975 3897 1011 3959 61
1033 3892 1161 3959 vestris
1184 3890 1387 3978 heredibus,
1413 3897 1449 3960 et
1472 3894 1531 3960 cui
1556 3894 1699 3963 cartula
1722 3894 1794 3963 ista
1817 3898 1855 3960 in
1872 3915 2018 3964 manum
2043 3919 2108 3985 pa·

252 4048 379 4134 ruerit,
406 4047 486 4114 illut
510 4047 724 4133 babendum,
749 4045 1019 4134 dominandum,
1044 4043 1317 4134 possidendum,
1341 4046 1463 4114 omnia
1488 4046 1617 4114 exinde
1642 4048 1844 4117 1661661616
1869 4053 1962 4138 qucd
1986 4054 2105 4124 volue-
2204 4099 2207 4108 ·

253 4204 347 4288 ritis3
373 4209 408 4270 61
432 4220 494 4288 pro
518 4202 799 4270 confirmandam
822 4209 857 4268 61
881 4201 1170 4270 stabiliscendam
1193 4203 1288 4270 hanc
1311 4207 1470 4272 nostram
1494 4205 1725 4273 vinditionem
1742 4207 1864 4274 statim
1881 4228 1903 4276 6
1920 4213 2108 4299 161666111-

253 4375 331 4424 mus
356 4357 486 4425 exinde
511 4375 574 4464 sex
599 4356 679 4423 auri
704 4355 775 4424 tari
800 4355 897 4442 boni,
921 4357 1015 4423 sicut
1039 4357 1134 4424 inter
1158 4373 1221 4422 nos
1245 4358 1413 4425 conbenit
1435 4358 1474 4424 in
1490 4359 1606 4425 omnis
1630 4359 1908 4430 deliveratione:
1933 4363 2106 4450 finitoque

253 4511 412 4596 pretium
438 4512 555 4596 ipsum
581 4514 669 4604 aput
694 4527 758 4577 nos
781 4529 823 4579 ea
846 4510 1002 4597 ratione,
1019 4529 1082 4596 per
1098 4512 1191 4578 bona
1214 4511 1500 4579 conbenientiam
1525 4511 2104 4600 66611666661611616616161111

253 4664 315 4731 tivi
342 4663 508 4733 iamdicto
532 4663 703 4732 romoaldi
728 4665 883 4734 castaldo
907 4664 1002 4751 dedi,
1026 4668 1062 4731 et
1085 4663 1316 4733 mediatorem
1340 4664 1406 4732 tivi
1429 4665 1533 4752 posui
1558 4684 1613 4732 me
1638 4666 1767 4753 ipsum,
1792 4672 1828 4736 et
1843 4688 1906 4756 per
1922 4673 2001 4758 ipsa
2017 4693 2109 4760 gua·
2203 4719 2208 4728 .

251 4819 310 4886 dia
332 4822 395 4886 etc.
422 4821 571 4887 statuta
594 4822 728 4888 6111616
751 4821 866 4889 decem
890 4822 976 4886 61111·
1000 4820 1195 4886 solidorum
1217 4820 1606 4888 666116611616661661.
1625 4824 1661 4887 61
1678 4821 1803 4890 1611161
1821 4825 1976 4894 scribere
2000 4845 2109 4914 roga·

250 4971 365 5038 rimus
389 4975 423 5038 16
447 4973 643 5059 myrandus
666 4973 841 5059 notarim,
867 4979 985 5042 actum
1011 4972 1169 5042 salerne.

295 5095 325 5212 †
351 5125 426 5213 Ego
449 5131 571 5213 petrus
596 5129 759 5196 notarius
782 5145 837 5195 166
861 5125 1054 5213 subscripsi

296 5251 326 5368 †
352 5282 426 5368 Ego
451 5281 599 5351 ioannes
622 5299 679 5348 166
702 5280 913 5367 subscripsi,

298 5441 328 5503 A
355 5437 582 5524 tcrpcbcius
604 5437 931 5521 6161166166111111

296 5590 517 5677 grimoaldus
540 5589 637 5658 filius
661 5589 828 5658 iohannis
852 5567 1063 5659 benumdedi
1088 5592 1176 5659 mibi
1202 5611 1275 5661 una
1298 5591 1457 5662 clusuria
1481 5593 1523 5662 de
1549 5601 1647 5664 terra
1670 5615 1751 5663 cum
1773 5595 1880 5664 binea
1897 5600 1932 5664 et
1949 5597 2102 5664 bacuum

250 5743 289 5808 in
313 5743 426 5812 locum
450 5743 578 5812 selecta
601 5745 699 5814 inira
721 5747 788 5812 hec
812 5744 894 5812 finis
919 5747 955 5812 et
977 5746 1170 5814 mensurie:
1195 5747 1237 5814 de
1262 5765 1335 5816 una
1357 5755 1459 5836 parte
1475 5749 1546 5818 line
1562 5749 1746 5818 sicbenoltl
1762 5747 1899 5834 clerici,
1916 5750 2010 5817 sicut
2028 5767 2101 5818 me·

250 5894 311 5964 dia
337 5915 418 5984 sepe
442 5879 627 5985 discernit,
652 5897 735 5968 inde
758 5900 852 5985 passi
877 5899 978 5968 LVI:
1004 5899 1053 5967 16
1069 5899 1143 5969 alia
1166 5905 1268 5986 parte
1291 5899 1362 5970 166
1378 5902 1542 5991 landold,
1560 5903 1642 5972 inde
1659 5903 1752 5990 passi
1770 5902 1832 5973 alii
1850 5904 1950 5972 LVI:
1967 5903 2011 5974 de
2028 5903 2102 5975 alia

440 6056 510 6113 1611.
531 6069 567 6111 rr.
1871 6060 1908 6117 28
