5376 7104
995 562 1399 633 ulpius-mulctis
2005 557 2075 629 933

270 813 352 861 nem
376 814 398 860 a
421 811 506 878 pars
531 792 644 878 ipsius
669 788 827 878 genitori
851 805 943 875 meo,
957 793 993 858 et
1008 806 1206 875 congruum
1222 792 1276 855 est
1291 786 1393 854 nobis
1417 785 1616 852 comuniter
1631 785 1760 854 exinde
1783 786 1916 856 donare
1932 789 2122 875 grimoaldi

272 951 425 1034 cognato
452 951 488 1013 et
510 945 587 1014 thio
612 946 732 1010 nostro
757 961 829 1012 una
853 942 989 1030 peciola
1013 942 1055 1009 de
1080 946 1178 1010 terra
1201 961 1282 1009 cum
1307 940 1533 1026 aliquantum
1556 945 1783 1026 pastenatum
1806 943 1849 1010 de
1872 943 2043 1012 iamdicto
2075 945 2123 1012 lo·

272 1120 354 1168 cum
376 1100 584 1183 domanam,
610 1098 670 1164 ubi
696 1097 824 1165 inserti
851 1097 896 1166 da
920 1097 1095 1182 presbiter
1119 1096 1250 1163 dicitur
1275 1099 1310 1163 et
1334 1095 1379 1161 ad
1402 1096 1491 1162 caba
1519 1099 1678 1163 vocatur.
1705 1099 1749 1165 Et
1772 1097 1873 1184 ideo,
1898 1099 1992 1165 sicut
2020 1101 2123 1167 nobis

273 1272 470 1340 congruum
494 1255 573 1337 est,
598 1254 688 1318 bone
711 1250 843 1318 etenim
867 1253 988 1318 nostre
1011 1250 1205 1317 voluntatis
1229 1253 1314 1316 ante
1337 1250 1518 1333 presentia
1542 1248 1697 1317 mirandi
1723 1249 1833 1318 iudici
1866 1255 1902 1319 et
1924 1251 1989 1319 alii
2014 1257 2126 1321 testes

273 1411 454 1494 perhanc
478 1407 654 1482 cartulam
678 1406 914 1474 unianimiter
938 1406 1088 1492 parique
1112 1422 1335 1490 consensum,
1358 1407 1479 1471 tamon
1495 1421 1561 1489 ego
1577 1421 1646 1488 que
1670 1421 1778 1489 supra
1802 1404 1931 1473 mulier
1954 1425 2017 1492 per
2043 1425 2127 1476 con-

274 1551 417 1628 sensum
442 1567 477 1630 et
500 1561 719 1628 uoluntatem
744 1561 850 1627 istius
873 1558 966 1628 mari
983 1558 1078 1636 tilius
1102 1557 1389 1645 incommunius
1413 1555 1599 1624 mundium
1616 1575 1671 1624 me
1687 1557 1898 1642 palamsacio
1921 1560 2122 1648 subiacere,

275 1714 450 1782 (donamus
474 1713 590 1799 adque
614 1713 659 1780 ad
683 1729 820 1798 semper
843 1711 1045 1779 habendum
1069 1710 1357 1778 confirmavimus
1387 1711 1452 1778 tibi
1475 1712 1537 1796 qui
1561 1730 1670 1798 supra
1693 1713 1885 1804 grimoaldi
1908 1718 2060 1799 cognato
2091 1721 2128 1784 et

275 1869 353 1934 tbio
376 1869 498 1934 nostro
522 1866 650 1932 inclita
674 1865 753 1950 ipsa
777 1862 963 1932 nominata
986 1865 1087 1950 pecia
1109 1865 1152 1932 de
1175 1868 1273 1933 terra
1296 1885 1359 1950 per
1384 1868 1448 1931 bec
1464 1866 1547 1932 finis
1564 1870 1600 1933 ct
1616 1869 1809 1934 mensurie:
1829 1887 1851 1934 a
1868 1885 1950 1952 pars
1979 1868 2131 1936 orientis

277 2020 348 2088 fine
374 2020 446 2105 via,
471 2019 554 2087 inde
578 2021 663 2086 sunt
686 2019 782 2105 passi
807 2017 1062 2104 quadraginta:
1080 2039 1102 2087 a
1119 2039 1202 2105 pars
1217 2019 1366 2088 meridie
1383 2021 1453 2087 fine
1469 2021 1511 2088 de
1535 2021 1759 2088 consortibus
1782 2021 1924 2108 vestris,
1941 2026 2026 2090 sunt
2042 2024 2126 2090 inde
2201 2046 2203 2050 ·

277 2173 375 2259 passi
400 2172 668 2260 quinquaginta
684 2193 760 2240 sex:
779 2174 825 2240 ab
849 2171 1030 2240 occidente
1047 2173 1117 2238 fine
1133 2170 1302 2240 similiter
1317 2173 1360 2240 de
1375 2173 1597 2241 consortibus
1619 2176 1762 2260 uestris,
1775 2181 1811 2242 et
1826 2175 1910 2242 inde
1927 2179 2011 2243 sunt
2027 2177 2125 2262 passi

282 2329 417 2418 uiginti
443 2333 558 2398 hocto:
585 2351 607 2397 a
629 2327 892 2415 septemtrionis
916 2328 986 2394 fine
1009 2326 1174 2406 similiter
1190 2329 1260 2395 tine
1284 2333 1406 2396 nostra
1422 2333 1458 2396 ct
1474 2330 1517 2397 de
1532 2331 1766 2398 consortibus·
1778 2330 1926 2418 nostris,
1943 2335 2029 2398 sunt
2045 2331 2130 2399 inde

272 2485 375 2576 passi
401 2483 466 2552 alii
490 2481 772 2568 quinquaginta,
796 2484 907 2548 totum
931 2480 976 2548 ad
1007 2482 1099 2547 iusto
1129 2500 1271 2568 passum
1300 2482 1435 2549 homini
1465 2488 1731 2570 mensuratum3
1765 2488 1830 2551 bec
1855 2501 1937 2552 vero
1962 2484 2129 2570 predicta

281 2637 383 2724 pecia
406 2637 449 2704 de
472 2641 572 2703 terra
595 2654 657 2721 per
681 2635 848 2703 iamdicte
872 2634 954 2701 finis
976 2638 1012 2700 et
1034 2635 1225 2721 mensurio,
1250 2654 1330 2702 cum
1353 2637 1475 2704 omnia
1497 2637 1594 2706 infra
1618 2658 1655 2707 sc
1679 2639 1867 2708 abentibus
1890 2644 1926 2707 et
1949 2627 2023 2705 suis
2048 2658 2133 2724 per-

283 2791 459 2878 tinentiiS,
482 2797 518 2859 ct
541 2810 621 2857 cum
644 2791 721 2857 uice
745 2791 787 2856 de
811 2790 870 2857 via
893 2809 971 2875 sua,
997 2788 1095 2857 illam
1122 2789 1186 2857 tibi
1210 2791 1272 2875 qui
1297 2807 1406 2876 supra
1429 2791 1619 2876 grimoaldi
1642 2790 1867 2879 donavimuS,
1891 2793 1937 2861 ad
1953 2792 2135 2862 securiter

177 2997 180 3002 .
282 2951 318 3014 ct
339 2945 489 3014 firmiter
513 2945 637 3013 amodo
660 2949 696 3012 et
718 2963 855 3029 semper
878 2948 917 3010 tu
941 2945 1065 3028 tuique
1099 2943 1309 3029 heredibuS‚
1340 2949 1375 3012 et
1397 2943 1456 3011 cui
1480 2946 1620 3013 cartula
1644 2945 1714 3013 ista
1737 2947 1814 3013 vice
1846 2951 1966 3014 uestra
1990 2947 2030 3014 in
2053 2967 2133 3016 ma·

282 3119 371 3167 num
394 3101 578 3186 paruerit,
603 3117 661 3166 eos
684 3099 880 3184 abundum,
904 3095 1170 3183 possidendum,
1194 3096 1470 3182 dominandum,
1494 3096 1613 3166 omnia
1643 3097 1773 3166 exinde
1805 3099 2007 3167 faciendum
2033 3101 2130 3186 quod

283 3254 480 3340 volueritis
504 3256 635 3339 absque
659 3253 755 3320 omni
780 3249 1034 3320 contrarietate
1057 3255 1204 3336 nostra,
1229 3250 1282 3318 vel
1307 3252 1350 3320 de
1374 3251 1507 3319 nostris
1530 3253 1744 3339 heredibus,
1769 3257 1834 3320 aut
1858 3252 1990 3338 cuiqua
2014 3256 2133 3322 bomi-

283 3409 401 3477 nibus,
424 3409 523 3479 Unde
554 3427 618 3495 pro
647 3407 925 3477 confirmandam
955 3411 991 3475 et
1022 3406 1307 3474 steriliscendam
1333 3409 1426 3474 hano
1450 3411 1609 3475 nostram
1633 3405 1858 3475 donationem
1882 3405 1988 3476 iuxta
2010 3409 2130 3496 legem

283 3565 461 3652 launegilt
487 3569 560 3634 ate
576 3563 705 3633 exinde
727 3563 924 3650 recepimus
940 3561 977 3628 in
993 3562 1191 3628 comuniter
1212 3565 1338 3629 nobem
1362 3563 1443 3630 auri
1465 3560 1536 3629 tari
1561 3561 1643 3626 boni
1667 3561 1706 3627 in
1721 3559 1837 3627 omnis
1860 3560 2135 3650 deliveratione,

285 3721 380 3788 sicut
400 3721 494 3788 inter
513 3720 615 3786 nobis
628 3719 819 3803 combenit;
831 3717 874 3786 de
897 3735 968 3801 qua
990 3735 1055 3784 nos
1078 3715 1275 3802 supradicti
1292 3716 1402 3784 sanda
1416 3717 1453 3781 et
1468 3713 1574 3799 mari,
1592 3715 1708 3780 mater
1724 3712 1885 3799 attilius,
1902 3713 2137 3792 unianimiter

285 3893 351 3959 per
375 3876 469 3942 bona
491 3870 751 3941 combenientia
774 3870 908 3958 guadia
931 3871 997 3938 tibi
1013 3869 1074 3956 qui
1092 3888 1202 3956 supra
1225 3866 1414 3956 grimoaldi
1440 3865 1611 3951 dedimuS,
1628 3871 1664 3934 et
1679 3866 1913 3935 mediatorem
1935 3867 2001 3936 tibi
2018 3871 2139 3955 posui-

285 4045 365 4095 mus
388 4031 509 4113 petrus
531 4026 626 4094 filius
649 4025 805 4111 jaquinti
829 4024 1033 4111 presbiteri;
1049 4026 1085 4091 et
1100 4041 1163 4110 per
1180 4024 1259 4108 ipsa
1275 4022 1409 4110 guadia
1422 4025 1487 4092 ctc.
1502 4023 1670 4106 Sequitur
1685 4027 1852 4091 consucta
1868 4025 2044 4110 formato,
2061 4028 2139 4093 sta·

290 4185 371 4248 tata
394 4183 528 4250 arricta
551 4184 710 4268 triptota
732 4181 820 4246 arr-ri
842 4181 1037 4248 solidorum
1058 4179 1460 4246 coartantirciaaoranc:
1486 4180 1523 4243 et
1546 4175 1669 4244 taliter
1696 4177 1853 4246 scribere
1878 4178 2082 4266 rogavimus
2105 4182 2144 4248 te

287 4338 463 4408 iohannes
487 4333 637 4404 clericus
660 4339 697 4403 et
720 4335 896 4419 notarius,
920 4335 1025 4400 hacto
1049 4331 1131 4398 uius
1153 4331 1311 4400 nucerio.

335 4465 366 4580 †
391 4511 456 4582 ego
478 4493 541 4579 qui
565 4509 674 4578 supra
697 4487 883 4557 mirandus
907 4487 1017 4556 iudex

335 4618 367 4734 †
392 4665 457 4735 ego
480 4650 624 4715 amatus

337 4772 368 4888 †
393 4818 459 4888 ego
482 4797 735 4869 machenolfus.
