5334 7098
596 519 662 588 llo
1229 514 1401 585 (101)le
1440 513 1706 587 (revulsis

552 743 714 830 partibus
739 742 851 830 ipsius
874 739 1032 827 cappelle
1056 739 1233 808 antistare
1258 745 1294 809 et
1317 740 1501 810 defensare
1526 741 1668 810 illorum
1691 747 1727 811 et
1752 745 1798 812 ad
1824 743 1969 812 illorum
1999 745 2146 814 heredes
2174 749 2247 816 tota
2272 764 2394 833 supra-

550 895 647 964 dicta
671 895 885 964 tradictione
908 911 990 961 cum
1014 893 1089 961 vice
1111 893 1155 961 de
1180 891 1237 960 bie
1260 912 1322 962 sue
1338 893 1383 962 da
1398 911 1519 962 omnes
1536 894 1699 964 homines
1722 897 1888 982 omnique
1911 898 2089 986 partibus,
2112 902 2149 966 et
2173 915 2245 964 nou
2268 917 2393 984 quera·

551 1067 630 1116 mus
653 1055 761 1119 antea
786 1049 868 1118 illut
889 1049 943 1116 eis
966 1048 1090 1116 tollere
1113 1051 1176 1118 aut
1197 1051 1373 1118 contrare.
1391 1047 1490 1116 Unde
1507 1047 1546 1114 iu
1561 1066 1602 1116 eo
1619 1049 1769 1118 hordine
1792 1069 1854 1137 per
1879 1052 1972 1120 bona
1995 1049 2284 1120 conbenientiam
2308 1072 2395 1141 gua-

549 1202 610 1272 dia
634 1203 723 1270 mihi
747 1203 816 1290 ipsi
841 1207 942 1290 pater
966 1206 1003 1271 et
1025 1202 1111 1271 filiis
1134 1203 1322 1292 dederunt,
1348 1207 1384 1270 et
1406 1201 1639 1272 mediatorem
1671 1203 1759 1270 mihi
1791 1209 1986 1289 posuerunt
2015 1208 2136 1290 petrus
2166 1205 2263 1272 lilius
2287 1223 2396 1292 quon-

408 1397 413 1408 ·
548 1358 631 1425 dam
655 1359 768 1442 racci3
792 1363 829 1426 et
851 1377 914 1444 per
937 1358 1061 1426 eadem
1084 1357 1219 1444 guadia
1243 1356 1493 1446 obligaberunt
1518 1376 1555 1426 se
1579 1361 1615 1428 et
1638 1359 1713 1426 suis
1737 1359 1913 1445 eredibus,
1939 1364 1979 1426 ut
2002 1359 2032 1426 si
2050 1357 2173 1428 taliter
2197 1359 2319 1428 omnia
2342 1379 2397 1429 su-

551 1513 755 1599 prascripta
776 1513 879 1580 nobis
902 1513 957 1580 vel
981 1514 1021 1580 in
1044 1533 1129 1600 pars
1153 1515 1266 1598 ipsius
1289 1511 1448 1598 cappella
1465 1529 1537 1579 non
1555 1511 1806 1599 adimpleberit
1820 1517 1857 1579 et
1872 1511 2003 1598 aliquit
2026 1512 2109 1581 inde
2125 1514 2398 1599 contradixerit,

547 1685 610 1751 per
634 1667 712 1753 ipsa
736 1667 872 1754 guadia
895 1685 1103 1753 componere
1127 1667 1379 1754 obligaberunt
1403 1671 1499 1734 seer
1522 1665 1596 1735 suis
1619 1666 1785 1736 eredibus
1808 1668 1910 1734 nobis
1945 1667 1997 1734 vel
2031 1667 2069 1733 in
2093 1670 2256 1755 partibus
2281 1668 2395 1755 ipsius

478 1886 483 1896 ,
546 1823 704 1909 cappello
728 1821 993 1910 quinquaginta
1016 1823 1098 1891 auri
1121 1821 1249 1892 solidos
1272 1822 1599 1892 constantinianus.
1614 1822 1872 1889 Verumtamen
1890 1823 1956 1888 hoc
1973 1839 2222 1908 memoramus
2239 1841 2310 1908 que
2325 1822 2398 1908 pla-

425 1973 431 1982 '
546 1977 622 2043 cuit
645 1975 739 2044 inter
763 1977 878 2064 nobis,
903 1983 942 2045 ut
966 1979 1041 2064 ipso
1064 1978 1271 2046 camiletum
1295 1979 1428 2046 faceret
1448 1975 1665 2044 solummodo
1682 1974 1721 2040 in
1738 1974 1815 2062 ipsa
1837 1981 1936 2044 terra
1961 1994 2042 2042 cum
2065 1978 2251 2044 arbustum
2277 1977 2316 2043 in
2333 1995 2401 2042 uno

548 2135 622 2198 loco
645 2137 681 2199 et
704 2149 785 2198 eum
811 2130 946 2200 cultare
971 2135 1007 2198 et
1030 2132 1238 2216 hoperaret,
1261 2130 1354 2197 sicut
1378 2128 1571 2216 meruerit,
1595 2134 1632 2198 et
1655 2129 1866 2200 cannietum
1891 2129 2008 2217 ipsum
2032 2131 2172 2199 salbum
2195 2131 2290 2199 omni
2316 2135 2400 2199 tem-

548 2303 633 2372 pore
657 2285 831 2367 lacerent,
856 2288 892 2351 et
914 2282 1121 2353 annualiter
1145 2282 1240 2350 omni
1265 2287 1423 2370 tempore
1448 2287 1582 2353 laceret
1607 2286 1697 2354 scire
1714 2303 1798 2373 pars
1820 2287 1934 2374 ipsius
1956 2287 2115 2374 cappelle
2138 2293 2174 2354 et
2197 2287 2268 2354 illis
2288 2291 2397 2354 totum

549 2442 622 2526 ipse
645 2438 851 2506 cannietum
867 2437 1062 2523 abscidere,
1080 2441 1115 2504 et
1130 2455 1192 2522 per
1209 2438 1433 2508 medietatem
1450 2439 1532 2506 illut
1556 2441 1652 2510 inter
1668 2458 1732 2507 nos
1748 2439 1960 2509 dividamus:
1986 2461 2070 2528 pars
2096 2439 2208 2528 ipsius
2232 2440 2394 2526 cappelle

548 2591 658 2662 lollad
681 2590 740 2660 ille
757 2593 994 2679 medietatem,
1011 2597 1047 2660 et
1063 2591 1136 2658 illis
1154 2597 1191 2658 et
1209 2591 1284 2659 suis
1300 2592 1464 2660 eredibus
1488 2593 1728 2678 medietatem,
1747 2613 1809 2680 per
1825 2597 1945 2679 partes
1969 2593 2171 2663 faciendum
2195 2593 2280 2661 inde
2304 2593 2393 2678 quod

547 2747 777 2833 voluerimuS,
801 2747 893 2814 etde
912 2749 985 2832 ipso
1008 2747 1133 2813 viuum
1157 2751 1193 2813 et
1218 2745 1330 2832 pomis
1354 2747 1446 2832 quod
1469 2745 1642 2832 diximuS,
1667 2745 1831 2832 superius
1855 2745 1980 2814 tollere
2005 2746 2244 2833 medietatem,
2268 2753 2307 2814 et
2332 2745 2401 2811 illis

548 2900 789 2986 medietatem3
815 2915 925 2985 usque
952 2899 1020 2986 ipsi
1044 2919 1108 2967 sex
1132 2901 1221 2966 anni
1245 2899 1289 2965 de
1306 2899 1385 2986 ipsa
1411 2898 1518 2967 vinea
1541 2899 1676 2986 placuit
1701 2901 1794 2968 inter
1818 2899 1935 2986 nobie,
1962 2905 2002 2966 ut
2026 2901 2233 2969 annualiter
2255 2902 2302 2968 de
2325 2902 2400 2968 rin-

547 3053 675 3140 demie,
701 3058 740 3122 ut
763 3053 921 3122 diximus
944 3053 1076 3122 iaceret
1099 3071 1162 3119 nos
1187 3055 1241 3120 vel
1264 3055 1428 3140 partibus
1453 3055 1565 3140 ipsius
1589 3051 1736 3121 ecclesie
1760 3053 1873 3139 seire,
1899 3059 1939 3120 ut
1959 3054 2007 3120 ibi
2029 3071 2235 3140 pergamuS,
2260 3059 2328 3121 aut
2351 3053 2401 3120 di-

546 3211 707 3296 rigamus
731 3207 879 3276 missum
904 3213 1077 3292 nostrum,
1102 3212 1138 3274 et
1161 3207 1275 3272 omnis
1299 3206 1423 3272 vinum
1439 3210 1474 3273 et
1490 3206 1601 3292 pomis
1623 3207 1717 3292 quod
1740 3207 1822 3275 inde
1847 3209 1996 3293 exierit,
2018 3209 2057 3275 in
2083 3206 2226 3276 tertiam
2250 3227 2337 3293 pars
2361 3209 2401 3275 il-

549 3362 609 3430 lud
633 3361 847 3431 dividamus:
874 3381 958 3448 pars
982 3361 1095 3447 ipsius
1119 3362 1266 3429 ecclesie
1291 3361 1400 3430 tollad
1419 3361 1508 3428 inde
1532 3362 1681 3428 tertiam
1697 3379 1796 3446 pars,
1811 3364 1847 3428 et
1871 3359 1943 3426 illis
1966 3359 2034 3428 due
2060 3360 2178 3446 sortis,
2203 3361 2307 3428 etde
2331 3363 2404 3448 ipso

548 3518 735 3584 arbustum
759 3515 897 3584 nullam
922 3515 1023 3582 nobis
1050 3515 1134 3583 dare
1158 3531 1270 3600 usque
1295 3513 1370 3598 ipso
1394 3513 1627 3580 constitutum
1661 3519 1782 3599 preter
1805 3514 1881 3602 ipso
1905 3475 2115 3583 terraticum
2139 3534 2202 3601 per
2228 3515 2401 3585 iamdicta

547 3670 681 3756 guadia
703 3675 741 3740 et
764 3671 922 3757 obligata
947 3688 1090 3756 penam,
1114 3675 1149 3738 et
1173 3687 1241 3735 unc
1268 3670 1409 3736 brebem
1433 3665 1561 3753 scripsi
1585 3685 1651 3753 ego
1675 3667 1860 3736 mirandus
1884 3668 2046 3734 notarius
2070 3668 2131 3754 qui
2158 3669 2339 3738 interluit.

590 3797 620 3913 †
646 3827 721 3912 Ego
744 3823 972 3892 theodericus
995 3842 1050 3889 me
1075 3820 1268 3907 subscripsi

590 3941 620 4067 †
646 3981 721 4067 Ego
744 3983 866 4064 petrus
890 3975 1052 4046 notarius
1076 3995 1131 4044 me
1155 3977 1362 4062 subscripsi.

1336 4527 1598 4608 DCXXII.

1319 4791 1374 4866 A.
1404 4789 1454 4864 D.
1485 4787 1613 4868 1009.

587 4996 685 5136 †ln
710 5048 853 5116 nomine
875 5048 1008 5115 domini
1034 5047 1201 5116 bicesimo
1227 5050 1341 5134 primo
1364 5067 1459 5117 anno
1484 5049 1709 5137 principatus
1740 5051 1860 5118 domni
1894 5049 2005 5117 nostri
2032 5047 2215 5136 guaimari
2246 5049 2393 5136 gloriosi

539 5201 728 5288 principis,
752 5219 872 5269 mense
896 5204 1109 5288 september,
1133 5205 1261 5272 octaba
1286 5202 1491 5271 indictione.
1517 5203 1807 5271 memoratorium
1834 5203 1967 5270 sactum
1991 5223 2014 5270 a
2039 5221 2094 5270 me
2118 5203 2292 5270 iohannes
2316 5221 2396 5287 pre·

540 5354 652 5425 sbiter
675 5355 771 5423 lilius
795 5356 973 5443 quondam
997 5356 1106 5444 petri,
1130 5375 1170 5424 eo
1194 5357 1285 5443 quod
1309 5362 1395 5426 ante
1418 5356 1599 5443 prasentia
1622 5357 1743 5424 domni
1767 5355 1900 5426 maioni
1928 5354 2117 5442 presbiteri
2134 5359 2170 5423 et
2187 5356 2308 5424 abbati
2340 5373 2396 5422 ec-

541 5510 647 5578 clesie
670 5510 785 5579 sancti
810 5509 985 5598 maximi,
1010 5517 1047 5580 et
1071 5514 1155 5578 ante
1179 5529 1261 5578 eum
1284 5514 1446 5580 astarent
1469 5510 1660 5596 subscripti
1687 5513 1815 5594 testes,
1839 5527 1902 5594 per
1927 5510 2019 5577 bona
2049 5508 2302 5577 conbenientia
2331 5527 2395 5595 per

544 5667 736 5736 iussionem
762 5665 874 5752 ipsius
897 5667 1017 5734 domni
1042 5665 1165 5734 abbati
1190 5662 1322 5734 tradidi
1346 5660 1568 5732 constantini
1598 5680 1705 5748 greco
1735 5661 1808 5727 fllio
1833 5659 1983 5728 kalociri
2010 5662 2227 5748 presbiteri,
2251 5661 2314 5748 qui
2340 5671 2394 5731 est

541 5820 720 5889 abitantes
744 5820 782 5886 in
806 5820 919 5888 locum
945 5819 1107 5904 nuceria,
1133 5817 1360 5888 medietatem
1383 5821 1482 5886 terra
1505 5835 1584 5884 cum
1610 5819 1769 5901 arbusto,
1787 5814 1880 5900 quod
1897 5832 1981 5901 pars
2006 5813 2121 5901 ipsius
2137 5817 2286 5886 ecclesie
2309 5819 2392 5886 abel
