5334 7098
973 563 1384 638 bllJthln'llcb's
1993 565 2060 634 llo

255 787 408 858 cundum
431 805 497 856 sua
520 783 806 872 possivilitatem3
831 785 918 854 etsi
945 787 1123 856 caballum
1149 787 1280 859 ibidem
1304 793 1495 860 adduxerit
1519 793 1594 880 ipso
1619 796 1786 877 missum,
1822 785 1994 856 similiter
2028 786 2110 855 illut

257 939 394 1009 nutrire
416 945 452 1010 et
473 940 602 1009 darent
626 941 658 1008 ei
683 936 959 1026 palmentatica,
983 939 1077 1006 sicut
1101 943 1293 1029 meruerit,
1318 947 1354 1010 et
1377 961 1446 1030 que
1469 943 1594 1012 amodo
1617 947 1652 1011 et
1675 959 1813 1028 semper
1839 939 1970 1008 ibidem
1994 938 2102 1006 semi·

256 1097 434 1184 naberint,
458 1095 568 1165 deant
591 1095 674 1164 inde
697 1095 799 1163 nobis
822 1095 1029 1166 annualiter
1051 1099 1264 1166 terraticum
1287 1099 1481 1168 secundum
1505 1099 1799 1168 consuetudinem
1815 1097 1857 1165 de
1875 1097 1952 1184 ipso
1969 1095 2103 1180 locum;

256 1255 291 1318 ot
312 1251 418 1337 quale
442 1255 600 1337 tempore
625 1251 748 1320 amodo
772 1255 808 1318 et
831 1251 993 1319 inantea
1018 1249 1096 1336 ipsa
1119 1253 1226 1318 rebus
1249 1251 1411 1321 lavorare
1435 1255 1470 1320 et
1492 1255 1614 1320 tenere
1639 1251 1710 1318 illis
1736 1269 1807 1318 non
1832 1251 2023 1338 boluerint,
2050 1250 2107 1318 in-

255 1403 341 1472 clita
364 1402 444 1490 ipsa
466 1405 573 1473 rebus
596 1403 759 1472 laborata
782 1405 817 1471 et
841 1403 976 1472 cultata
1000 1403 1189 1472 remittant
1212 1403 1257 1472 ad
1281 1407 1403 1474 nostra
1419 1403 1474 1473 vel
1490 1403 1532 1472 de
1549 1404 1679 1472 nostris
1702 1403 1889 1472 heredibus
1912 1405 2105 1490 potestate,

257 1553 454 1622 laciendum
478 1555 560 1624 inde
584 1553 704 1623 omnia
727 1553 819 1640 quod
844 1553 1074 1623 voluerimus.
1100 1557 1191 1642 quod
1215 1557 1243 1624 si
1269 1556 1392 1626 taliter
1414 1562 1478 1626 etc.
1497 1558 1644 1626 Statutu
1667 1559 1782 1625 mutto
1804 1559 1935 1643 cipitata·
1950 1557 2037 1622 auri
2052 1577 2108 1624 so-

254 1707 410 1775 lidorum
431 1709 823 1777 constantinianormm.
849 1711 885 1774 et
909 1723 978 1774 une
1003 1709 1145 1776 brebem
1170 1708 1295 1795 scripsi
1319 1729 1385 1796 ego
1409 1709 1608 1779 romoaldus
1624 1710 1786 1779 notarius
1802 1709 1864 1796 qul
1882 1710 2043 1778 interlui.

303 1831 332 1946 †
358 1861 433 1948 Ego
457 1859 675 1929 landonolfus

298 1988 328 2102 †
352 2017 429 2102 Ego
451 2015 634 2082 maraldus
657 2035 713 2082 me
738 2016 932 2103 subscripsi

298 2140 327 2254 †
352 2169 427 2254 Ego
451 2169 635 2255 iaquintus
658 2171 820 2238 notarius
845 2188 900 2239 me
923 2171 1131 2256 subscripsi.

967 2393 1118 2401 --—-—-
1124 2390 1414 2402 .—-—-—=—-—-·—

1057 2684 1293 2765 DCXXI.

1029 2945 1083 3022 A.
1112 2943 1162 3020 D.
1191 2941 1319 3023 1009.

295 3177 330 3317 ‘¹'
356 3231 394 3296 ln
418 3230 563 3299 nomine
587 3234 720 3300 domini
745 3233 911 3301 vicesimo
935 3231 1048 3319 primo
1072 3251 1167 3298 anno
1192 3233 1415 3320 principatus
1439 3235 1558 3303 domni
1588 3237 1699 3304 nostri
1724 3241 1921 3310 Guaimarii
1952 3245 2097 3332 gloriosi

247 3381 434 3470 principis,
458 3403 577 3454 mense
601 3385 734 3473 iunius,
758 3385 909 3472 septima
933 3384 1139 3454 indictione.
1159 3388 1450 3456 Memoratorium
1466 3390 1563 3458 factu
1580 3412 1602 3460 1
1618 3385 1674 3460 m'e
1690 3411 1833 3463 amerus
1850 3399 2023 3484 presbiter
2028 3453 2097 3470 .....

249 3535 286 3598 lu
308 3551 413 3602 sacro
441 3534 660 3604 salernitano
691 3534 825 3622 palatio
851 3539 935 3604 ante
966 3540 1089 3622 petrus
1121 3537 1271 3606 clericus
1294 3546 1329 3606 et
1352 3543 1462 3610 abbas
1491 3543 1638 3612 ecclesie
1669 3548 1785 3615 sancti
1817 3551 2098 3640 petricappella

249 3684 364 3770 ipsius
388 3691 482 3756 sacri
506 3687 647 3774 palatii,
673 3692 709 3755 et
733 3688 865 3756 ibidem
888 3687 1025 3756 adesset
1048 3695 1120 3756 1010
1134 3690 1320 3759 advocator
1343 3691 1457 3778 ipsius
1481 3695 1628 3763 ecclesie
1644 3699 1680 3763 et
1696 3697 1778 3765 aliis
1807 3703 1998 3792 subscripti
2025 3709 2099 3776 ido-

246 3839 324 3906 neis
351 3839 571 3926 hominibus
596 3841 694 3908 venit
718 3840 892 3908 iohannes
916 3839 1011 3907 iilius
1041 3840 1218 3925 quondam
1242 3845 1335 3928 petri.
1360 3849 1396 3912 et
1418 3846 1636 3932 grimoaldus
1667 3855 1703 3917 et
1727 3853 1810 3919 boni
1840 3860 2005 3940 germani
2029 3861 2096 3932 filii

246 3989 357 4075 ipsius
382 3993 544 4081 iohanni,
561 3998 596 4062 et
611 4012 674 4081 per
691 3993 763 4062 illis
786 3998 965 4061 ostensum
989 3999 1043 4062 est
1058 4013 1169 4061 unum
1193 3997 1335 4064 brebem
1359 4001 1620 4070 continentem:
1646 4004 1689 4073 de
1713 4006 1976 4092 quintodecimo
2000 4036 2095 4085 anno

246 4140 474 4231 principatus
496 4144 693 4230 supradicti
718 4145 837 4212 domni
861 4143 1056 4231 guaimarii
1072 4145 1115 4213 de
1131 4167 1250 4217 mense
1274 4152 1431 4240 magius,
1447 4156 1564 4241 prima
1588 4158 1798 4248 indictione,
1824 4181 1889 4250 ego
1912 4169 2094 4252 predictus

250 4313 372 4364 amore
389 4295 565 4382 presbiter
579 4316 643 4383 per
658 4275 916 4366 absolutionem
933 4297 1044 4384 ipsius
1061 4299 1181 4367 abbati
1199 4306 1235 4369 et
1251 4323 1324 4372 una
1340 4323 1421 4372 cum
1437 4308 1595 4393 predicto
1611 4315 1683 4378 1010
1699 4313 1918 4384 tradideram
1933 4320 2092 4406 ipsorum

243 4453 343 4532 pater
361 4453 396 4517 et
419 4448 505 4517 liliis
529 4454 627 4518 terra
650 4450 888 4536 pertinentem
913 4450 1024 4536 ipsius
1053 4453 1209 4540 cappello
1232 4456 1275 4524 de
1291 4458 1404 4526 locum
1424 4461 1677 4530 veriniannum
1695 4486 1716 4534 a
1734 4485 1839 4552 super
1857 4469 1964 4538 llublo
1981 4493 2092 4560 gran-

241 4601 353 4686 cari0,
378 4601 471 4688 quod
488 4620 554 4688 ego
572 4603 611 4668 in
627 4601 837 4670 beneficium
855 4608 957 4671 teneo
972 4625 994 4672 a
1010 4623 1094 4690 pars
1111 4607 1223 4692 ipsius
1239 4612 1402 4698 ecclesie,
1419 4618 1454 4680 et
1471 4614 1541 4684 iam
1560 4621 1644 4683 ante
1662 4633 1699 4684 os
1717 4623 1874 4706 tempore
1892 4627 1997 4692 rebus
2014 4628 2091 4715 ipsa

243 4755 280 4820 in
299 4754 493 4822 sortionem
517 4754 719 4822 obbenerad
735 4755 774 4820 in
789 4772 872 4840 pars
894 4755 1006 4840 ipsius
1037 4759 1196 4844 cappello
1219 4781 1241 4829 a
1264 4763 1415 4848 quedam
1439 4763 1624 4833 mulierem
1648 4771 1790 4840 nomine
1814 4793 1940 4864 grusa,
1965 4779 2091 4850 relicta

238 4907 386 4975 ‘cuidam
411 4905 577 4991 maraldi,
602 4909 639 4972 et
662 4906 708 4974 da
731 4906 820 4974 duas
844 4905 938 4974 filias
954 4925 1049 4995 suas,
1066 4912 1210 4998 nomina
1233 4934 1357 4983 earum
1381 4917 1504 4988 aloara
1528 4939 1617 4988 uxor
1643 4923 1790 4993 iohanni
1809 4933 1844 4996 et
1860 4932 1974 5000 sanda
1999 4953 2090 5004 uxor

239 5058 367 5144 amati,
390 5065 426 5128 et
449 5059 495 5128 da
517 5062 640 5146 petrus
664 5058 814 5126 clericus
838 5057 934 5126 illius
957 5061 1033 5128 ursi
1056 5080 1118 5147 per
1144 5065 1226 5132 linis
1241 5073 1276 5136 et
1293 5071 1496 5159 mensariis,
1513 5073 1606 5142 sicut
1629 5079 1819 5148 continuat
1843 5085 2016 5170 scriptore
2036 5089 2088 5156 di-

242 5210 395 5278 visionis
419 5229 488 5297 que
511 5211 593 5279 inde
617 5211 699 5280 lacti
724 5215 820 5297 sunt,
844 5230 912 5297 que
936 5229 1000 5279 nos
1015 5216 1122 5282 tando
1138 5216 1279 5286 illorum
1296 5223 1516 5294 tradideram
1538 5248 1600 5314 per
1625 5232 1689 5297 hec
1713 5233 1795 5300 nnis
1818 5241 1854 5302 et
1877 5242 2083 5309 mensuriis:

240 5383 305 5450 per
332 5362 454 5450 capite
479 5383 502 5432 a
525 5383 608 5450 pars
631 5363 779 5432 meridie
803 5365 875 5431 line
898 5367 958 5434 bia
981 5370 1114 5453 antica,
1140 5369 1221 5439 inde
1245 5375 1338 5459 passi
1364 5381 1505 5445 centum
1531 5379 1663 5467 bigintl
1688 5389 1775 5470 treS,
1797 5391 1834 5453 et
1849 5389 1895 5454 ab
1912 5389 1995 5460 inde
2011 5412 2090 5478 per-

238 5520 386 5618 geptem
412 5521 448 5584 et
470 5515 702 5584 descendente
725 5537 747 5586 a
770 5535 854 5603 pars
878 5519 1025 5588 orientis
1048 5541 1110 5607 per
1134 5526 1248 5594 medio
1279 5531 1432 5618 ballone,
1446 5515 1549 5602 ¹uude
1573 5555 1635 5622 per
1660 5536 1772 5624 iemps
1797 5559 1890 5625 aqua
1913 5543 2088 5634 decurrit,

240 5686 354 5756 usque
379 5670 494 5738 medio
517 5671 624 5738 dubio
647 5671 852 5758 grancari0,
876 5677 960 5740 sunt
982 5675 1112 5742 exinde
1135 5697 1197 5762 per
1220 5683 1400 5754 mensuria
1423 5703 1543 5770 passos
1566 5694 1706 5757 centum
1732 5692 1886 5777 triginta
1910 5715 1989 5787 sex,
2014 5703 2089 5770 eta

241 5824 358 5893 medio
382 5824 459 5912 ipso
482 5827 590 5894 dubio
614 5827 805 5914 grancario
828 5829 1012 5897 salientem
1028 5836 1064 5899 et
1078 5835 1182 5919 quasi
1197 5855 1220 5904 a
1235 5856 1319 5922 pars
1342 5837 1534 5912 occidentis
1558 5843 1652 5912 iusta
1676 5845 1736 5914 bia
1758 5865 1979 5920 communem
2003 5855 2087 5924 inde
