5310 7080
585 537 628 604 78
1222 538 1392 608 CODEX
1429 539 1691 612 CAVENSIS

535 760 667 846 ruerit,
693 763 838 828 arbores
862 765 898 828 et
923 760 1012 828 vites
1037 765 1072 829 et
1096 762 1310 848 propagines
1334 782 1394 830 eos
1419 763 1549 832 ibidem
1575 765 1775 850 plantemus
1797 767 1832 831 et
1857 761 2146 849 propaginemuS,
2164 764 2203 827 ut
2220 763 2308 828 bene
2323 779 2388 848 pa·

535 915 614 978 reat
638 911 835 981 lavoratum
860 918 895 981 et
918 915 1104 1001 cultatum,
1128 919 1303 1001 quatenus
1327 916 1489 1003 proficiat
1511 921 1546 984 et
1570 935 1641 983 non
1656 916 1847 1002 dispereat;
1864 917 1900 981 et
1915 915 2090 998 quantum
2105 912 2232 979 vinum
2249 913 2295 980 da
2314 915 2381 999 ipsi

536 1063 656 1132 decem
683 1066 770 1132 anni
796 1066 834 1131 in
857 1071 967 1134 antea
990 1067 1072 1134 inde
1097 1070 1241 1154 exierit,
1265 1072 1378 1137 totum
1402 1069 1484 1135 illut
1508 1067 1626 1153 ibique
1650 1065 1695 1132 ad
1719 1064 1939 1151 palmentum
1969 1063 2064 1130 inter
2087 1078 2151 1130 nos
2174 1063 2213 1130 in
2237 1065 2383 1133 tertiam

539 1219 679 1300 partem
703 1216 920 1306 dividamus,
945 1225 979 1286 et
1003 1221 1118 1288 omnis
1141 1239 1277 1290 annum
1300 1239 1363 1307 per
1387 1219 1563 1288 vindemie
1580 1217 1652 1283 illis
1668 1216 1722 1282 vel
1739 1215 1814 1282 suis
1830 1213 2020 1282 heredibus
2043 1215 2177 1283 saciant
2192 1216 2284 1283 scire
2302 1233 2383 1301 pars

535 1367 648 1452 ipsius
672 1368 833 1454 ecclesie,
861 1373 899 1435 ut
921 1368 1056 1456 dirigat
1080 1369 1211 1436 ibidem
1234 1361 1382 1437 missum
1404 1389 1507 1436 suum
1531 1389 1594 1455 pro
1617 1369 1862 1455 recipiendum
1886 1368 1964 1455 ipsa
1980 1386 2046 1435 sua
2063 1368 2221 1434 sortione
2238 1366 2281 1433 de
2305 1367 2382 1453 ipso

535 1523 672 1588 vinum:
699 1523 775 1608 ipso
799 1524 946 1590 missum
969 1523 1082 1591 eidem
1106 1521 1253 1590 ecclesie
1279 1523 1379 1590 tollat
1404 1522 1487 1590 inde
1513 1540 1586 1591 una
1609 1527 1702 1590 sorte
1726 1522 1819 1607 quod
1840 1527 1895 1589 est
1917 1521 2061 1590 tertiam
2083 1523 2239 1607 partem,
2255 1525 2291 1586 et
2306 1521 2378 1588 illis

537 1675 593 1742 vel
619 1673 694 1741 suis
718 1675 908 1743 heredibus
931 1675 1060 1744 tollant
1083 1675 1165 1742 inde
1189 1675 1324 1744 duobus
1347 1674 1571 1762 sortionibus,
1589 1682 1624 1745 et
1638 1697 1721 1763 pars
1746 1675 1857 1764 ipsius
1879 1675 2024 1744 ecclesie
2048 1673 2214 1760 adsignet
2239 1673 2379 1740 illorum

536 1843 734 1912 organeum
759 1830 889 1894 bonum
912 1827 958 1896 da
982 1828 1107 1894 vinum
1129 1828 1174 1896 ad
1197 1827 1398 1916 cellarium,
1423 1831 1515 1917 quod
1538 1850 1621 1918 pars
1647 1832 1761 1900 eidem
1784 1830 1930 1898 ecclesie
1954 1831 2062 1896 habet
2078 1827 2116 1893 in
2132 1827 2253 1894 eodem
2268 1826 2382 1892 locum

535 1980 696 2065 nucerie,
721 1981 779 2047 ubi
806 1982 851 2050 ad
875 1982 901 2050 li
913 1981 1022 2067 pariti
1048 1980 1194 2068 dicitur,
1211 1987 1246 2050 et
1263 1981 1334 2050 illis
1359 1984 1565 2052 annualiter
1582 1988 1664 2070 apto
1689 1989 1846 2068 tempore
1862 1983 1977 2068 ipsum
1993 1997 2189 2066 organeum
2205 1981 2383 2065 conciare,

535 2132 629 2202 sieut
653 2137 839 2220 meruerit,
863 2139 899 2201 et
922 2138 1069 2220 reponat
1092 2133 1197 2200 illum
1221 2135 1317 2202 intus
1341 2135 1418 2220 ipso
1443 2135 1643 2220 cellarium;
1668 2138 1704 2204 et
1721 2136 1799 2222 ipsa
1821 2134 1976 2202 sortione
1999 2135 2042 2201 de
2060 2136 2135 2218 ipso
2152 2131 2276 2201 vinum
2291 2132 2381 2218 quod

537 2285 583 2354 ad
609 2304 694 2371 pars
718 2285 877 2372 predicte
901 2286 1048 2353 ecclesie
1073 2285 1155 2352 inde
1178 2286 1352 2372 evenerit,
1378 2285 1450 2354 illis
1473 2288 1529 2354 vel
1552 2289 1626 2356 suis
1648 2289 1812 2356 eredibus
1837 2287 1980 2374 dirigad
2011 2286 2092 2353 illut
2114 2285 2159 2354 ad
2183 2283 2380 2370 predictum

537 2437 737 2523 cellarium,
762 2442 798 2528 et
821 2437 1005 2506 mittamus
1030 2438 1111 2506 illut
1136 2437 1235 2505 intus
1253 2437 1367 2525 ipsum
1389 2458 1600 2527 organeum3
1617 2440 1763 2508 missurn
1780 2459 1863 2507 vero
1878 2438 1972 2524 quod
1986 2455 2069 2524 pars
2086 2437 2222 2524 prefate
2238 2435 2383 2503 ecclesie

537 2609 603 2676 per
628 2592 805 2660 vindemie
829 2594 960 2661 ibidem
984 2593 1170 2679 direxerit,
1196 2593 1267 2660 illis
1282 2595 1336 2660 rel
1352 2593 1426 2660 suis
1449 2595 1640 2662 heredibus
1663 2593 1803 2662 nutrire
1825 2610 1907 2659 eum
1930 2589 2122 2658 secundum
2146 2609 2246 2658 suam
2271 2587 2380 2676 possi-

534 2744 726 2833 vilitatem,
751 2752 787 2814 et
811 2749 918 2815 deant
941 2750 973 2815 ei
997 2749 1255 2836 palmentatica
1278 2748 1383 2816 iuxta
1407 2748 1564 2833 ratione,
1588 2751 1624 2814 et
1647 2747 1689 2814 de
1706 2764 1811 2832 quem
1835 2745 1873 2811 in
1897 2743 2021 2812 eadem
2045 2745 2151 2810 rebus
2174 2742 2380 2812 annualiter

532 2901 805 2988 seminaverint,
829 2901 938 2970 deant
961 2901 1043 2970 inde
1067 2902 1279 2970 terraticum
1303 2900 1348 2966 ad
1371 2918 1455 2987 pars
1479 2900 1591 2986 ipsius
1614 2899 1761 2967 ecclesie
1784 2901 1978 2966 secundum
2003 2895 2296 2966 consuetudinem
2313 2896 2379 2962 loci

534 3053 633 3120 illius
656 3054 779 3121 amodo
803 3051 840 3122 et
863 3057 959 3124 omni
986 3061 1154 3141 tempore.
1179 3055 1267 3121 etsi
1292 3056 1435 3141 propter
1459 3052 1552 3120 iram
1575 3054 1618 3120 de
1642 3051 1829 3137 seniorem,
1854 3051 1909 3117 vel
1934 3067 1997 3136 pro
2019 3049 2180 3136 qualivet
2205 3067 2314 3118 causa
2337 3047 2379 3114 de

534 3207 629 3274 hanc
653 3209 752 3272 terra
774 3205 944 3292 exierint,
969 3211 1003 3274 et
1027 3206 1122 3275 infra
1146 3207 1260 3274 tribus
1282 3205 1370 3273 anni
1394 3204 1526 3270 reversi
1551 3203 1684 3270 fuerint
1706 3203 1765 3269 hic
1781 3201 1827 3270 ad
1841 3201 2063 3284 abitandum,
2081 3205 2166 3268 tunc
2190 3200 2267 3287 ipso
2283 3219 2379 3270 anno

533 3357 676 3441 quando
700 3359 894 3443 redierint,
920 3357 1025 3426 liceat
1048 3358 1107 3425 ille
1132 3359 1254 3442 homo,
1279 3359 1341 3441 qui
1364 3355 1446 3424 illut
1468 3355 1703 3442 lavoraverit,
1729 3358 1804 3442 ipso
1834 3355 1991 3422 frudium
2022 3354 2065 3421 de
2097 3354 2214 3439 ipsum
2245 3371 2378 3422 annum

425 3551 434 3570 .
534 3507 618 3576 inde
640 3510 778 3597 tollere,
802 3514 838 3578 et
860 3515 937 3597 post
961 3511 1036 3596 ipso
1059 3509 1215 3577 frudium
1237 3507 1462 3578 recollectum
1487 3505 1651 3576 inclitum
1673 3505 1755 3576 illut
1779 3507 1824 3575 ad
1849 3507 1990 3574 illorum
2013 3511 2222 3593 potestatem
2253 3527 2375 3596 perve-

536 3665 650 3750 niant,
675 3665 720 3732 ad
745 3663 936 3730 tenendum
960 3667 995 3730 et
1019 3663 1252 3730 lavorandum
1281 3661 1360 3728 illut
1384 3660 1422 3726 in
1446 3661 1654 3745 supradicta
1676 3663 1828 3745 ratione,
1846 3664 1882 3728 et
1897 3661 1928 3728 si
1945 3660 1991 3728 da
2008 3661 2077 3747 ipsi
2093 3661 2277 3730 duodecim
2293 3663 2377 3730 anui

535 3817 574 3884 in
598 3820 706 3884 antea
730 3815 922 3900 aliquando
953 3821 1109 3899 tempore
1143 3814 1220 3898 ipsa
1243 3815 1349 3880 rebus
1380 3817 1501 3881 tenere
1525 3818 1560 3880 et
1583 3814 1748 3883 lavorare
1778 3831 1849 3881 non
1874 3813 2071 3901 voluerint,
2096 3815 2204 3885 liceat
2227 3816 2299 3882 illis
2324 3817 2378 3884 vel

536 3973 610 4038 suis
634 3970 824 4038 heredibus
847 3969 930 4036 inde
953 3969 1054 4036 exire
1078 3973 1113 4035 et
1135 3967 1258 4034 tollere
1283 3969 1365 4036 inde
1388 3967 1504 4036 redita
1526 3973 1561 4036 et
1584 3971 1699 4037 omnis
1722 3986 1789 4036 sua
1812 3987 1920 4037 cansa
1952 3970 2119 4056 movilia,
2144 3973 2180 4037 et
2204 3969 2274 4038 iret
2297 3989 2378 4052 cum

537 4143 578 4191 eo
603 4124 780 4192 voluerint
803 4125 880 4191 sine
904 4125 1160 4192 contrarietate
1184 4121 1342 4206 predicte
1366 4121 1525 4206 ecclesie,
1542 4124 1578 4187 et
1597 4124 1671 4190 tota
1695 4119 1773 4207 ipsa
1796 4123 1902 4188 rebus
1925 4123 2073 4208 operata
2089 4126 2124 4188 et
2139 4122 2239 4190 clusa
2262 4125 2381 4190 remit-

535 4279 590 4343 tat
621 4276 665 4342 ad
697 4279 869 4360 potestate
901 4272 1058 4359 predicte
1090 4271 1250 4340 ecclesie.
1287 4271 1385 4339 Unde
1415 4291 1477 4358 per
1507 4275 1598 4341 bona
1630 4273 1893 4342 combenientia
1923 4277 1959 4342 et
1985 4275 2075 4340 bone
2099 4293 2162 4342 sue
2186 4276 2383 4346 voluntatis

535 4431 670 4517 guadia
701 4428 790 4496 mihi
823 4429 885 4514 qui
915 4446 1024 4512 supra
1049 4425 1203 4512 iaquinti
1233 4427 1382 4495 diacono
1412 4448 1475 4514 pro
1506 4451 1590 4517 pars
1622 4437 1657 4499 et
1686 4432 1762 4500 vice
1783 4425 1905 4520 'ipsius
1935 4431 2082 4500 ecclesie
2111 4433 2179 4520 ipsi
2203 4433 2380 4502 nominati

536 4583 672 4651 andrea
696 4583 870 4668 presbiter
895 4587 931 4650 et
954 4581 1135 4670 garosalus
1164 4582 1359 4668 dederunt,
1383 4587 1418 4650 et
1441 4582 1654 4652 mediatores
1677 4585 1766 4652 mihi
1791 4589 1985 4671 posuerunt
2007 4589 2128 4670 petrus
2151 4586 2247 4654 illius
2271 4607 2379 4674 quon-

541 4736 625 4803 dam
649 4731 826 4803 benedicti
851 4738 886 4802 et
909 4753 1013 4802 ursus
1037 4733 1210 4820 presbiter
1234 4731 1330 4800 filius
1354 4732 1515 4819 iohanni,
1539 4735 1601 4819 qui
1624 4739 1708 4802 sunt
1731 4735 1926 4804 habitatori
1949 4737 1992 4805 de
2016 4736 2130 4804 locum
2155 4759 2227 4825 pau
2251 4739 2381 4810 finibus

539 4887 653 4972 ipsius
676 4889 842 4972 nucerie3
867 4893 902 4955 et
924 4905 987 4972 per
1011 4887 1088 4974 ipsa
1112 4887 1246 4972 guadia
1270 4885 1520 4971 obligaverunt
1543 4905 1580 4955 se
1603 4894 1639 4957 et
1661 4887 1734 4956 suis
1757 4889 1960 4980 heredibus,
1985 4895 2025 4958 ut
2047 4893 2077 4960 si
2102 4893 2226 4962 taliter
2249 4895 2381 4979 omnia,

541 5047 579 5110 ut
602 5043 765 5126 superius
788 5041 932 5127 legitur,
957 5040 1024 5126 ipsi
1048 5039 1225 5108 nominati
1249 5040 1383 5108 andrea
1405 5039 1579 5125 presbiter
1602 5045 1637 5107 et
1658 5041 1841 5129 garosalus
1862 5041 1917 5110 rel
1933 5044 2009 5110 suis
2032 5045 2222 5114 heredibus
2236 5047 2380 5133 adpars

539 5193 696 5280 predicte
719 5194 867 5262 ecclesie
890 5191 1070 5262 noluerint
1092 5193 1306 5282 adimplere,
1336 5194 1392 5262 vel
1425 5196 1554 5282 aliquit
1577 5197 1620 5265 de
1650 5215 1719 5282 quo
1750 5195 1914 5284 superius
1938 5194 2093 5284 legitur,
2118 5215 2298 5268 removere
2323 5209 2384 5282 aut

538 5352 702 5416 contrare
735 5348 953 5436 quesierint,
978 5367 1040 5436 per
1065 5347 1143 5434 ipsa
1166 5347 1299 5435 guadia
1321 5347 1573 5435 obligaverunt
1597 5367 1634 5416 se
1662 5355 1697 5417 et
1719 5349 1795 5418 suis
1819 5349 2008 5418 heredibus
2038 5348 2084 5417 ad
2107 5353 2386 5438 componendum

545 5501 593 5569 ad
620 5519 705 5588 pars
728 5500 886 5588 predicte
910 5501 1055 5570 ecclesie
1079 5499 1208 5587 viginti
1232 5499 1310 5568 auri
1336 5499 1477 5567 solidios
1500 5499 1737 5586 constantini,
1761 5503 1797 5566 et
1818 5500 1956 5585 omnia,
1991 5505 2031 5569 ut
2052 5503 2216 5590 superius
2241 5503 2386 5593 legitur,

539 5673 601 5741 per
627 5654 751 5723 invitis
768 5673 827 5724 eos
851 5655 1071 5742 adimpleant
1092 5653 1130 5720 in
1149 5651 1354 5741 supradicta
1370 5655 1520 5723 ratione.
1543 5661 1788 5724 verumtamen
1803 5657 1840 5724 et
1854 5656 1919 5724 hoc
1935 5656 2137 5744 recolimus,
2155 5659 2241 5746 quia
2252 5677 2316 5748 per
2331 5680 2388 5730 su-

544 5813 710 5895 predicta
733 5811 868 5897 guadio
891 5811 1142 5898 obligaverunt
1164 5826 1200 5876 se
1225 5807 1290 5894 ipsi
1324 5810 1489 5896 germani
1512 5815 1547 5878 et
1564 5811 1646 5878 'suis
1670 5809 1875 5898 heredibus,
1899 5815 1940 5880 ut
1963 5815 2100 5898 quanta
2122 5830 2226 5914 poma
2250 5814 2297 5884 da
2321 5816 2389 5901 ipsi
