5310 7080
594 509 640 577 5ss
1241 512 1413 583 CODEX
1441 509 1706 582 CAVENSIS

545 735 649 814 parte
673 734 823 802 meridie
846 735 1018 819 quomodo
1042 737 1159 821 ipsum
1183 737 1383 822 predictum
1407 736 1519 804 limite
1540 733 1727 821 discernit,
1744 733 1814 798 ilne
1830 729 1943 816 ipsius
1961 727 2109 795 ecclesie
2132 727 2249 793 sancti
2277 729 2397 796 maxi·

547 883 610 968 mi,
636 885 720 950 sunt
743 883 827 952 inde
843 885 940 970 passi
956 886 1103 972 biginti:
1130 905 1233 972 apar
1256 887 1406 953 orientis
1430 888 1500 954 fine
1524 891 1622 953 terra
1647 883 1759 970 ipsius
1776 880 1936 966 ecclesie,
1953 881 2037 946 sunt
2053 875 2135 944 inde
2158 876 2254 962 passi
2278 880 2399 946 octoa-

547 1039 652 1124 ginta
675 1041 751 1104 octo
775 1041 870 1107 etse
894 1039 1122 1128 reconiungit
1144 1041 1184 1106 in
1208 1041 1284 1125 ipsa
1308 1039 1369 1107 bia
1393 1037 1537 1126 puplica
1561 1036 1623 1123 qui
1647 1037 1701 1102 est
1716 1033 1835 1120 priore
1859 1032 1955 1114 fine,
1989 1029 2104 1094 totum
2128 1045 2190 1114 per
2215 1027 2291 1114 ipse
2316 1027 2401 1094 finis

549 1189 595 1258 ad
619 1190 712 1256 iusto
737 1209 879 1278 passum
902 1193 1014 1260 omini
1039 1196 1298 1279 mensuratum,
1323 1195 1439 1259 totum
1461 1195 1497 1259 et
1521 1190 1688 1259 inclitum
1712 1187 1794 1256 illut
1817 1185 1932 1253 eidem
1948 1184 2095 1250 iohanni
2122 1181 2270 1249 tradidi.
2297 1182 2395 1250 Unde

548 1359 612 1425 pro
635 1319 757 1411 taliter
781 1346 916 1431 guadia
939 1347 1049 1415 michi
1073 1347 1148 1434 ipse
1165 1347 1338 1414 iohannes
1353 1345 1450 1414 dedit
1464 1348 1499 1413 et
1514 1344 1745 1413 mediatorem
1765 1340 1853 1407 mibi
1873 1339 1992 1426 posuit
2014 1339 2185 1424 seipsum,
2211 1339 2276 1406 tali
2301 1338 2398 1406 ordi·

548 1511 606 1580 ne,
627 1501 667 1562 ut
690 1497 814 1563 amodo
839 1503 874 1566 et
897 1517 1008 1584 usque
1031 1500 1207 1584 quadtuor
1239 1497 1326 1567 anni
1350 1497 1514 1583 completi
1538 1496 1655 1563 licead
1678 1495 1739 1563 ille
1762 1497 1798 1562 et
1821 1509 1902 1559 suos
1926 1490 2074 1558 heredes
2089 1493 2124 1558 et
2139 1489 2275 1556 omines
2290 1507 2396 1575 quem

548 1647 681 1714 ibidem
707 1649 892 1737 miserint,
926 1655 1001 1719 tota
1024 1653 1267 1738 suprascripta
1290 1655 1412 1718 nostra
1436 1650 1647 1719 tradictione
1672 1666 1734 1714 sue
1758 1643 1942 1731 potestatis
1966 1648 2089 1710 tenere
2121 1646 2157 1710 et
2188 1641 2395 1726 dominare,

548 1803 584 1866 et
607 1800 689 1866 illut
714 1803 839 1887 toturn,
864 1803 926 1869 ubi
950 1803 1133 1890 meruerit,
1159 1803 1365 1888 eluderent,
1390 1804 1425 1868 et
1447 1804 1633 1870 arbustum
1658 1800 1775 1884 ipsum
1800 1795 1893 1864 abiis
1917 1793 2136 1880 temporibus
2159 1793 2202 1859 de
2227 1811 2334 1880 super
2357 1798 2394 1859 et

547 1949 590 2018 de
613 1955 734 2021 subter
758 1953 963 2024 laborarent
986 1960 1021 2022 et
1044 1954 1242 2041 cultarent,
1275 1956 1368 2023 sicut
1393 1955 1489 2021 locus
1514 1955 1589 2040 ipse
1613 1950 1807 2035 meruerit,
1842 1949 1882 2012 ut
1914 1947 2103 2032 proficiant
2127 1949 2162 2012 et
2187 1963 2257 2010 non
2282 1946 2399 2030 dispe-

549 2111 664 2194 reant,
690 2111 725 2174 et
749 2109 810 2174 ubi
834 2107 1030 2194 meruerit,
1055 2107 1151 2175 inira
1174 2110 1289 2175 totum
1312 2109 1388 2192 ipso
1412 2109 1598 2176 arbustum
1623 2109 1721 2175 astas
1745 2107 1781 2171 et
1805 2104 1896 2170 bites
1918 2100 2147 2188 plantarent,
2174 2104 2211 2167 et
2235 2099 2294 2166 ubi
2322 2118 2397 2165 me-

548 2242 683 2346 ruerit,¹
702 2260 792 2326 bites
816 2263 977 2328 traerent
1000 2262 1035 2324 et
1050 2261 1164 2324 totum
1188 2275 1247 2324 eos
1270 2258 1485 2345 laborarent,
1511 2259 1605 2325 sicut
1629 2259 1763 2325 dictum
1787 2262 1865 2341 est3
1888 2260 1925 2323 et
1941 2254 2055 2322 licead
2079 2253 2151 2319 illis
2175 2259 2211 2320 et
2227 2253 2302 2319 suis
2318 2270 2395 2319 ere-

549 2411 655 2477 dibus
677 2413 776 2477 iobee
800 2414 836 2475 et
859 2410 974 2476 omnis
997 2427 1063 2474 sua
1085 2408 1242 2476 utilitate
1267 2407 1361 2474 iusta
1377 2409 1550 2475 rationem
1566 2409 1698 2475 ibidem
1713 2407 1841 2480 facere,
1860 2409 1897 2473 et
1913 2405 2135 2491 annualiter,
2160 2404 2303 2489 quando
2321 2423 2393 2470 me-

432 2607 438 2616 .
549 2564 693 2647 ruerit,
717 2564 904 2628 arbustum
927 2561 1043 2648 ipsum
1067 2558 1328 2629 rationabiliter
1352 2559 1628 2644 bindomiarent,
1653 2565 1689 2628 et
1713 2578 1775 2645 per
1801 2560 1978 2626 bindemie
2002 2559 2139 2626 iaciant
2161 2557 2253 2624 scire
2277 2557 2394 2640 ipsum

549 2715 720 2782 abbatem
744 2713 797 2780 vel
824 2733 907 2800 pars
931 2712 1044 2798 ipsius
1068 2712 1226 2798 ecclesie,
1252 2719 1292 2780 ut
1314 2713 1445 2779 ibidem
1469 2713 1613 2801 dirigad
1637 2713 1783 2781 missum
1808 2731 1938 2799 suum,
1970 2715 2143 2779 ettotam
2167 2711 2243 2794 ipso
2268 2708 2393 2774 binum

553 2868 685 2936 ibidem
710 2869 754 2936 ad
779 2867 999 2954 palmentum
1023 2887 1086 2952 per
1110 2865 1263 2934 medium
1287 2865 1370 2932 illut
1394 2867 1488 2934 inter
1512 2887 1549 2935 se
1573 2867 1796 2935 dibiderent:
1823 2868 1971 2934 missum
1993 2865 2150 2953 predicte
2166 2863 2313 2932 ecclesie
2329 2865 2396 2932 tol-

550 3022 608 3088 lad
633 3021 716 3087 illut
732 3019 970 3106 medietatem,
987 3023 1023 3086 et
1040 3019 1111 3086 illis
1128 3019 1381 3104 mediatatem;
1405 3023 1441 3086 et
1466 3021 1571 3105 quale
1594 3039 1790 3108 organeum
1811 3021 1857 3087 da
1873 3021 1999 3086 binum
2015 3037 2100 3105 pars
2116 3019 2230 3105 ipsius
2244 3019 2392 3087 ecclesie

549 3175 848 3262 adsingnaberint
873 3177 917 3243 ad
941 3175 1149 3262 cellarium,
1182 3194 1288 3260 quem
1312 3175 1443 3242 ibidem
1474 3193 1559 3260 pars
1582 3175 1695 3261 ipsius
1717 3174 1864 3242 ecclesie
1887 3175 1968 3242 abet
1999 3174 2044 3239 ad
2069 3173 2136 3261 ipsi
2160 3173 2296 3260 periti,
2322 3174 2396 3242 illis

548 3335 668 3397 autem
692 3347 886 3414 organeum
902 3329 1020 3414 ipsum
1035 3329 1241 3396 conciarent
1265 3331 1409 3412 bonum,
1432 3327 1524 3394 siout
1539 3329 1728 3415 meruerit,
1753 3333 1789 3396 et
1805 3329 1883 3414 ipsa
1898 3329 2090 3395 sortionem
2112 3328 2155 3394 de
2173 3329 2247 3412 ipso
2264 3327 2391 3394 binum

547 3483 659 3568 ipsius
682 3481 828 3548 ecclesie
853 3481 982 3549 ibidem
1005 3481 1149 3548 mittere
1172 3485 1208 3549 et
1226 3480 1443 3548 adducerent
1466 3479 1510 3546 ad
1534 3478 1610 3564 ipso
1633 3478 1815 3546 cellarium
1841 3479 2048 3548 annualiter
2073 3498 2184 3565 usquc
2209 3481 2285 3568 ipso
2308 3501 2393 3550 con-

548 3636 740 3720 stitutum,
764 3633 898 3720 etipse
922 3633 1069 3698 missum
1092 3629 1248 3716 predicte
1272 3629 1444 3714 ecclesie,
1476 3629 1560 3696 dum
1584 3629 1715 3697 ibidem
1738 3633 1879 3699 steterit
1903 3649 1967 3718 pro
1990 3634 2067 3719 ipse
2090 3634 2268 3700 bindomie
2292 3655 2391 3722 repo·

548 3787 732 3874 nendum,
766 3788 838 3856 illis
861 3787 1023 3857 auterno
1112 3843 1123 3857 .
1160 3785 1249 3854 trire
1273 3784 1468 3851 secundum
1490 3804 1590 3852 suam
1614 3787 1913 3874 possibilitatem,
1945 3792 1981 3854 ot
2004 3787 2047 3854 de
2071 3788 2162 3874 quod
2185 3791 2392 3859 annualiter

549 3943 588 4007 in
614 3941 692 4026 ipsa
716 3944 823 4009 rebus
847 3797 1407 4108 seminabam
1432 3937 1504 4005 illis
1529 3939 1661 4007 ibidem
1685 3939 1729 4006 ad
1753 3939 1902 4006 missum
1927 3938 2087 4024 predicte
2112 3942 2257 4011 ecclesie
2281 3947 2394 4013 terra-

543 4094 653 4159 ticum
675 4094 869 4160 secundum
892 4096 1184 4164 consuetudinem
1207 4099 1250 4165 de
1274 4097 1349 4184 ipso
1374 4101 1502 4196 locum.
1528 4093 1574 4162 ad
1598 4091 1763 4179 completi
1789 4089 1858 4178 ipsi
1875 4093 2055 4178 quadtuor
2078 4097 2166 4162 anni
2190 4096 2302 4164 licead
2321 4097 2393 4167 illis
2461 4125 2467 4132 ·

549 4251 585 4314 et
613 4249 689 4315 suis
712 4248 876 4314 eredibus
894 4248 976 4314 inde
993 4249 1093 4315 exire
1116 4268 1197 4315 cum
1221 4253 1335 4318 omnis
1357 4271 1423 4324 sua
1438 4256 1550 4324 causa
1566 4252 1601 4316 θῐ
1618 4247 1672 4314 ire
1696 4246 1757 4313 Ubi
1780 4245 1971 4335 ὒθωθΐὶὓΐ,
1996 4253 2032 4316 et
2047 4249 2171 4318 inclita
2196 4253 2273 4339 ipsa
2289 4257 2396 4324 rebus

550 4401 716 4469 laborata
741 4405 776 4468 et
801 4401 899 4470 clusa
923 4403 1107 4470 remittere
1130 4402 1174 4470 ad
1191 4406 1365 4488 potestate
1388 4405 1500 4492 ipsius
1523 4395 1684 4478 ecclisia.
1709 4403 1802 4486 quod
1825 4401 1855 4468 si
1872 4403 1994 4471 taliter
2010 4407 2130 4474 omnia
2145 4410 2392 4494 suprascripta

542 4573 609 4637 per
637 4555 844 4640 supradicto
869 4556 992 4624 ordine
1017 4557 1076 4625 ille
1100 4563 1136 4625 et
1160 4575 1241 4624 suos
1264 4558 1386 4626 eredes
1416 4561 1461 4628 ad
1487 4580 1570 4647 pars
1594 4511 1882 4664 ipsiu}=ecclesie
1906 4575 1977 4622 non
2002 4557 2239 4644 adinpleberit
2268 4567 2303 4627 et
2325 4563 2391 4630 ali·

543 4707 624 4792 quit
651 4706 781 4775 exinde
806 4712 986 4778 remobere
1016 4715 1080 4778 aut
1103 4714 1269 4780 contrare
1292 4712 1488 4801 quesierit,
1521 4721 1606 4784 tunc
1636 4736 1699 4803 per
1722 4720 1801 4806 ipss
1825 4709 1959 4794 gaudia
1982 4711 2156 4797 Obligabit
2177 4731 2214 4778 se
2238 4731 2391 4799 sumque

547 4860 672 4926 eredes
697 4859 742 4927 ad
765 4863 1044 4948 componendum
1068 4863 1106 4929 in
1129 4880 1214 4950 pars
1236 4863 1349 4950 ipsius
1371 4866 1516 4934 ecclesio
1539 4869 1671 4956 biginti
1693 4872 1775 4939 auri
1798 4862 1928 4940 solidos
1951 4864 2209 4932 COHSlantiHOS·
2235 4872 2271 4936 el
2294 4871 2392 4936 hunc

549 5019 695 5084 brebem
721 5017 844 5103 scripsi
872 5037 937 5104 ego
961 5018 1118 5089 adomari
1143 5021 1306 5088 notarius
1329 5023 1390 5108 qui
1415 5022 1575 5092 interlui.
1599 5033 1845 5098 verumtamen
1870 5025 1992 5106 eipffl'
2016 5023 2131 5088 Omnis
2155 5038 2290 5091 annum
2315 5025 2392 5112 ipsa

546 5172 809 5256 palmentateca
827 5173 871 5239 ad
888 5192 972 5260 pars
995 5173 1110 5258 ipsius
1133 5174 1280 5243 ecclesie
1304 5177 1414 5264 daret,
1438 5178 1530 5247 sicut
1554 5186 1770 5252 consuetudo
1792 5193 1845 5254 est
1868 5189 1911 5256 de
1935 5187 2011 5274 ipSO
2037 5178 2167 5265 locum,
2192 5186 2228 5248 el
2251 5201 2317 5268 ego
2333 5201 2399 5250 ευ*

546 5327 671 5411 perius
696 5327 852 5396 ademari
879 5328 1041 5396 notarius
1065 5329 1257 5395 subiunsit.

591 5451 621 5566 †
647 5498 713 5566 ego
736 5479 921 5548 dauferius
945 5481 1109 5549 notarius
1133 5500 1188 5549 me
1211 5483 1404 5568 subscripsi

593 5607 623 5721 †
652 5653 718 5720 ego
745 5634 930 5719 iaquintus
953 5637 1117 5704 notarius
1140 5657 1196 5704 me
1219 5637 1424 5726 subscripsi.

1354 5897 1471 5904 ...η-..ω
1482 5899 1486 5904 .
