5376 7104
1000 567 1409 643 olpbolln‘lloos
1932 511 1936 518 ·
2017 570 2084 644 all

277 795 428 866 meridie
451 796 545 882 passi
571 792 892 882 quadtuordecim,
918 791 1063 862 atinde
1087 794 1292 863 rebolbente
1315 813 1379 882 per
1412 798 1483 864 fine
1512 795 1674 866 richardi
1706 795 1773 864 filii
1796 794 2015 882 sichelgardi
2039 797 2138 884 passi

279 947 522 1035 quadraginta
544 964 632 1014 sex:
662 965 684 1014 a
709 963 791 1032 pars
816 942 965 1014 orientis
993 945 1064 1012 fine
1091 945 1240 1014 iohanni
1268 944 1334 1013 filii
1362 947 1477 1034 rocci,
1510 951 1594 1016 sunt
1617 947 1711 1035 passi
1736 945 1867 1035 biginti
1896 965 1974 1017 sex:
2001 966 2024 1016 a
2048 967 2134 1036 pars

281 1099 430 1170 meridie
453 1100 546 1168 sicut
570 1097 684 1166 limite
707 1096 880 1167 discernit
883 1147 1125 1166 .........
1153 1098 1247 1184 passi
1273 1103 1417 1166 centum
1445 1099 1710 1186 quinquaginta
1732 1101 1852 1167 hacto:
1884 1118 1907 1168 a
1930 1117 2015 1186 pars
2039 1102 2133 1169 occi·

279 1251 403 1323 dentis
426 1250 594 1320 similior
617 1250 689 1320 fine
713 1250 838 1337 limite,
863 1252 948 1317 sunt
972 1268 1080 1336 aper
1104 1249 1180 1336 ipso
1203 1250 1316 1320 limite
1340 1253 1436 1338 passi
1468 1253 1759 1340 quinquaginta3
1784 1257 1820 1321 et
1842 1271 1905 1340 per
1928 1254 2133 1322 trabersum

283 1408 332 1478 da
355 1409 431 1492 ipso
455 1405 570 1474 limite
593 1404 656 1490 qui
678 1408 733 1473 est
755 1403 794 1470 in
817 1419 901 1490 pars
924 1401 1086 1489 meridie,
1110 1406 1146 1470 et
1170 1421 1280 1489 usque
1296 1404 1439 1474 termite
1463 1405 1524 1492 qui
1542 1407 1664 1473 fictum
1687 1408 1742 1472 est
1765 1403 1804 1472 in
1829 1403 1909 1475 aira
1934 1423 2003 1492 que
2026 1405 2137 1475 tando

284 1562 335 1630 ibi
359 1565 440 1650 est,
470 1563 556 1628 sunt
585 1559 679 1646 passi
703 1558 856 1644 triginta
880 1560 1009 1644 hoct03
1042 1560 1078 1626 et
1106 1557 1152 1626 da
1183 1559 1258 1644 ipso
1282 1559 1395 1627 limite
1420 1577 1531 1647 usque
1556 1559 1634 1646 ipsa
1661 1559 1800 1628 rebolta
1832 1578 1901 1646 que
1936 1563 2038 1629 esta
2069 1561 2142 1631 fine

286 1716 403 1804 ipsius
434 1713 570 1781 ricardi
594 1731 657 1799 per
683 1713 912 1796 trabersum,
939 1714 1023 1778 sunt
1048 1710 1144 1797 passi
1172 1711 1303 1799 biginti
1330 1713 1424 1800 duo,
1457 1718 1492 1782 et
1524 1732 1587 1800 per
1610 1717 1682 1782 tote
1706 1714 1773 1782 iste
1797 1714 1880 1782 finis
1904 1713 2039 1782 termiti
2065 1714 2139 1784 ficti

162 1913 169 1934 .
286 1871 381 1935 sunt:
408 1869 521 1934 totum
545 1869 790 1934 mensuratum
817 1863 862 1932 ad
889 1861 981 1932 iusto
997 1883 1138 1950 passum
1155 1865 1267 1932 omini
1295 1885 1358 1952 per
1388 1865 1454 1934 iste
1481 1865 1564 1932 finis
1588 1869 1625 1933 et
1650 1867 1842 1934 mensuriis
1865 1884 2063 1954 congruum
2087 1871 2142 1935 est

288 2018 377 2088 mihi
403 2017 486 2086 illut
509 2015 725 2085 benumdare
749 2014 898 2082 iohanni
929 2014 1001 2084 fillo
1024 2016 1202 2101 quondam
1226 2019 1377 2104 andree3
1408 2019 1546 2089 interea
1576 2039 1642 2109 ego
1671 2021 1835 2108 superius
1864 2020 1982 2089 dictus
2006 2022 2142 2090 maral-

289 2173 377 2260 dus,
406 2172 499 2239 sicut
530 2169 618 2238 mihi
643 2187 840 2257 congruum
869 2172 948 2254 est,
977 2171 1070 2238 bona
1095 2189 1175 2238 mea
1201 2171 1396 2240 bolumtate
1422 2177 1506 2241 ante
1534 2172 1717 2260 presentia
1746 2173 1911 2242 lamberti
1935 2173 2060 2260 gratia
2083 2173 2142 2243 dei

289 2333 326 2397 et
348 2332 433 2397 ante
457 2327 522 2398 alii
547 2325 738 2413 subscripti
763 2330 871 2394 testes
894 2325 1117 2413 benumdedi,
1143 2326 1257 2413 adque
1282 2327 1327 2395 ad
1349 2345 1487 2414 semper
1512 2327 1690 2396 abendum
1713 2321 1883 2395 cdnfirmo
1906 2328 1973 2396 tibi
1997 2327 2142 2396 exdicto

291 2483 438 2554 iohanni
464 2487 539 2551 tota
561 2485 597 2548 et
619 2479 746 2548 inclita
769 2480 847 2566 ipsa
869 2477 972 2566 pecia
995 2479 1039 2548 de
1061 2484 1159 2548 terra
1182 2501 1244 2568 per
1270 2481 1437 2550 iamdicta
1461 2480 1544 2549 finis
1573 2486 1608 2550 et
1632 2482 1851 2568 mensariis,
1883 2481 1976 2550 unde
2005 2481 2145 2550 nullam
2168 2553 2173 2563 ,

291 2635 385 2704 mibi
408 2635 464 2703 uel
489 2635 654 2722 cuiquam
678 2633 869 2720 ominibus,
894 2632 950 2700 rel
975 2635 1013 2700 in
1037 2630 1164 2718 quabis
1186 2633 1349 2719 partibus
1373 2633 1503 2701 exinde
1527 2634 1670 2708 restitit,
1699 2637 1763 2702 aut
1779 2633 1930 2701 dicimus
1954 2651 2144 2704 remanere

291 2791 498 2877 sortionem,
525 2795 578 2858 set
601 2789 824 2857 transactivo
849 2789 992 2856 nornine
1016 2791 1052 2854 et
1074 2807 1097 2855 a
1120 2787 1279 2854 funditus
1302 2787 1386 2856 illut
1408 2785 1507 2854 vobis
1531 2786 1764 2874 benumdedi,
1790 2805 1872 2854 curn
1896 2787 2018 2857 omnia
2042 2789 2141 2856 intro

211 2993 214 2998 -
293 2964 331 3014 se
356 2945 548 3015 abentibus
571 2945 805 3030 omnibusque
829 2941 905 3010 suis
929 2941 1185 3030 pertinentiis,
1209 2945 1348 3009 etcum
1373 2941 1450 3008 biae
1474 2941 1517 3007 de
1540 2942 1600 3008 bia
1623 2960 1702 3026 sua,
1727 2947 1762 3009 et
1786 2960 1867 3007 cum
1892 2941 2008 3008 omnis
2031 2941 2146 3009 moni·

295 3119 379 3170 men
405 3102 488 3170 inde
511 3102 767 3187 continentem,
792 3099 837 3168 ad
854 3100 1026 3166 securiter
1042 3101 1079 3165 et
1094 3095 1246 3163 firmiter
1272 3095 1396 3164 amodo
1420 3099 1455 3163 et
1479 3114 1616 3182 semper
1640 3101 1680 3164 lu
1703 3096 1847 3182 tuisque
1870 3095 2034 3164 eredibus
2060 3095 2144 3165 illut

293 3255 487 3341 abendum,
511 3253 780 3338 dominandum,
803 3250 1065 3338 possidendum,
1096 3247 1216 3317 omnia
1243 3247 1372 3316 exinde
1400 3247 1603 3316 faciendum
1632 3266 1700 3334 que
1729 3246 1795 3314 tibi
1829 3249 1954 3334 tuique
1977 3247 2144 3316 eredibus

292 3408 493 3496 placuerit,
518 3425 652 3495 apsque
676 3405 774 3472 omni
799 3407 924 3471 nostra
948 3407 1221 3487 nostrorumque
1246 3401 1411 3469 eredibus
1435 3401 1689 3471 contrarietate
1715 3399 1771 3469 vel
1795 3399 2080 3488 requisitionem3
2109 3407 2147 3472 et

292 3581 358 3650 pre
381 3560 661 3630 confirmandam
685 3563 721 3627 et
743 3555 1034 3626 stabiliscendam
1065 3573 1132 3623 ano
1161 3574 1239 3623 mea
1262 3555 1502 3643 bindictione,
1519 3538 1631 3622 ¹nunc
1661 3576 1683 3624 a
1714 3555 1889 3642 presentis
1919 3555 2035 3642 recepi
2061 3574 2083 3622 a
2108 3561 2146 3624 ta

294 3717 481 3786 iamdictus
504 3714 679 3782 iohannes
701 3716 872 3779 emtorem
895 3727 1011 3777 meum
1037 3713 1210 3777 statutum
1233 3711 1408 3798 pretium,
1432 3712 1443 3778 i
1467 3715 1550 3779 sunt
1566 3712 1646 3779 auri
1662 3710 1735 3778 tari
1759 3709 1844 3776 boni
1869 3727 2059 3776 mimorum
2076 3709 2142 3777 tri-

292 3872 394 3957 ginta
419 3887 531 3936 unum
556 3869 595 3936 in
617 3865 732 3934 omnis
755 3864 1027 3950 deliberatione,
1051 3862 1145 3931 sicut
1168 3863 1265 3930 inter
1289 3881 1353 3930 nos
1369 3862 1559 3946 combenit3
1580 3862 1623 3929 de
1639 3881 1711 3948 qua
1727 3881 1790 3948 per
1809 3865 1899 3931 bona
1915 3861 2143 3931 combenien-

293 4023 345 4094 tia
370 4042 449 4092 mea
473 4025 568 4090 bona
591 4021 784 4089 bolumtate
808 4018 943 4106 guadia
964 4015 1031 4086 tibi
1056 4016 1202 4084 iohanni
1228 4015 1336 4102 dedi,
1364 4019 1400 4082 et
1426 4015 1638 4083 mediatores
1670 4014 1739 4081 tibi
1763 4015 1882 4100 posuit
1904 4020 2027 4102 petrus
2051 4015 2150 4084 filius

292 4179 473 4264 quondam
496 4176 591 4262 petri
614 4174 658 4242 de
680 4170 879 4240 mareliano
904 4169 940 4254 ¹),
964 4173 999 4236 et
1021 4168 1130 4236 lando
1153 4167 1304 4235 clericus
1327 4167 1423 4236 filius
1446 4167 1604 4255 landoni,
1630 4171 1665 4234 et
1688 4167 1804 4254 grimo
1835 4167 1932 4235 filius
1956 4168 2081 4254 grimi3
2107 4172 2148 4236 et

294 4353 359 4420 per
384 4333 464 4420 ipsa
488 4330 622 4418 guadia
645 4333 711 4397 etc.
737 4329 885 4396 statuta
908 4326 1042 4393 mulcta
1064 4325 1326 4408 quinquaginta
1355 4313 1442 4389 auri
1465 4322 1658 4391 solidorum
1681 4322 2071 4390 constantinicaesaris.
2104 4321 2151 4390 Et

291 4486 359 4556 tali
384 4486 510 4554 ordine
533 4489 569 4551 te
592 4481 783 4551 radoaldus
805 4479 968 4547 notarius
991 4477 1146 4544 scribere
1170 4476 1376 4562 rogabimus
1405 4473 1443 4540 in
1468 4475 1583 4543 locum
1612 4479 1729 4544 monte
1752 4475 1973 4544 salernitane
1998 4474 2147 4544 finibus.

340 4611 370 4728 †
394 4642 470 4727 Ego
494 4640 556 4726 qui
582 4654 692 4723 supra
716 4634 912 4703 lambertus
936 4648 1065 4700 comes.

1376 4817 1434 4826 ..-

1083 5013 1366 5097 DCXGVI.

1075 5213 1130 5290 A.
1159 5211 1211 5287 D.
1240 5207 1361 5288 1017.

339 5364 375 5504 †
397 5417 437 5481 ln
461 5411 606 5481 nomine
629 5411 764 5481 domini
783 5427 879 5479 anno
895 5407 1064 5476 bicesimo
1081 5406 1205 5474 octaba
1222 5403 1448 5492 principatus
1465 5404 1586 5472 domni
1603 5408 1716 5475 nostri
1733 5406 1929 5495 guaimari,
1945 5411 1981 5477 et
1993 5407 2150 5478 secundo

292 5586 389 5641 anno
411 5565 639 5655 principatus
662 5563 781 5632 domni
807 5562 957 5631 iohanni
981 5562 1059 5629 eius
1082 5559 1170 5645 filie,
1194 5557 1341 5646 gloriosi
1365 5555 1600 5644 principibus,
1625 5575 1745 5626 mense
1772 5559 1975 5650 ianuarias,
1999 5563 2148 5650 quinta·

336 5875 360 5955 ⁵)
380 5875 570 5944 Maniliano,
597 5888 686 5932 nuno
709 5867 922 5947 Moriqliono,
948 5863 1033 5944 apud
1055 5860 1172 5924 Nolam
1196 5860 1230 5920 in
1254 5858 1442 5939 Campania.
