5334 7098
645 530 715 600 “216
1291 533 1464 606 CODEX
1498 530 1764 604 uat‘ENSls

596 755 715 822 dimus
753 757 798 825 ad
834 762 1043 844 potestatem
1072 759 1185 847 ipsius
1216 757 1361 828 ecclesie
1393 761 1514 827 sancte
1545 757 1660 826 marie
1685 773 1750 844 pro
1786 755 1831 826 ad
1862 753 2103 824 defensionem
2132 752 2310 824 abendum
2339 773 2443 826 unum

594 911 801 996 preceptum
823 911 868 980 ab
891 911 978 980 utile
1002 911 1112 980 anulo
1136 911 1338 998 sigillatum
1360 913 1396 978 et
1419 927 1530 977 unum
1554 909 1699 976 brebem
1720 906 1764 974 de
1788 905 1867 992 ipsa
1894 905 2047 974 ecclesia
2078 906 2342 976 continentem:
2377 911 2437 978 hec

594 1061 735 1149 omnia,
760 1065 799 1130 ut
820 1061 994 1151 diximus,
1019 1065 1057 1129 in
1080 1064 1159 1150 ipsa
1180 1062 1330 1132 ecclesia
1360 1065 1483 1131 sancte
1513 1059 1627 1130 marie
1651 1060 1880 1147 offeruimus,
1905 1059 1998 1128 sicut
2020 1059 2268 1147 supradictum
2291 1065 2365 1148 est,
2390 1062 2433 1131 ad

593 1214 766 1283 securiter
788 1220 824 1284 et
848 1215 999 1285 firmiter
1021 1217 1146 1286 amodo
1162 1221 1197 1285 et
1212 1234 1350 1302 semper
1373 1231 1457 1302 pars
1480 1214 1592 1301 ipsius
1609 1213 1765 1311 ecclesie
1787 1212 1935 1299 eiusque
1959 1216 2114 1280 rectores
2138 1211 2220 1282 illut
2241 1214 2433 1302 abendum,

594 1366 860 1456 dominandum,
885 1368 1148 1458 possidendum,
1172 1371 1293 1439 omnia
1316 1369 1399 1438 inde
1422 1367 1626 1438 faciendum
1648 1367 1741 1454 quod
1757 1365 1923 1454 boluerit,
1947 1369 2081 1454 absque
2097 1365 2343 1455 cuiuscunque
2358 1384 2439 1436 oon-

593 1519 819 1591 trarietatem
842 1521 897 1591 vel
920 1523 1166 1610 requisitione;
1191 1522 1234 1591 de
1257 1542 1329 1610 qua
1352 1540 1418 1610 ego
1444 1520 1635 1590 iamdictus
1671 1519 1856 1606 armogeni
1882 1538 1961 1590 mea
1984 1519 2217 1590 bolumtatem
2240 1521 2359 1608 obligo
2383 1541 2435 1592 me

595 1673 632 1738 et
655 1688 751 1739 meos
775 1673 897 1742 eredes
920 1674 1044 1742 amodo
1059 1677 1095 1742 et
1110 1691 1247 1760 semper
1270 1671 1516 1742 antistandum
1532 1673 1569 1736 et
1583 1668 1839 1737 defensandum
1855 1668 1900 1736 ad
1916 1689 2000 1756 pars
2017 1669 2128 1758 ipsius
2151 1671 2299 1740 ecclesie
2314 1677 2434 1741 sancte

595 1824 709 1892 marie
727 1823 854 1892 inclita
869 1825 984 1893 omnis
998 1844 1078 1893 mea
1093 1823 1289 1911 offertione,
1314 1822 1472 1911 qualiter
1496 1821 1644 1909 legitur,
1661 1841 1683 1890 a
1698 1841 1783 1908 pars
1806 1821 1930 1890 uxoris
1945 1841 2022 1892 mee
2038 1827 2073 1893 et
2086 1825 2133 1892 ab
2149 1823 2313 1892 omnibus
2328 1825 2439 1892 homi·

593 1976 701 2044 nibus
724 1975 891 2063 omnique
915 1975 1089 2063 partibus,
1113 1977 1174 2062 qui
1198 1991 1262 2062 pro
1285 1979 1408 2044 nostra
1431 1978 1534 2061 parte
1557 1977 1592 2042 et
1614 1975 1750 2061 datum,
1767 1979 1831 2044 aut
1845 1994 1910 2062 pro
1933 1995 2018 2064 pars
2034 1981 2070 2045 et
2084 1976 2207 2046 datum
2224 1979 2337 2065 ipsius
2354 1995 2439 2046 uxo-

594 2132 649 2200 ris
674 2148 752 2199 mee
777 2130 1013 2216 quodcunque
1028 2129 1271 2199 causationem
1287 2128 1416 2197 exinde
1440 2128 1486 2198 ad
1509 2147 1594 2215 pars
1617 2128 1730 2216 ipsius
1753 2130 1899 2200 ecclesie
1922 2136 2043 2202 sancte
2065 2131 2180 2200 marie
2202 2135 2439 2220 preposuerit3

595 2282 639 2351 de
664 2283 730 2352 alii
753 2301 838 2352 vero
861 2283 1065 2350 hominibus
1089 2287 1130 2350 et
1146 2284 1322 2368 partibus,
1347 2285 1383 2350 et
1405 2281 1546 2367 quando
1561 2281 1713 2351 voluerit
1737 2287 1783 2352 ab
1806 2283 1969 2352 omnibus
1993 2284 2196 2353 hominibus
2219 2285 2297 2352 vice
2320 2291 2442 2356 nostra

596 2439 637 2504 in
662 2438 826 2504 omnibus
849 2435 1000 2522 exinde,
1025 2440 1061 2503 el
1082 2435 1125 2503 de
1148 2436 1329 2503 monimen
1362 2433 1444 2503 inde
1474 2437 1716 2507 continentem
1747 2458 1896 2509 causare
1919 2443 1954 2509 et
1976 2437 2082 2508 finem
2114 2441 2253 2526 facere,
2284 2441 2439 2528 qualiter

595 2591 720 2676 uultis,
745 2609 826 2658 cum
850 2591 966 2677 ipsum
990 2593 1196 2678 preceptum
1219 2594 1254 2658 et
1278 2591 1433 2677 brebem,
1458 2591 1551 2677 quod
1574 2593 1674 2662 modo
1697 2595 1731 2662 ei
1754 2594 1925 2681 dedimus
1942 2599 2074 2662 etcum
2098 2594 2204 2681 quale
2228 2593 2303 2663 alia
2325 2595 2435 2662 moni-

594 2766 678 2816 men
711 2752 746 2815 et
776 2747 952 2816 rationem
976 2747 1059 2815 inde
1083 2747 1238 2816 abuerit.
1264 2747 1361 2814 Etsi
1387 2745 1509 2814 taliter
1540 2747 1657 2815 omnia
1693 2748 1936 2835 suprascripta
1965 2749 2011 2818 ad
2041 2768 2125 2837 pars
2155 2750 2266 2836 ipsius
2289 2751 2433 2820 ecclesie

594 2905 722 2969 sancte
746 2903 861 2970 marie
884 2918 956 2969 non
980 2899 1293 2989 adimpleberimus
1316 2904 1352 2968 et
1374 2900 1518 2986 aliquit,
1543 2899 1586 2968 de
1610 2901 1780 2986 quomodo
1803 2901 1967 2988 superius
1992 2901 2143 2990 legitur,
2168 2905 2353 2995 remobere
2372 2909 2434 2975 aut

595 3059 761 3123 contrane
784 3053 1034 3140 quesierimus,
1057 3059 1120 3124 aut
1142 3053 1173 3120 si
1198 3053 1434 3139 quodcunque
1459 3053 1703 3121 causationem
1721 3053 1803 3122 inde
1819 3055 1858 3122 in
1872 3055 1996 3123 eadem
2012 3054 2162 3124 ecclesia
2177 3059 2301 3125 sancte
2325 3060 2437 3128 marie

597 3205 902 3296 preposuerimus,
919 3221 1127 3292 componere
1150 3205 1266 3292 obligo
1289 3223 1344 3272 me
1367 3211 1403 3274 et
1426 3221 1521 3272 meos
1543 3205 1665 3273 eredes
1687 3206 1732 3274 ad
1755 3226 1839 3294 pars
1864 3207 1975 3294 ipsius
1998 3209 2144 3278 ecclesie
2167 3213 2291 3278 sancte
2315 3211 2440 3299 marie,

596 3365 634 3428 et
659 3359 719 3427 cui
744 3359 887 3428 cartula
910 3359 981 3429 ista
995 3360 1033 3426 in
1050 3377 1196 3430 manum
1219 3360 1395 3447 paruerit,
1410 3363 1551 3428 centum
1568 3360 1650 3428 auri
1668 3359 1796 3427 solidos
1819 3361 2076 3452 constantinus,
2092 3366 2129 3432 et
2144 3363 2265 3434 taliter
2289 3365 2443 3434 scribere

597 3514 808 3602 rogabimus
831 3518 867 3582 te
890 3513 1064 3582 iohannes
1086 3511 1282 3598 notarium,
1307 3517 1427 3580 actum
1451 3471 1603 3581 salerno.

543 3760 547 3769 Ι
639 3639 772 3757 †Ego
794 3666 1013 3764 grimoaldus

644 3794 676 3909 †
702 3821 776 3908 Ego
799 3825 922 3909 petrus
944 3821 1105 3888 notarius
1129 3839 1184 3889 me
1207 3818 1412 3906 subscripsi.
1494 3817 1497 3821 '

1389 4396 1646 4482 DCLXII.

1369 4601 1430 4740 n.
1455 4659 1507 4738 u.
1535 4657 1656 4739 1012.

641 4901 678 5042 †
702 4953 743 5022 ln
766 4953 910 5028 nominc
932 4954 1066 5023 domini
1090 4955 1256 5023 vicesimo
1279 4956 1407 5040 quarto
1430 4969 1526 5022 anno
1549 4953 1774 5044 principatus
1797 4955 1915 5026 domni
1939 4960 2052 5027 nostri
2068 4959 2266 5030 Guaimarii
2289 4962 2432 5050 gloriosi

595 5106 795 5197 principis,
819 5125 939 5177 mense
962 5108 1168 5194 december,
1193 5106 1382 5176 undecima
1405 5105 1612 5178 indictione.
1643 5109 1793 5198 Ideoque
1824 5127 1890 5200 ego
1919 5111 2069 5183 roderisi
2098 5113 2194 5182 filius
2223 5115 2376 5186 maraldi
2397 5115 2436 5185 de

593 5264 710 5333 locum
733 5259 859 5331 selecta
875 5257 901 5344 Ι)
917 5259 1104 5331 clarefecio
1127 5262 1259 5329 habere
1282 5261 1389 5330 rebus
1412 5277 1623 5330 communem
1645 5281 1725 5330 oum
1750 5263 1840 5335 mele
1863 5285 2055 5354 germanus
2078 5285 2177 5338 meus
2192 5271 2229 5338 et
2252 5273 2437 5341 sortionem

596 5579 1050 5594 ”affl-tu·-

637 5815 660 5904 ')
681 5821 813 5886 Felectc
834 5822 888 5884 uel
910 5819 1037 5886 Felctto
1060 5829 1154 5884 extra
1177 5820 1365 5886 Salernum.
