5310 7080
961 583 1366 654 orrnonarlcus
1922 559 1925 570 '
2003 587 2047 658 ro

238 806 359 874 decem
384 807 472 876 anni
497 809 535 874 in
559 812 667 876 antea
695 806 778 875 inde
793 807 836 874 de
853 809 931 894 ipsa
955 811 1061 876 rebus
1084 810 1228 896 exierit,
1246 808 1317 878 illis
1341 808 1396 878 vel
1422 825 1503 877 suos
1520 809 1641 876 eredes
1659 806 1723 877 illa
1738 808 1891 878 debeant
1907 815 1989 896 apto
2006 815 2095 880 tem-
2116 903 2120 912 ,

235 955 323 1045 ‘pore
346 959 528 1047 colligere,
553 964 589 1028 et
611 962 757 1028 tertiam
780 965 918 1046 partem
943 961 1025 1027 inde
1048 961 1158 1028 deant
1182 959 1220 1026 in
1243 979 1327 1046 pars
1352 959 1518 1028 iamdicta
1541 961 1700 1048 ecclesie,
1724 964 1759 1029 et
1782 961 1850 1029 due
1874 963 1982 1031 sortis
2008 964 2091 1033 inde

237 1113 303 1180 sivi
330 1115 472 1181 abeant.
497 1119 533 1182 et
556 1115 651 1182 bunc
676 1115 818 1181 brebem
841 1111 968 1198 scripsi
992 1129 1057 1196 ego
1081 1111 1254 1180 iohannes
1278 1111 1426 1180 clericus
1450 1117 1485 1180 et
1508 1113 1667 1182 notarius
1691 1114 1753 1200 qui
1779 1115 1941 1184 interlui.

989 1756 1336 1840 DLXXXVI.

1014 2049 1068 2126 A.
1097 2047 1147 2125 D.
1177 2045 1305 2129 1006.

282 2287 317 2427 †
342 2341 381 2406 ln
407 2337 550 2406 nomine
573 2337 707 2405 domini
731 2337 787 2405 dei
805 2336 992 2406 salvatoris
1008 2337 1109 2406 ihesu
1124 2340 1224 2408 cristi
1240 2343 1458 2428 temporibus
1473 2341 1592 2409 domni
1608 2343 1717 2428 sergii
1734 2346 1770 2410 et
1782 2343 1902 2410 domni
1921 2351 2085 2417 mansoni

241 2494 439 2580 genitorem
463 2496 499 2560 et
524 2492 635 2559 filium
652 2490 899 2577 gloriosissimi
916 2491 1029 2579 duciS,
1046 2510 1141 2560 anno
1157 2496 1262 2563 tertio
1278 2496 1335 2564 die
1356 2548 1593 2564 .........
1618 2499 1750 2565 mensis
1766 2499 1871 2586 iunii,
1887 2501 2084 2571 indictione

236 2651 387 2732 quarta,
413 2647 547 2714 amalfi.
573 2647 714 2713 Certum
737 2649 789 2712 est
813 2664 868 2714 me
893 2664 976 2712 urso
999 2645 1072 2713 lilio
1103 2648 1282 2732 quondam
1311 2647 1427 2735 lupini
1451 2650 1494 2716 de
1517 2649 1643 2716 domno
1666 2652 1782 2738 erini,
1806 2656 1842 2719 et
1866 2653 2018 2722 invicem
2041 2658 2083 2724 de

235 2799 302 2886 ipsi
330 2798 501 2866 infantuli
526 2799 645 2886 nepoti
669 2801 739 2867 mei
765 2799 830 2867 lilii
853 2801 1030 2885 quondam
1055 2799 1147 2866 leoni
1172 2803 1373 2889 presbiteri,
1398 2809 1433 2871 et
1456 2804 1574 2890 sergio
1598 2805 1763 2890 germani
1788 2808 1856 2874 mei
1882 2828 1903 2875 a
1927 2811 2084 2894 presenti

236 2953 293 3020 die
316 2958 352 3020 et
373 2956 532 3038 tempore
557 2953 788 3038 prontissima
811 2952 1028 3020 voluntatem
1051 2953 1194 3022 tradere
1210 2961 1245 3022 et
1261 2957 1448 3042 assignare
1466 2957 1563 3024 visus
1579 2977 1656 3024 sum
1673 2957 1772 3025 vobis
1787 2959 1915 3025 domno
1933 2963 2083 3030 mastalo

235 3107 311 3172 filio
335 3106 514 3194 quondam
539 3105 630 3173 leoni
655 3106 797 3191 roiboli,
822 3105 911 3172 idest
934 3110 1054 3191 partes
1077 3111 1150 3172 tres
1174 3106 1216 3174 de
1240 3109 1354 3192 ipsum
1379 3127 1542 3195 campum
1566 3114 1726 3178 nostrum
1749 3111 1789 3177 in
1811 3112 1900 3180 fonti
1916 3114 2081 3199 positum;

241 3265 304 3327 boc
329 3263 383 3328 est
408 3263 485 3344 ipsa
510 3261 706 3346 portionem
730 3278 847 3327 meam
869 3264 905 3326 et
927 3262 1029 3326 ambe
1055 3258 1129 3344 ipse
1154 3260 1324 3344 portionis
1340 3264 1383 3330 de
1398 3265 1633 3350 suprascripti
1658 3265 1827 3333 infantuli
1854 3267 1973 3352 nepoti
1997 3269 2081 3354 mei;

238 3424 307 3484 tote
331 3419 404 3483 tres
426 3420 545 3501 partes
568 3431 653 3479 vero
675 3411 799 3480 inclite
816 3413 913 3479 vobis
929 3412 1193 3498 assignavimus
1216 3433 1296 3480 cum
1312 3414 1368 3482 vie
1385 3432 1447 3482 sue
1463 3421 1498 3482 et
1513 3415 1634 3483 omnia
1651 3434 1716 3483 sua
1739 3417 1975 3504 pertinentia,
1994 3439 2082 3504 qua·

235 3569 316 3636 liter
339 3587 402 3655 per
426 3568 493 3654 ipsi
518 3567 635 3634 merisi
660 3568 818 3634 continet
841 3567 932 3651 quod
956 3565 1051 3635 inter
1074 3568 1174 3635 nobis
1197 3568 1357 3654 fecimus3
1382 3584 1422 3633 eo
1446 3570 1529 3635 'vero
1553 3567 1696 3655 placito,
1721 3574 1762 3636 ut
1787 3570 1943 3656 cultctis,
1969 3573 2081 3657 pasti·

234 3723 327 3790 netis
350 3721 481 3789 ividem
505 3721 645 3788 vineam
662 3726 697 3789 et
713 3721 895 3806 pomifera,
921 3723 956 3786 et
978 3721 1125 3788 armetis
1149 3740 1229 3788 cum
1253 3737 1392 3788 omnem
1416 3724 1573 3788 vestrum
1597 3721 1865 3808 expensarium,
1889 3723 1991 3790 etde
2016 3741 2081 3790 sex

233 3875 271 3941 in
294 3891 358 3941 sex
375 3893 488 3942 annos
503 3876 639 3960 partire
655 3873 858 3959 deveamuS,
873 3874 958 3940 dum
973 3874 1168 3959 oportuerit
1183 3891 1242 3938 vos
1257 3873 1300 3940 de
1317 3874 1560 3960 suprascripta
1576 3879 1675 3944 terra
1693 3875 1867 3961 laborare;
1885 3879 1921 3943 et
1937 3893 2080 3944 omnem

231 4028 404 4116 frugium,
429 4028 521 4114 quod
546 4028 642 4094 vovis
665 4028 751 4096 deus
774 4026 912 4096 dederit
935 4026 1075 4114 ividem,
1099 4029 1214 4094 totum
1238 4031 1355 4094 vestre
1371 4026 1419 4094 sit
1435 4027 1631 4114 potestatis,
1656 4028 1758 4094 nobis
1774 4029 1905 4097 exinde
1929 4029 2077 4117 aliquod

230 4199 300 4248 non
325 4182 419 4250 detis
442 4201 552 4268 usque
576 4181 614 4246 in
638 4183 881 4268 suprascripta
904 4180 1109 4266 constituta,
1133 4179 1226 4265 quod
1250 4179 1399 4248 dicimus
1421 4180 1556 4266 partire
1572 4181 1614 4247 de
1630 4199 1695 4249 sex
1712 4181 1751 4247 in
1767 4200 1831 4249 sex
1854 4200 1978 4250 annos:
1997 4189 2077 4252 tan-

230 4343 317 4422 tum,
342 4341 379 4404 et
402 4336 570 4422 diximus,
595 4336 679 4402 dum
703 4353 764 4402 vos
787 4337 830 4403 dc
853 4335 1098 4420 suprascripta
1121 4337 1219 4400 terra
1243 4330 1408 4399 laborare
1431 4331 1614 4399 volueritis
1638 4350 1701 4418 per
1725 4333 1804 4417 ipsa
1829 4335 2074 4421 suprascripta

228 4492 435 4577 constituta,
459 4492 525 4557 hoc
547 4494 601 4556 est
626 4489 669 4556 de
692 4507 756 4557 sex
772 4487 811 4553 in
834 4504 899 4554 sex
922 4502 1049 4572 annos,
1072 4484 1208 4571 partire
1232 4485 1422 4552 deveamus
1444 4483 1559 4552 celum
1581 4489 1680 4553 terra
1703 4503 1766 4571 per
1782 4485 2019 4574 medietatem,
2038 4493 2074 4556 et

228 4659 341 4730 neque
366 4662 441 4730 nos,
466 4663 581 4729 neque
604 4659 681 4710 omo
705 4645 823 4708 noster
848 4641 947 4707 vobis
969 4639 1098 4706 ividem
1124 4637 1245 4705 nullus
1261 4636 1409 4724 invitus,
1425 4643 1488 4706 aut
1503 4638 1687 4725 virtutem,
1704 4637 1759 4705 vel
1776 4638 1997 4708 invasionem
2021 4640 2073 4708 sa-

227 4798 383 4886 ciamus,
409 4805 462 4866 set
485 4818 530 4866 av
555 4815 695 4865 omnem
719 4797 871 4863 ominem
894 4812 956 4861 nos
980 4795 1079 4860 vobis
1102 4810 1160 4858 eos
1183 4793 1368 4862 defensare
1392 4794 1653 4880 promittimus3
1678 4795 1713 4860 et
1736 4794 1877 4878 quando
1906 4794 1978 4862 iam
2002 4813 2074 4862 non

230 4953 425 5040 oportuerit
447 4971 508 5020 vos
530 4953 573 5020 de
597 4954 838 5040 suprascripta
862 4956 961 5019 terra
984 4951 1147 5020 laborare
1171 4956 1347 5038 quantum
1370 4966 1519 5018 vacuum
1541 4948 1672 5016 exinde
1697 4949 1925 5036 remanserit,
1950 4949 1988 5015 in
2013 4966 2075 5015 no-

225 5111 336 5176 stram
360 5110 545 5176 remaneat
568 5111 775 5193 potestatem
782 5125 791 5191 ;
813 5110 849 5173 et
864 5105 894 5172 si
911 5125 972 5173 vos
995 5107 1072 5191 ipsa
1095 5104 1293 5189 portionem
1317 5105 1474 5170 vestram
1497 5101 1644 5168 vindere
1669 5101 1867 5186 venieritis,
1892 5102 1993 5170 nobis
2015 5119 2073 5169 eos

226 5261 375 5329 vendere
398 5261 558 5330 deveatis
581 5267 619 5330 at
643 5263 854 5348 appretiat03
879 5265 914 5327 et
937 5261 967 5327 si
993 5277 1058 5326 nos
1079 5276 1138 5326 eos
1162 5273 1370 5342 comparare
1392 5271 1464 5322 non
1488 5251 1719 5342 voluerimus,
1743 5255 1889 5325 vindere
1912 5257 2072 5326 deveatis

225 5414 280 5480 cui
303 5413 503 5500 volueritis,
520 5418 555 5482 et
571 5415 602 5481 si
618 5433 681 5481 nos
698 5413 844 5482 vindere
870 5411 1089 5482 venierimus
1104 5409 1182 5496 ipsa
1205 5406 1402 5492 portionem
1426 5410 1600 5492 nostram,
1624 5424 1686 5474 vos
1702 5409 1839 5476 aveatis
1856 5426 1920 5495 pro
1942 5411 2071 5479 timissi

230 5581 287 5630 eos
310 5582 510 5650 conparare
534 5571 572 5632 at
595 5565 805 5651 appretiato;
829 5569 865 5630 et
887 5564 918 5630 si
942 5580 1003 5630 vos
1027 5579 1085 5628 eos
1107 5578 1303 5646 conparare
1330 5577 1401 5625 non
1424 5557 1622 5646 volueritis,
1640 5559 1784 5628 vindere
1799 5561 1988 5629 deveamus
2013 5567 2072 5632 cui

224 5715 454 5785 voluerimus.
478 5718 576 5785 Unda
600 5717 695 5785 inter
719 5734 783 5784 nos
806 5716 1058 5802 promittimus,
1083 5713 1198 5800 utqui
1215 5713 1258 5780 de
1276 5730 1340 5779 nos
1356 5712 1399 5779 de
1415 5711 1655 5799 suprascripto
1677 5712 1808 5800 placito
1830 5715 1995 5786 minuare
2011 5727 2073 5788 aut

227 5875 412 5942 retornare
437 5871 666 5958 presumerit,
691 5885 899 5955 componere
915 5867 1040 5936 deveat
1063 5869 1154 5937 auri
1168 5847 1270 5935 solidi
1287 5866 1419 5955 viginti
1434 5865 1624 5954 bytiantei‚
1641 5869 1676 5934 et
1693 5865 1809 5954 ipsum
1824 5867 1995 5956 placitum
2011 5893 2073 5960 per
