<?xml version="1.0" encoding="UTF-8"?>
<!DOCTYPE html PUBLIC "-//W3C//DTD XHTML 1.0 Transitional//EN"
    "http://www.w3.org/TR/xhtml1/DTD/xhtml1-transitional.dtd">
<html xmlns="http://www.w3.org/1999/xhtml" xml:lang="en" lang="en">
 <head>
  <title>
</title>
<meta http-equiv="Content-Type" content="text/html;charset=utf-8" />
  <meta name='ocr-system' content='tesseract 3.04.00' />
  <meta name='ocr-capabilities' content='ocr_page ocr_carea ocr_par ocr_line ocrx_word'/>
</head>
<body>
  <div class='ocr_page' id='page_1' title='image "./codexdiplomatic05aragoog_0243.png"; bbox 0 0 5334 7098; ppageno 0'>
   <div class='ocr_carea' id='block_1_1' title="bbox 616 562 1730 645">
    <p class='ocr_par' dir='ltr' id='par_1_1' title="bbox 616 562 1730 645">
     <span class='ocr_line' id='line_1_1' title="bbox 616 562 1730 645; baseline -0.001 -9"><span class='ocrx_word' id='word_1_1' title='bbox 616 565 688 637; x_wconf 67' lang='lat'>202</span> <span class='ocrx_word' id='word_1_2' title='bbox 1059 641 1060 645; x_wconf 59' lang='grc'>,</span> <span class='ocrx_word' id='word_1_3' title='bbox 1257 563 1432 638; x_wconf 80' lang='lat' dir='ltr'>cobnx</span> <span class='ocrx_word' id='word_1_4' title='bbox 1465 562 1730 636; x_wconf 81' lang='lat' dir='ltr'><strong>CAVENSIS</strong></span> 
     </span>
    </p>
   </div>
   <div class='ocr_carea' id='block_1_2' title="bbox 559 785 2509 4086">
    <p class='ocr_par' dir='ltr' id='par_1_2' title="bbox 559 785 2509 3622">
     <span class='ocr_line' id='line_1_2' title="bbox 573 785 2423 878; baseline 0.003 -24"><span class='ocrx_word' id='word_1_5' title='bbox 573 786 826 877; x_wconf 63' lang='lat' dir='ltr'>medicamen,</span> <span class='ocrx_word' id='word_1_6' title='bbox 851 791 888 858; x_wconf 89' lang='lat' dir='ltr'>et</span> <span class='ocrx_word' id='word_1_7' title='bbox 911 805 974 856; x_wconf 91' lang='lat' dir='ltr'>nos</span> <span class='ocrx_word' id='word_1_8' title='bbox 997 787 1238 878; x_wconf 80' lang='lat' dir='ltr'>medietatem3</span> <span class='ocrx_word' id='word_1_9' title='bbox 1262 791 1406 859; x_wconf 88' lang='lat' dir='ltr'>tanturn</span> <span class='ocrx_word' id='word_1_10' title='bbox 1430 791 1606 876; x_wconf 89' lang='lat' dir='ltr'>quantum</span> <span class='ocrx_word' id='word_1_11' title='bbox 1629 791 1694 857; x_wconf 92' lang='lat' dir='ltr'>hoc</span> <span class='ocrx_word' id='word_1_12' title='bbox 1718 805 1853 856; x_wconf 92' lang='lat' dir='ltr'>annum</span> <span class='ocrx_word' id='word_1_13' title='bbox 1878 788 1916 855; x_wconf 92' lang='lat' dir='ltr'>in</span> <span class='ocrx_word' id='word_1_14' title='bbox 1941 785 2011 856; x_wconf 90' lang='lat' dir='ltr'>ista</span> <span class='ocrx_word' id='word_1_15' title='bbox 2034 787 2151 875; x_wconf 92' lang='lat' dir='ltr'>prima</span> <span class='ocrx_word' id='word_1_16' title='bbox 2174 787 2357 860; x_wconf 90' lang='lat' dir='ltr'>vindemia</span> <span class='ocrx_word' id='word_1_17' title='bbox 2381 791 2423 860; x_wconf 89' lang='lat' dir='ltr'>do</span> 
     </span>
     <span class='ocr_line' id='line_1_3' title="bbox 571 939 2430 1030; baseline 0.004 -24"><span class='ocrx_word' id='word_1_18' title='bbox 571 939 652 1027; x_wconf 87' lang='lat' dir='ltr'>ipsa</span> <span class='ocrx_word' id='word_1_19' title='bbox 675 942 781 1007; x_wconf 89' lang='lat' dir='ltr'>rebus</span> <span class='ocrx_word' id='word_1_20' title='bbox 805 958 869 1009; x_wconf 91' lang='lat' dir='ltr'>nos</span> <span class='ocrx_word' id='word_1_21' title='bbox 893 939 1252 1028; x_wconf 85' lang='lat' dir='ltr'>vindemiaberimus‚</span> <span class='ocrx_word' id='word_1_22' title='bbox 1272 939 1345 1007; x_wconf 90' lang='lat' dir='ltr'>illis</span> <span class='ocrx_word' id='word_1_23' title='bbox 1366 940 1496 1010; x_wconf 89' lang='lat' dir='ltr'>tollant</span> <span class='ocrx_word' id='word_1_24' title='bbox 1512 939 1593 1009; x_wconf 87' lang='lat' dir='ltr'>inde</span> <span class='ocrx_word' id='word_1_25' title='bbox 1617 941 1686 1009; x_wconf 92' lang='lat' dir='ltr'>due</span> <span class='ocrx_word' id='word_1_26' title='bbox 1710 941 1830 1028; x_wconf 90' lang='lat' dir='ltr'>sortis,</span> <span class='ocrx_word' id='word_1_27' title='bbox 1854 945 1890 1010; x_wconf 92' lang='lat' dir='ltr'>et</span> <span class='ocrx_word' id='word_1_28' title='bbox 1912 958 1976 1008; x_wconf 91' lang='lat' dir='ltr'>nos</span> <span class='ocrx_word' id='word_1_29' title='bbox 1999 959 2086 1028; x_wconf 90' lang='lat' dir='ltr'>una;</span> <span class='ocrx_word' id='word_1_30' title='bbox 2110 941 2186 1028; x_wconf 90' lang='lat' dir='ltr'>ipso</span> <span class='ocrx_word' id='word_1_31' title='bbox 2210 941 2314 1030; x_wconf 87' lang='lat' dir='ltr'>aliut,</span> <span class='ocrx_word' id='word_1_32' title='bbox 2339 944 2430 1030; x_wconf 88' lang='lat' dir='ltr'>quod</span> 
     </span>
     <span class='ocr_line' id='line_1_4' title="bbox 569 1091 2425 1181; baseline 0.002 -24"><span class='ocrx_word' id='word_1_33' title='bbox 569 1107 633 1158; x_wconf 89' lang='lat' dir='ltr'>nos</span> <span class='ocrx_word' id='word_1_34' title='bbox 655 1108 728 1158; x_wconf 91' lang='lat' dir='ltr'>non</span> <span class='ocrx_word' id='word_1_35' title='bbox 751 1091 1090 1161; x_wconf 90' lang='lat' dir='ltr'>vindemiaberimus</span> <span class='ocrx_word' id='word_1_36' title='bbox 1112 1110 1153 1159; x_wconf 87' lang='lat' dir='ltr'>oo</span> <span class='ocrx_word' id='word_1_37' title='bbox 1174 1110 1326 1180; x_wconf 87' lang='lat' dir='ltr'>annum,</span> <span class='ocrx_word' id='word_1_38' title='bbox 1343 1091 1448 1161; x_wconf 88' lang='lat' dir='ltr'>tollat</span> <span class='ocrx_word' id='word_1_39' title='bbox 1464 1091 1536 1160; x_wconf 93' lang='lat' dir='ltr'>illis</span> <span class='ocrx_word' id='word_1_40' title='bbox 1553 1109 1612 1159; x_wconf 90' lang='lat' dir='ltr'>eos</span> <span class='ocrx_word' id='word_1_41' title='bbox 1629 1091 1713 1180; x_wconf 87' lang='lat' dir='ltr'>sibi,</span> <span class='ocrx_word' id='word_1_42' title='bbox 1730 1097 1767 1161; x_wconf 90' lang='lat' dir='ltr'>et</span> <span class='ocrx_word' id='word_1_43' title='bbox 1790 1094 1869 1180; x_wconf 89' lang='lat' dir='ltr'>ipsa</span> <span class='ocrx_word' id='word_1_44' title='bbox 1893 1092 2085 1160; x_wconf 90' lang='lat' dir='ltr'>sortionem</span> <span class='ocrx_word' id='word_1_45' title='bbox 2108 1111 2218 1180; x_wconf 90' lang='lat' dir='ltr'>quam</span> <span class='ocrx_word' id='word_1_46' title='bbox 2241 1093 2285 1160; x_wconf 92' lang='lat' dir='ltr'>de</span> <span class='ocrx_word' id='word_1_47' title='bbox 2308 1093 2425 1181; x_wconf 90' lang='lat' dir='ltr'>predi-</span> 
     </span>
     <span class='ocr_line' id='line_1_5' title="bbox 568 1242 2423 1333; baseline 0.003 -24"><span class='ocrx_word' id='word_1_48' title='bbox 568 1246 666 1310; x_wconf 88' lang='lat' dir='ltr'>ctum</span> <span class='ocrx_word' id='word_1_49' title='bbox 689 1242 812 1310; x_wconf 90' lang='lat' dir='ltr'>vinum</span> <span class='ocrx_word' id='word_1_50' title='bbox 836 1261 974 1330; x_wconf 81' lang='lat' dir='ltr'>semper</span> <span class='ocrx_word' id='word_1_51' title='bbox 990 1243 1034 1313; x_wconf 91' lang='lat' dir='ltr'>ad</span> <span class='ocrx_word' id='word_1_52' title='bbox 1050 1263 1134 1331; x_wconf 88' lang='lat' dir='ltr'>pars</span> <span class='ocrx_word' id='word_1_53' title='bbox 1150 1243 1317 1313; x_wconf 90' lang='lat' dir='ltr'>iamdicte</span> <span class='ocrx_word' id='word_1_54' title='bbox 1334 1243 1507 1312; x_wconf 90' lang='lat' dir='ltr'>hecclesie</span> <span class='ocrx_word' id='word_1_55' title='bbox 1524 1245 1678 1332; x_wconf 89' lang='lat' dir='ltr'>venerit,</span> <span class='ocrx_word' id='word_1_56' title='bbox 1696 1262 1760 1312; x_wconf 92' lang='lat' dir='ltr'>nos</span> <span class='ocrx_word' id='word_1_57' title='bbox 1778 1243 1861 1312; x_wconf 91' lang='lat' dir='ltr'>illut</span> <span class='ocrx_word' id='word_1_58' title='bbox 1879 1262 2092 1330; x_wconf 81' lang='lat' dir='ltr'>reponamus</span> <span class='ocrx_word' id='word_1_59' title='bbox 2117 1244 2213 1314; x_wconf 89' lang='lat' dir='ltr'>intus</span> <span class='ocrx_word' id='word_1_60' title='bbox 2238 1246 2318 1333; x_wconf 91' lang='lat' dir='ltr'>ipsa</span> <span class='ocrx_word' id='word_1_61' title='bbox 2341 1265 2423 1316; x_wconf 89' lang='lat' dir='ltr'>casa</span> 
     </span>
     <span class='ocr_line' id='line_1_6' title="bbox 569 1395 2425 1485; baseline 0.003 -23"><span class='ocrx_word' id='word_1_62' title='bbox 569 1397 608 1464; x_wconf 91' lang='lat' dir='ltr'>in</span> <span class='ocrx_word' id='word_1_63' title='bbox 631 1414 802 1484; x_wconf 84' lang='lat' dir='ltr'>organea,</span> <span class='ocrx_word' id='word_1_64' title='bbox 820 1417 929 1484; x_wconf 88' lang='lat' dir='ltr'>quam</span> <span class='ocrx_word' id='word_1_65' title='bbox 944 1418 1028 1485; x_wconf 91' lang='lat' dir='ltr'>pars</span> <span class='ocrx_word' id='word_1_66' title='bbox 1043 1397 1201 1485; x_wconf 84' lang='lat' dir='ltr'>predicte</span> <span class='ocrx_word' id='word_1_67' title='bbox 1219 1399 1391 1467; x_wconf 89' lang='lat' dir='ltr'>hecclesie</span> <span class='ocrx_word' id='word_1_68' title='bbox 1415 1397 1516 1464; x_wconf 89' lang='lat' dir='ltr'>nobis</span> <span class='ocrx_word' id='word_1_69' title='bbox 1532 1395 1609 1463; x_wconf 92' lang='lat' dir='ltr'>hibi</span> <span class='ocrx_word' id='word_1_70' title='bbox 1625 1395 1774 1484; x_wconf 85' lang='lat' dir='ltr'>dederit,</span> <span class='ocrx_word' id='word_1_71' title='bbox 1799 1399 1835 1465; x_wconf 92' lang='lat' dir='ltr'>et</span> <span class='ocrx_word' id='word_1_72' title='bbox 1852 1414 1917 1463; x_wconf 92' lang='lat' dir='ltr'>nos</span> <span class='ocrx_word' id='word_1_73' title='bbox 1942 1415 2102 1483; x_wconf 83' lang='lat' dir='ltr'>organea</span> <span class='ocrx_word' id='word_1_74' title='bbox 2126 1397 2203 1484; x_wconf 90' lang='lat' dir='ltr'>ipsa</span> <span class='ocrx_word' id='word_1_75' title='bbox 2228 1417 2322 1468; x_wconf 89' lang='lat' dir='ltr'>vona</span> <span class='ocrx_word' id='word_1_76' title='bbox 2344 1416 2425 1468; x_wconf 90' lang='lat' dir='ltr'>con-</span> 
     </span>
     <span class='ocr_line' id='line_1_7' title="bbox 567 1524 2426 1638; baseline 0.001 -22"><span class='ocrx_word' id='word_1_77' title='bbox 567 1551 702 1618; x_wconf 90' lang='lat' dir='ltr'>ciemus</span> <span class='ocrx_word' id='word_1_78' title='bbox 717 1553 754 1618; x_wconf 89' lang='lat' dir='ltr'>et</span> <span class='ocrx_word' id='word_1_79' title='bbox 771 1551 847 1638; x_wconf 90' lang='lat' dir='ltr'>ipso</span> <span class='ocrx_word' id='word_1_80' title='bbox 861 1550 988 1618; x_wconf 88' lang='lat' dir='ltr'>vinum</span> <span class='ocrx_word' id='word_1_81' title='bbox 1005 1551 1144 1620; x_wconf 90' lang='lat' dir='ltr'>salbum</span> <span class='ocrx_word' id='word_1_82' title='bbox 1160 1550 1345 1636; x_wconf 82' lang='lat' dir='ltr'>faciamus,</span> <span class='ocrx_word' id='word_1_83' title='bbox 1362 1549 1472 1618; x_wconf 89' lang='lat' dir='ltr'>donec</span> <span class='ocrx_word' id='word_1_84' title='bbox 1488 1524 1696 1617; x_wconf 78' lang='lat' dir='ltr'>annualiter</span> <span class='ocrx_word' id='word_1_85' title='bbox 1723 1547 1796 1615; x_wconf 93' lang='lat' dir='ltr'>illis</span> <span class='ocrx_word' id='word_1_86' title='bbox 1814 1565 1873 1615; x_wconf 91' lang='lat' dir='ltr'>eos</span> <span class='ocrx_word' id='word_1_87' title='bbox 1898 1547 1981 1615; x_wconf 88' lang='lat' dir='ltr'>inde</span> <span class='ocrx_word' id='word_1_88' title='bbox 2004 1548 2144 1636; x_wconf 89' lang='lat' dir='ltr'>tulerit,</span> <span class='ocrx_word' id='word_1_89' title='bbox 2169 1549 2302 1635; x_wconf 84' lang='lat' dir='ltr'>absque</span> <span class='ocrx_word' id='word_1_90' title='bbox 2325 1549 2426 1636; x_wconf 82' lang='lat' dir='ltr'>dege-</span> 
     </span>
     <span class='ocr_line' id='line_1_8' title="bbox 568 1701 2424 1791; baseline 0.001 -21"><span class='ocrx_word' id='word_1_91' title='bbox 568 1701 757 1772; x_wconf 88' lang='lat' dir='ltr'>neratione</span> <span class='ocrx_word' id='word_1_92' title='bbox 781 1707 817 1771; x_wconf 91' lang='lat' dir='ltr'>et</span> <span class='ocrx_word' id='word_1_93' title='bbox 832 1703 917 1790; x_wconf 84' lang='lat' dir='ltr'>igne</span> <span class='ocrx_word' id='word_1_94' title='bbox 931 1708 967 1770; x_wconf 92' lang='lat' dir='ltr'>et</span> <span class='ocrx_word' id='word_1_95' title='bbox 983 1721 1115 1788; x_wconf 89' lang='lat' dir='ltr'>mures,</span> <span class='ocrx_word' id='word_1_96' title='bbox 1131 1708 1252 1772; x_wconf 89' lang='lat' dir='ltr'>tamen</span> <span class='ocrx_word' id='word_1_97' title='bbox 1269 1703 1346 1771; x_wconf 92' lang='lat' dir='ltr'>sine</span> <span class='ocrx_word' id='word_1_98' title='bbox 1363 1706 1487 1772; x_wconf 89' lang='lat' dir='ltr'>nostra</span> <span class='ocrx_word' id='word_1_99' title='bbox 1510 1702 1754 1790; x_wconf 82' lang='lat' dir='ltr'>neglegentia3</span> <span class='ocrx_word' id='word_1_100' title='bbox 1780 1703 1927 1770; x_wconf 90' lang='lat' dir='ltr'>missum</span> <span class='ocrx_word' id='word_1_101' title='bbox 1951 1721 2034 1770; x_wconf 85' lang='lat' dir='ltr'>vero</span> <span class='ocrx_word' id='word_1_102' title='bbox 2057 1705 2119 1788; x_wconf 92' lang='lat' dir='ltr'>qui</span> <span class='ocrx_word' id='word_1_103' title='bbox 2144 1721 2207 1789; x_wconf 90' lang='lat' dir='ltr'>pro</span> <span class='ocrx_word' id='word_1_104' title='bbox 2230 1723 2315 1791; x_wconf 91' lang='lat' dir='ltr'>pars</span> <span class='ocrx_word' id='word_1_105' title='bbox 2340 1703 2424 1772; x_wconf 89' lang='lat' dir='ltr'>iam-</span> 
     </span>
     <span class='ocr_line' id='line_1_9' title="bbox 569 1851 2424 1941; baseline 0.003 -23"><span class='ocrx_word' id='word_1_106' title='bbox 569 1851 663 1920; x_wconf 87' lang='lat' dir='ltr'>dicte</span> <span class='ocrx_word' id='word_1_107' title='bbox 687 1853 859 1920; x_wconf 88' lang='lat' dir='ltr'>hecclesie</span> <span class='ocrx_word' id='word_1_108' title='bbox 883 1852 1089 1921; x_wconf 86' lang='lat' dir='ltr'>annualiter</span> <span class='ocrx_word' id='word_1_109' title='bbox 1113 1851 1187 1919; x_wconf 89' lang='lat' dir='ltr'>hibi</span> <span class='ocrx_word' id='word_1_110' title='bbox 1207 1853 1372 1921; x_wconf 89' lang='lat' dir='ltr'>venerint</span> <span class='ocrx_word' id='word_1_111' title='bbox 1387 1853 1555 1922; x_wconf 85' lang='lat' dir='ltr'>standum</span> <span class='ocrx_word' id='word_1_112' title='bbox 1571 1872 1677 1940; x_wconf 90' lang='lat' dir='ltr'>super</span> <span class='ocrx_word' id='word_1_113' title='bbox 1694 1853 1772 1940; x_wconf 89' lang='lat' dir='ltr'>ipsa</span> <span class='ocrx_word' id='word_1_114' title='bbox 1788 1855 1981 1941; x_wconf 86' lang='lat' dir='ltr'>vindemia,</span> <span class='ocrx_word' id='word_1_115' title='bbox 2006 1870 2071 1922; x_wconf 90' lang='lat' dir='ltr'>nos</span> <span class='ocrx_word' id='word_1_116' title='bbox 2097 1853 2197 1921; x_wconf 90' lang='lat' dir='ltr'>illum</span> <span class='ocrx_word' id='word_1_117' title='bbox 2222 1855 2424 1925; x_wconf 88' lang='lat' dir='ltr'>nutriamus</span> 
     </span>
     <span class='ocr_line' id='line_1_10' title="bbox 566 2003 2419 2095; baseline 0.004 -27"><span class='ocrx_word' id='word_1_118' title='bbox 566 2005 762 2072; x_wconf 88' lang='lat' dir='ltr'>secundum</span> <span class='ocrx_word' id='word_1_119' title='bbox 787 2008 946 2073; x_wconf 88' lang='lat' dir='ltr'>nostram</span> <span class='ocrx_word' id='word_1_120' title='bbox 971 2003 1257 2092; x_wconf 81' lang='lat' dir='ltr'>possibilitatem,</span> <span class='ocrx_word' id='word_1_121' title='bbox 1273 2005 1383 2073; x_wconf 90' lang='lat' dir='ltr'>donec</span> <span class='ocrx_word' id='word_1_122' title='bbox 1399 2025 1462 2090; x_wconf 91' lang='lat' dir='ltr'>pro</span> <span class='ocrx_word' id='word_1_123' title='bbox 1479 2005 1556 2092; x_wconf 89' lang='lat' dir='ltr'>ipsa</span> <span class='ocrx_word' id='word_1_124' title='bbox 1573 2008 1754 2076; x_wconf 90' lang='lat' dir='ltr'>vindemia</span> <span class='ocrx_word' id='word_1_125' title='bbox 1776 2012 1811 2076; x_wconf 90' lang='lat' dir='ltr'>et</span> <span class='ocrx_word' id='word_1_126' title='bbox 1828 2007 2071 2094; x_wconf 90' lang='lat' dir='ltr'>recipiendum</span> <span class='ocrx_word' id='word_1_127' title='bbox 2096 2009 2171 2095; x_wconf 90' lang='lat' dir='ltr'>ipso</span> <span class='ocrx_word' id='word_1_128' title='bbox 2194 2009 2319 2075; x_wconf 89' lang='lat' dir='ltr'>vinum</span> <span class='ocrx_word' id='word_1_129' title='bbox 2344 2009 2419 2076; x_wconf 89' lang='lat' dir='ltr'>hibi</span> 
     </span>
     <span class='ocr_line' id='line_1_11' title="bbox 566 2156 2496 2246; baseline 0.004 -24"><span class='ocrx_word' id='word_1_130' title='bbox 566 2157 722 2242; x_wconf 87' lang='lat' dir='ltr'>steterit,</span> <span class='ocrx_word' id='word_1_131' title='bbox 746 2175 809 2224; x_wconf 91' lang='lat' dir='ltr'>seu</span> <span class='ocrx_word' id='word_1_132' title='bbox 832 2160 867 2224; x_wconf 93' lang='lat' dir='ltr'>et</span> <span class='ocrx_word' id='word_1_133' title='bbox 890 2156 1097 2224; x_wconf 86' lang='lat' dir='ltr'>annualiter</span> <span class='ocrx_word' id='word_1_134' title='bbox 1120 2157 1244 2224; x_wconf 90' lang='lat' dir='ltr'>demus</span> <span class='ocrx_word' id='word_1_135' title='bbox 1267 2175 1389 2224; x_wconf 90' lang='lat' dir='ltr'>eorum</span> <span class='ocrx_word' id='word_1_136' title='bbox 1412 2157 1696 2246; x_wconf 84' lang='lat' dir='ltr'>palmentateka,</span> <span class='ocrx_word' id='word_1_137' title='bbox 1721 2163 1814 2229; x_wconf 90' lang='lat' dir='ltr'>sicut</span> <span class='ocrx_word' id='word_1_138' title='bbox 1830 2161 2046 2228; x_wconf 86' lang='lat' dir='ltr'>consuetudo</span> <span class='ocrx_word' id='word_1_139' title='bbox 2070 2163 2138 2246; x_wconf 82' lang='lat' dir='ltr'>est,</span> <span class='ocrx_word' id='word_1_140' title='bbox 2163 2160 2330 2228; x_wconf 79' lang='lat' dir='ltr'>uidelicet</span> <span class='ocrx_word' id='word_1_141' title='bbox 2352 2160 2423 2230; x_wconf 89' lang='lat' dir='ltr'>dua</span> <span class='ocrx_word' id='word_1_142' title='bbox 2494 2177 2496 2180; x_wconf 90' lang='grc'><strong><em>·</em></strong></span> 
     </span>
     <span class='ocr_line' id='line_1_12' title="bbox 565 2309 2425 2400; baseline -0.001 -18"><span class='ocrx_word' id='word_1_143' title='bbox 565 2312 672 2397; x_wconf 83' lang='lat' dir='ltr'>paria</span> <span class='ocrx_word' id='word_1_144' title='bbox 695 2311 738 2379; x_wconf 90' lang='lat' dir='ltr'>de</span> <span class='ocrx_word' id='word_1_145' title='bbox 762 2310 851 2398; x_wconf 90' lang='lat' dir='ltr'>pulli</span> <span class='ocrx_word' id='word_1_146' title='bbox 878 2309 974 2397; x_wconf 82' lang='lat' dir='ltr'>roni3</span> <span class='ocrx_word' id='word_1_147' title='bbox 998 2315 1034 2378; x_wconf 88' lang='lat' dir='ltr'>et</span> <span class='ocrx_word' id='word_1_148' title='bbox 1057 2311 1162 2396; x_wconf 89' lang='lat' dir='ltr'>quale</span> <span class='ocrx_word' id='word_1_149' title='bbox 1186 2317 1343 2398; x_wconf 87' lang='lat' dir='ltr'>tempore</span> <span class='ocrx_word' id='word_1_150' title='bbox 1367 2329 1431 2379; x_wconf 93' lang='lat' dir='ltr'>nos</span> <span class='ocrx_word' id='word_1_151' title='bbox 1454 2311 1659 2400; x_wconf 88' lang='lat' dir='ltr'>nostrisque</span> <span class='ocrx_word' id='word_1_152' title='bbox 1683 2314 1874 2382; x_wconf 88' lang='lat' dir='ltr'>heredibus</span> <span class='ocrx_word' id='word_1_153' title='bbox 1898 2317 2002 2382; x_wconf 86' lang='lat' dir='ltr'>natos</span> <span class='ocrx_word' id='word_1_154' title='bbox 2026 2317 2195 2382; x_wconf 87' lang='lat' dir='ltr'>nascente</span> <span class='ocrx_word' id='word_1_155' title='bbox 2219 2313 2425 2400; x_wconf 83' lang='lat' dir='ltr'>supradicta</span> 
     </span>
     <span class='ocr_line' id='line_1_13' title="bbox 567 2465 2421 2554; baseline 0.001 -22"><span class='ocrx_word' id='word_1_156' title='bbox 567 2467 677 2534; x_wconf 90' lang='lat' dir='ltr'>rebus</span> <span class='ocrx_word' id='word_1_157' title='bbox 701 2470 823 2534; x_wconf 88' lang='lat' dir='ltr'>tenere</span> <span class='ocrx_word' id='word_1_158' title='bbox 846 2469 882 2533; x_wconf 91' lang='lat' dir='ltr'>et</span> <span class='ocrx_word' id='word_1_159' title='bbox 905 2465 1068 2534; x_wconf 90' lang='lat' dir='ltr'>laborare</span> <span class='ocrx_word' id='word_1_160' title='bbox 1093 2465 1313 2534; x_wconf 88' lang='lat' dir='ltr'>noluerimus</span> <span class='ocrx_word' id='word_1_161' title='bbox 1331 2465 1370 2531; x_wconf 92' lang='lat' dir='ltr'>in</span> <span class='ocrx_word' id='word_1_162' title='bbox 1389 2465 1599 2550; x_wconf 88' lang='lat' dir='ltr'>supradicta</span> <span class='ocrx_word' id='word_1_163' title='bbox 1617 2466 1773 2552; x_wconf 87' lang='lat' dir='ltr'>ratione,</span> <span class='ocrx_word' id='word_1_164' title='bbox 1795 2470 1883 2533; x_wconf 91' lang='lat' dir='ltr'>tunc</span> <span class='ocrx_word' id='word_1_165' title='bbox 1906 2471 1981 2534; x_wconf 91' lang='lat' dir='ltr'>tota</span> <span class='ocrx_word' id='word_1_166' title='bbox 2005 2471 2040 2534; x_wconf 94' lang='lat' dir='ltr'>et</span> <span class='ocrx_word' id='word_1_167' title='bbox 2064 2465 2190 2535; x_wconf 87' lang='lat' dir='ltr'>inclita</span> <span class='ocrx_word' id='word_1_168' title='bbox 2213 2469 2321 2534; x_wconf 90' lang='lat' dir='ltr'>rebus</span> <span class='ocrx_word' id='word_1_169' title='bbox 2345 2468 2421 2554; x_wconf 91' lang='lat' dir='ltr'>ipsa</span> 
     </span>
     <span class='ocr_line' id='line_1_14' title="bbox 568 2615 2421 2707; baseline 0.002 -25"><span class='ocrx_word' id='word_1_170' title='bbox 568 2616 669 2686; x_wconf 89' lang='lat' dir='ltr'>clusa</span> <span class='ocrx_word' id='word_1_171' title='bbox 693 2635 785 2688; x_wconf 83' lang='lat' dir='ltr'>vona</span> <span class='ocrx_word' id='word_1_172' title='bbox 808 2619 1009 2706; x_wconf 88' lang='lat' dir='ltr'>circoitum‚</span> <span class='ocrx_word' id='word_1_173' title='bbox 1026 2622 1061 2686; x_wconf 88' lang='lat' dir='ltr'>et</span> <span class='ocrx_word' id='word_1_174' title='bbox 1077 2623 1222 2705; x_wconf 87' lang='lat' dir='ltr'>operata</span> <span class='ocrx_word' id='word_1_175' title='bbox 1246 2623 1282 2686; x_wconf 85' lang='lat' dir='ltr'>et</span> <span class='ocrx_word' id='word_1_176' title='bbox 1297 2619 1448 2704; x_wconf 83' lang='lat' dir='ltr'>cultata,</span> <span class='ocrx_word' id='word_1_177' title='bbox 1474 2619 1699 2686; x_wconf 87' lang='lat' dir='ltr'>remittamus</span> <span class='ocrx_word' id='word_1_178' title='bbox 1723 2617 1766 2686; x_wconf 90' lang='lat' dir='ltr'>ad</span> <span class='ocrx_word' id='word_1_179' title='bbox 1792 2621 1963 2704; x_wconf 88' lang='lat' dir='ltr'>potestate</span> <span class='ocrx_word' id='word_1_180' title='bbox 1986 2615 2098 2704; x_wconf 89' lang='lat' dir='ltr'>ipsius</span> <span class='ocrx_word' id='word_1_181' title='bbox 2121 2617 2316 2707; x_wconf 84' lang='lat' dir='ltr'>hecclesie,</span> <span class='ocrx_word' id='word_1_182' title='bbox 2341 2637 2421 2688; x_wconf 90' lang='lat' dir='ltr'>cum</span> 
     </span>
     <span class='ocr_line' id='line_1_15' title="bbox 566 2769 2420 2858; baseline 0.004 -24"><span class='ocrx_word' id='word_1_183' title='bbox 566 2770 641 2856; x_wconf 88' lang='lat' dir='ltr'>ipso</span> <span class='ocrx_word' id='word_1_184' title='bbox 664 2771 883 2858; x_wconf 90' lang='lat' dir='ltr'>palmentum</span> <span class='ocrx_word' id='word_1_185' title='bbox 908 2777 943 2840; x_wconf 93' lang='lat' dir='ltr'>et</span> <span class='ocrx_word' id='word_1_186' title='bbox 966 2792 1047 2839; x_wconf 90' lang='lat' dir='ltr'>eum</span> <span class='ocrx_word' id='word_1_187' title='bbox 1071 2791 1182 2839; x_wconf 90' lang='lat' dir='ltr'>unum</span> <span class='ocrx_word' id='word_1_188' title='bbox 1199 2771 1394 2858; x_wconf 92' lang='lat' dir='ltr'>applictum</span> <span class='ocrx_word' id='word_1_189' title='bbox 1410 2790 1539 2838; x_wconf 86' lang='lat' dir='ltr'>vonum</span> <span class='ocrx_word' id='word_1_190' title='bbox 1556 2770 1700 2838; x_wconf 82' lang='lat' dir='ltr'>deoasa</span> <span class='ocrx_word' id='word_1_191' title='bbox 1714 2769 1853 2836; x_wconf 88' lang='lat' dir='ltr'>clusum</span> <span class='ocrx_word' id='word_1_192' title='bbox 1869 2771 1904 2836; x_wconf 89' lang='lat' dir='ltr'>et</span> <span class='ocrx_word' id='word_1_193' title='bbox 1921 2772 2136 2858; x_wconf 87' lang='lat' dir='ltr'>coopertum,</span> <span class='ocrx_word' id='word_1_194' title='bbox 2162 2777 2198 2840; x_wconf 91' lang='lat' dir='ltr'>et</span> <span class='ocrx_word' id='word_1_195' title='bbox 2219 2789 2283 2839; x_wconf 88' lang='lat' dir='ltr'>nos</span> <span class='ocrx_word' id='word_1_196' title='bbox 2306 2772 2420 2842; x_wconf 89' lang='lat' dir='ltr'>licead</span> 
     </span>
     <span class='ocr_line' id='line_1_16' title="bbox 564 2920 2419 3012; baseline 0.004 -25"><span class='ocrx_word' id='word_1_197' title='bbox 564 2921 647 2990; x_wconf 91' lang='lat' dir='ltr'>inde</span> <span class='ocrx_word' id='word_1_198' title='bbox 670 2924 772 2992; x_wconf 80' lang='lat' dir='ltr'>exire</span> <span class='ocrx_word' id='word_1_199' title='bbox 795 2943 877 2991; x_wconf 88' lang='lat' dir='ltr'>cum</span> <span class='ocrx_word' id='word_1_200' title='bbox 900 2924 973 2993; x_wconf 85' lang='lat' dir='ltr'>alia</span> <span class='ocrx_word' id='word_1_201' title='bbox 996 2943 1105 2994; x_wconf 89' lang='lat' dir='ltr'>causa</span> <span class='ocrx_word' id='word_1_202' title='bbox 1129 2931 1252 2994; x_wconf 89' lang='lat' dir='ltr'>nostra</span> <span class='ocrx_word' id='word_1_203' title='bbox 1276 2923 1445 3010; x_wconf 86' lang='lat' dir='ltr'>mobilia,</span> <span class='ocrx_word' id='word_1_204' title='bbox 1478 2922 1556 2991; x_wconf 87' lang='lat' dir='ltr'>sine</span> <span class='ocrx_word' id='word_1_205' title='bbox 1588 2941 1671 3008; x_wconf 90' lang='lat' dir='ltr'>pars</span> <span class='ocrx_word' id='word_1_206' title='bbox 1704 2921 1862 3008; x_wconf 91' lang='lat' dir='ltr'>predicte</span> <span class='ocrx_word' id='word_1_207' title='bbox 1886 2920 2057 2990; x_wconf 87' lang='lat' dir='ltr'>hecclesie</span> <span class='ocrx_word' id='word_1_208' title='bbox 2081 2924 2354 3012; x_wconf 82' lang='lat' dir='ltr'>contrarietate3</span> <span class='ocrx_word' id='word_1_209' title='bbox 2377 2927 2419 2996; x_wconf 91' lang='lat' dir='ltr'>de</span> 
     </span>
     <span class='ocr_line' id='line_1_17' title="bbox 562 3073 2509 3164; baseline 0.002 -21"><span class='ocrx_word' id='word_1_210' title='bbox 562 3095 636 3163; x_wconf 91' lang='lat' dir='ltr'>qua</span> <span class='ocrx_word' id='word_1_211' title='bbox 658 3095 721 3162; x_wconf 88' lang='lat' dir='ltr'>per</span> <span class='ocrx_word' id='word_1_212' title='bbox 740 3093 832 3145; x_wconf 90' lang='lat' dir='ltr'>vona</span> <span class='ocrx_word' id='word_1_213' title='bbox 848 3078 1108 3146; x_wconf 89' lang='lat' dir='ltr'>combenientia</span> <span class='ocrx_word' id='word_1_214' title='bbox 1124 3096 1188 3164; x_wconf 88' lang='lat' dir='ltr'>per</span> <span class='ocrx_word' id='word_1_215' title='bbox 1204 3075 1478 3146; x_wconf 87' lang='lat' dir='ltr'>demandatione</span> <span class='ocrx_word' id='word_1_216' title='bbox 1499 3075 1612 3161; x_wconf 91' lang='lat' dir='ltr'>ipsius</span> <span class='ocrx_word' id='word_1_217' title='bbox 1627 3075 1748 3142; x_wconf 89' lang='lat' dir='ltr'>domni</span> <span class='ocrx_word' id='word_1_218' title='bbox 1765 3075 1888 3142; x_wconf 92' lang='lat' dir='ltr'>abbati</span> <span class='ocrx_word' id='word_1_219' title='bbox 1904 3073 2040 3161; x_wconf 86' lang='lat' dir='ltr'>guadia</span> <span class='ocrx_word' id='word_1_220' title='bbox 2057 3075 2158 3143; x_wconf 93' lang='lat' dir='ltr'>nobis</span> <span class='ocrx_word' id='word_1_221' title='bbox 2173 3075 2242 3162; x_wconf 88' lang='lat' dir='ltr'>ipsi</span> <span class='ocrx_word' id='word_1_222' title='bbox 2259 3077 2417 3146; x_wconf 83' lang='lat' dir='ltr'>friderisi</span> <span class='ocrx_word' id='word_1_223' title='bbox 2505 3081 2509 3096; x_wconf 93' lang='lat'>&#39;</span> 
     </span>
     <span class='ocr_line' id='line_1_18' title="bbox 563 3225 2415 3318; baseline -0.001 -19"><span class='ocrx_word' id='word_1_224' title='bbox 563 3235 599 3299; x_wconf 88' lang='lat' dir='ltr'>et</span> <span class='ocrx_word' id='word_1_225' title='bbox 624 3228 807 3298; x_wconf 89' lang='lat' dir='ltr'>maraldus</span> <span class='ocrx_word' id='word_1_226' title='bbox 832 3246 1008 3298; x_wconf 88' lang='lat' dir='ltr'>unacum</span> <span class='ocrx_word' id='word_1_227' title='bbox 1033 3227 1201 3297; x_wconf 89' lang='lat' dir='ltr'>iamdicto</span> <span class='ocrx_word' id='word_1_228' title='bbox 1224 3227 1470 3296; x_wconf 88' lang='lat' dir='ltr'>adbocatorem</span> <span class='ocrx_word' id='word_1_229' title='bbox 1492 3226 1680 3312; x_wconf 91' lang='lat' dir='ltr'>dederunt;</span> <span class='ocrx_word' id='word_1_230' title='bbox 1698 3229 1734 3294; x_wconf 91' lang='lat' dir='ltr'>et</span> <span class='ocrx_word' id='word_1_231' title='bbox 1758 3225 1989 3296; x_wconf 87' lang='lat' dir='ltr'>mediatorem</span> <span class='ocrx_word' id='word_1_232' title='bbox 2014 3229 2116 3295; x_wconf 89' lang='lat' dir='ltr'>nobis</span> <span class='ocrx_word' id='word_1_233' title='bbox 2140 3236 2334 3317; x_wconf 90' lang='lat' dir='ltr'>posuerunt</span> <span class='ocrx_word' id='word_1_234' title='bbox 2357 3250 2415 3318; x_wconf 90' lang='lat' dir='ltr'>pe-</span> 
     </span>
     <span class='ocr_line' id='line_1_19' title="bbox 562 3379 2413 3468; baseline 0.001 -18"><span class='ocrx_word' id='word_1_235' title='bbox 562 3389 643 3450; x_wconf 88' lang='lat' dir='ltr'>trus</span> <span class='ocrx_word' id='word_1_236' title='bbox 661 3381 836 3468; x_wconf 88' lang='lat' dir='ltr'>presbiter</span> <span class='ocrx_word' id='word_1_237' title='bbox 852 3381 948 3449; x_wconf 87' lang='lat' dir='ltr'>filius</span> <span class='ocrx_word' id='word_1_238' title='bbox 965 3380 1129 3467; x_wconf 85' lang='lat' dir='ltr'>stephani</span> <span class='ocrx_word' id='word_1_239' title='bbox 1135 3399 1144 3465; x_wconf 91' lang='lat'>;</span> <span class='ocrx_word' id='word_1_240' title='bbox 1169 3383 1205 3446; x_wconf 91' lang='lat' dir='ltr'>et</span> <span class='ocrx_word' id='word_1_241' title='bbox 1227 3397 1290 3464; x_wconf 90' lang='lat' dir='ltr'>per</span> <span class='ocrx_word' id='word_1_242' title='bbox 1312 3379 1435 3447; x_wconf 87' lang='lat' dir='ltr'>eadem</span> <span class='ocrx_word' id='word_1_243' title='bbox 1452 3380 1587 3468; x_wconf 80' lang='lat' dir='ltr'>guadia</span> <span class='ocrx_word' id='word_1_244' title='bbox 1601 3383 1666 3447; x_wconf 84' lang='lat' dir='ltr'>etc.</span> <span class='ocrx_word' id='word_1_245' title='bbox 1683 3381 1832 3449; x_wconf 76' lang='lat' dir='ltr'>Statura</span> <span class='ocrx_word' id='word_1_246' title='bbox 1846 3383 1962 3449; x_wconf 73' lang='lat' dir='ltr'>molto</span> <span class='ocrx_word' id='word_1_247' title='bbox 1975 3383 2104 3468; x_wconf 65' lang='lat' dir='ltr'>viginti</span> <span class='ocrx_word' id='word_1_248' title='bbox 2120 3386 2206 3451; x_wconf 66' lang='grc' dir='ltr'>αιινὶ</span> <span class='ocrx_word' id='word_1_249' title='bbox 2222 3384 2413 3452; x_wconf 80' lang='lat' dir='ltr'>solidorum</span> 
     </span>
     <span class='ocr_line' id='line_1_20' title="bbox 559 3533 2291 3622; baseline 0 -16"><span class='ocrx_word' id='word_1_250' title='bbox 559 3537 952 3606; x_wconf 76' lang='lat' dir='ltr'>constantinianorum.</span> <span class='ocrx_word' id='word_1_251' title='bbox 977 3535 1023 3602; x_wconf 85' lang='lat' dir='ltr'>Et</span> <span class='ocrx_word' id='word_1_252' title='bbox 1045 3538 1142 3602; x_wconf 89' lang='lat' dir='ltr'>hunc</span> <span class='ocrx_word' id='word_1_253' title='bbox 1165 3537 1308 3602; x_wconf 91' lang='lat' dir='ltr'>brebem</span> <span class='ocrx_word' id='word_1_254' title='bbox 1331 3535 1459 3604; x_wconf 89' lang='lat' dir='ltr'>scribsi</span> <span class='ocrx_word' id='word_1_255' title='bbox 1481 3553 1547 3621; x_wconf 83' lang='lat' dir='ltr'>ego</span> <span class='ocrx_word' id='word_1_256' title='bbox 1568 3533 1735 3622; x_wconf 85' lang='lat' dir='ltr'>superius</span> <span class='ocrx_word' id='word_1_257' title='bbox 1757 3535 1873 3603; x_wconf 86' lang='lat' dir='ltr'>dictus</span> <span class='ocrx_word' id='word_1_258' title='bbox 1896 3535 2090 3604; x_wconf 87' lang='lat' dir='ltr'>roderisius</span> <span class='ocrx_word' id='word_1_259' title='bbox 2113 3537 2291 3608; x_wconf 87' lang='lat' dir='ltr'>notarius.</span> 
     </span>
    </p>

    <p class='ocr_par' dir='ltr' id='par_1_3' title="bbox 607 3657 1470 3776">
     <span class='ocr_line' id='line_1_21' title="bbox 607 3657 1470 3776; baseline 0.002 -24"><span class='ocrx_word' id='word_1_260' title='bbox 607 3657 639 3776; x_wconf 92' lang='lat'><em>†</em></span> <span class='ocrx_word' id='word_1_261' title='bbox 665 3688 739 3774; x_wconf 83' lang='lat' dir='ltr'>Ego</span> <span class='ocrx_word' id='word_1_262' title='bbox 762 3688 822 3773; x_wconf 88' lang='lat' dir='ltr'>qui</span> <span class='ocrx_word' id='word_1_263' title='bbox 849 3705 958 3776; x_wconf 90' lang='lat' dir='ltr'>supra</span> <span class='ocrx_word' id='word_1_264' title='bbox 982 3687 1077 3757; x_wconf 91' lang='lat' dir='ltr'>maio</span> <span class='ocrx_word' id='word_1_265' title='bbox 1101 3687 1275 3774; x_wconf 89' lang='lat' dir='ltr'>presbiter</span> <span class='ocrx_word' id='word_1_266' title='bbox 1301 3691 1336 3754; x_wconf 91' lang='lat' dir='ltr'>et</span> <span class='ocrx_word' id='word_1_267' title='bbox 1358 3688 1470 3756; x_wconf 91' lang='lat' dir='ltr'>abbas</span> 
     </span>
    </p>

    <p class='ocr_par' dir='ltr' id='par_1_4' title="bbox 608 3815 1397 3932">
     <span class='ocr_line' id='line_1_22' title="bbox 608 3815 1397 3932; baseline 0 -23"><span class='ocrx_word' id='word_1_268' title='bbox 608 3815 640 3932; x_wconf 92' lang='lat'>†</span> <span class='ocrx_word' id='word_1_269' title='bbox 666 3845 741 3932; x_wconf 80' lang='lat' dir='ltr'>Ego</span> <span class='ocrx_word' id='word_1_270' title='bbox 762 3845 889 3912; x_wconf 90' lang='lat' dir='ltr'>Petrus</span> <span class='ocrx_word' id='word_1_271' title='bbox 912 3845 1085 3930; x_wconf 89' lang='lat' dir='ltr'>presbiter</span> <span class='ocrx_word' id='word_1_272' title='bbox 1109 3848 1145 3911; x_wconf 90' lang='lat' dir='ltr'>et</span> <span class='ocrx_word' id='word_1_273' title='bbox 1168 3841 1397 3930; x_wconf 83' lang='lat' dir='ltr'>primicerius</span> 
     </span>
    </p>

    <p class='ocr_par' dir='ltr' id='par_1_5' title="bbox 605 3969 1390 4086">
     <span class='ocr_line' id='line_1_23' title="bbox 605 3969 1390 4086; baseline 0.001 -23"><span class='ocrx_word' id='word_1_274' title='bbox 605 3969 638 4086; x_wconf 95' lang='lat'>†</span> <span class='ocrx_word' id='word_1_275' title='bbox 662 3999 739 4085; x_wconf 81' lang='lat' dir='ltr'>Ego</span> <span class='ocrx_word' id='word_1_276' title='bbox 760 3997 904 4066; x_wconf 85' lang='lat' dir='ltr'>altanus</span> <span class='ocrx_word' id='word_1_277' title='bbox 926 3999 1090 4066; x_wconf 89' lang='lat' dir='ltr'>notarius</span> <span class='ocrx_word' id='word_1_278' title='bbox 1114 4015 1169 4065; x_wconf 91' lang='lat' dir='ltr'>me</span> <span class='ocrx_word' id='word_1_279' title='bbox 1193 3996 1390 4083; x_wconf 87' lang='lat' dir='ltr'>subscripsi</span> 
     </span>
    </p>
   </div>
   <div class='ocr_carea' id='block_1_3' title="bbox 604 4123 1442 4240">
    <p class='ocr_par' dir='ltr' id='par_1_6' title="bbox 604 4123 1442 4240">
     <span class='ocr_line' id='line_1_24' title="bbox 604 4123 1442 4240; baseline 0 -23"><span class='ocrx_word' id='word_1_280' title='bbox 604 4123 635 4240; x_wconf 94' lang='lat'>†</span> <span class='ocrx_word' id='word_1_281' title='bbox 661 4152 736 4240; x_wconf 84' lang='lat' dir='ltr'>Ego</span> <span class='ocrx_word' id='word_1_282' title='bbox 759 4151 945 4240; x_wconf 86' lang='lat' dir='ltr'>laquintus</span> <span class='ocrx_word' id='word_1_283' title='bbox 969 4150 1130 4220; x_wconf 87' lang='lat' dir='ltr'>notarius</span> <span class='ocrx_word' id='word_1_284' title='bbox 1154 4169 1210 4219; x_wconf 91' lang='lat' dir='ltr'>me</span> <span class='ocrx_word' id='word_1_285' title='bbox 1234 4151 1442 4238; x_wconf 87' lang='lat' dir='ltr'>subscripsi.</span> 
     </span>
    </p>
   </div>
   <div class='ocr_carea' id='block_1_4' title="bbox 1356 4437 1712 4446">
    <p class='ocr_par' dir='ltr' id='par_1_7' title="bbox 1356 4437 1712 4446">
     <span class='ocr_line' id='line_1_25' title="bbox 1356 4437 1712 4446; baseline -0.003 -1"><span class='ocrx_word' id='word_1_286' title='bbox 1356 4441 1361 4445; x_wconf 78' lang='grc'>.</span> <span class='ocrx_word' id='word_1_287' title='bbox 1377 4439 1482 4446; x_wconf 81' lang='lat'><em>...--—-</em></span> <span class='ocrx_word' id='word_1_288' title='bbox 1489 4437 1667 4445; x_wconf 52' lang='grc' dir='ltr'>-..ι-...ω</span> <span class='ocrx_word' id='word_1_289' title='bbox 1678 4437 1712 4446; x_wconf 75' lang='grc' dir='ltr'>ι-</span> 
     </span>
    </p>
   </div>
   <div class='ocr_carea' id='block_1_5' title="bbox 1377 4789 1582 4871">
    <p class='ocr_par' dir='ltr' id='par_1_8' title="bbox 1377 4789 1582 4871">
     <span class='ocr_line' id='line_1_26' title="bbox 1377 4789 1582 4871; baseline -0.024 0"><span class='ocrx_word' id='word_1_290' title='bbox 1377 4789 1582 4871; x_wconf 87' lang='lat' dir='ltr'>DCLV.</span> 
     </span>
    </p>
   </div>
   <div class='ocr_carea' id='block_1_6' title="bbox 1338 5079 1624 5161">
    <p class='ocr_par' dir='ltr' id='par_1_9' title="bbox 1338 5079 1624 5161">
     <span class='ocr_line' id='line_1_27' title="bbox 1338 5079 1624 5161; baseline -0.024 -1"><span class='ocrx_word' id='word_1_291' title='bbox 1338 5082 1392 5160; x_wconf 91' lang='lat' dir='ltr'>A.</span> <span class='ocrx_word' id='word_1_292' title='bbox 1422 5081 1473 5160; x_wconf 93' lang='lat' dir='ltr'>D.</span> <span class='ocrx_word' id='word_1_293' title='bbox 1501 5079 1624 5161; x_wconf 82' lang='lat'>1012.</span> 
     </span>
    </p>
   </div>
   <div class='ocr_carea' id='block_1_7' title="bbox 599 5379 2284 5618">
    <p class='ocr_par' dir='ltr' id='par_1_10' title="bbox 599 5379 2284 5618">
     <span class='ocr_line' id='line_1_28' title="bbox 600 5379 864 5449; baseline -0.019 0"><span class='ocrx_word' id='word_1_294' title='bbox 600 5379 864 5449; x_wconf 72' lang='lat' dir='ltr'>Seminarium:</span> 
     </span>
     <span class='ocr_line' id='line_1_29' title="bbox 599 5477 2284 5618; baseline -0.002 -19"><span class='ocrx_word' id='word_1_295' title='bbox 599 5477 636 5618; x_wconf 76' lang='lat'><strong>†</strong></span> <span class='ocrx_word' id='word_1_296' title='bbox 663 5534 766 5598; x_wconf 82' lang='lat' dir='ltr'>Anno</span> <span class='ocrx_word' id='word_1_297' title='bbox 789 5529 955 5599; x_wconf 91' lang='lat' dir='ltr'>vicesimo</span> <span class='ocrx_word' id='word_1_298' title='bbox 979 5535 1109 5614; x_wconf 86' lang='lat' dir='ltr'>quarto</span> <span class='ocrx_word' id='word_1_299' title='bbox 1131 5526 1356 5616; x_wconf 87' lang='lat' dir='ltr'>principatus</span> <span class='ocrx_word' id='word_1_300' title='bbox 1379 5527 1585 5611; x_wconf 80' lang='lat' dir='ltr'>Weimarii,</span> <span class='ocrx_word' id='word_1_301' title='bbox 1611 5542 1731 5594; x_wconf 88' lang='lat' dir='ltr'>mense</span> <span class='ocrx_word' id='word_1_302' title='bbox 1755 5523 1886 5610; x_wconf 81' lang='lat' dir='ltr'>Aprili,</span> <span class='ocrx_word' id='word_1_303' title='bbox 1911 5526 2049 5595; x_wconf 87' lang='lat' dir='ltr'>decima</span> <span class='ocrx_word' id='word_1_304' title='bbox 2071 5525 2284 5596; x_wconf 85' lang='lat' dir='ltr'>indictione.</span> 
     </span>
    </p>
   </div>
   <div class='ocr_carea' id='block_1_8' title="bbox 598 5675 2416 5764">
    <p class='ocr_par' dir='ltr' id='par_1_11' title="bbox 598 5675 2416 5764">
     <span class='ocr_line' id='line_1_30' title="bbox 598 5675 2416 5764; baseline -0.001 -16"><span class='ocrx_word' id='word_1_305' title='bbox 598 5703 618 5748; x_wconf 67' lang='lat' dir='ltr'>e</span> <span class='ocrx_word' id='word_1_306' title='bbox 642 5683 736 5750; x_wconf 86' lang='lat' dir='ltr'>llaec</span> <span class='ocrx_word' id='word_1_307' title='bbox 758 5684 885 5752; x_wconf 86' lang='lat' dir='ltr'>charta</span> <span class='ocrx_word' id='word_1_308' title='bbox 909 5679 952 5750; x_wconf 91' lang='lat' dir='ltr'>de</span> <span class='ocrx_word' id='word_1_309' title='bbox 976 5681 1100 5750; x_wconf 81' lang='lat' dir='ltr'>eadem</span> <span class='ocrx_word' id='word_1_310' title='bbox 1122 5677 1346 5748; x_wconf 87' lang='lat' dir='ltr'>concessione</span> <span class='ocrx_word' id='word_1_311' title='bbox 1370 5678 1461 5764; x_wconf 84' lang='lat' dir='ltr'>agit,</span> <span class='ocrx_word' id='word_1_312' title='bbox 1477 5675 1520 5743; x_wconf 89' lang='lat' dir='ltr'>de</span> <span class='ocrx_word' id='word_1_313' title='bbox 1543 5695 1614 5763; x_wconf 90' lang='lat' dir='ltr'>qna</span> <span class='ocrx_word' id='word_1_314' title='bbox 1640 5675 1866 5745; x_wconf 87' lang='lat' dir='ltr'>antecedens.</span> <span class='ocrx_word' id='word_1_315' title='bbox 1892 5675 1987 5744; x_wconf 86' lang='lat' dir='ltr'>Idem</span> <span class='ocrx_word' id='word_1_316' title='bbox 2011 5678 2175 5744; x_wconf 88' lang='lat' dir='ltr'>notarius</span> <span class='ocrx_word' id='word_1_317' title='bbox 2199 5677 2416 5748; x_wconf 73' lang='lat' dir='ltr'>Roderisins</span> 
     </span>
    </p>
   </div>
   <div class='ocr_carea' id='block_1_9' title="bbox 552 5837 1089 5907">
    <p class='ocr_par' dir='ltr' id='par_1_12' title="bbox 552 5837 1089 5907">
     <span class='ocr_line' id='line_1_31' title="bbox 552 5837 1089 5907; baseline 0.006 -5"><span class='ocrx_word' id='word_1_318' title='bbox 552 5859 571 5902; x_wconf 82' lang='lat'><strong>‹</strong></span> <span class='ocrx_word' id='word_1_319' title='bbox 598 5837 691 5905; x_wconf 87' lang='lat' dir='ltr'>hanc</span> <span class='ocrx_word' id='word_1_320' title='bbox 715 5839 883 5906; x_wconf 83' lang='lat' dir='ltr'>chartam</span> <span class='ocrx_word' id='word_1_321' title='bbox 911 5837 1089 5907; x_wconf 84' lang='lat' dir='ltr'>exaravit.</span> 
     </span>
    </p>
   </div>
   <div class='ocr_carea' id='block_1_10' title="bbox 0 0 2672 7098">
    <p class='ocr_par' dir='ltr' id='par_1_13' title="bbox 0 0 2672 7098">
     <span class='ocr_line' id='line_1_32' title="bbox 0 0 2672 7098; baseline 0 5"><span class='ocrx_word' id='word_1_322' title='bbox 0 0 2672 7098; x_wconf 95' lang='lat' dir='ltr'> </span> 
     </span>
    </p>
   </div>
  </div>
 </body>
</html>
