5310 7080
589 509 636 578 91
1238 515 1701 589 1011111111811

541 735 578 799 11
603 751 683 798 suos
708 735 831 803 eredes
854 741 927 804 tota
951 738 1029 822 ipsa
1054 740 1159 804 rebus
1184 740 1400 823 temporibus
1424 741 1498 807 suis
1523 741 1684 809 laborare
1709 747 1744 808 et
1767 738 1920 825 cultare,
1936 743 1972 804 et
1987 737 2127 805 clusum
2143 739 2271 823 abead,
2297 737 2391 805 sicut

541 886 716 953 meruerit
738 888 835 954 locus
859 886 945 973 ipse,
971 889 1007 954 et
1032 892 1144 955 totum
1168 906 1226 956 eos
1249 889 1454 958 laborarent
1477 896 1514 958 et
1536 891 1715 961 cultarenl
1738 892 1781 960 dc
1805 911 1910 977 super
1934 895 1970 957 et
1993 889 2036 957 de
2059 891 2195 976 subter,
2220 890 2314 956 sicut
2340 891 2391 956 lo-

542 1055 606 1104 cus
630 1039 704 1124 ipse
728 1041 914 1126 meruerit,
939 1044 1115 1126 quatenus
1138 1042 1326 1127 proficiant
1349 1047 1385 1110 et
1408 1061 1478 1110 non
1504 1045 1722 1131 dispereant,
1747 1047 1782 1110 11
1797 1063 1882 1130 pars
1900 1044 2015 1129 ipsius
2031 1042 2179 1110 ecclesie
2196 1040 2393 1128 adsingna·

542 1196 624 1257 rent
648 1191 777 1259 ibidem
801 1211 923 1260 eorum
947 1212 1118 1281 organea,
1143 1195 1201 1261 ubi
1229 1199 1442 1282 reponerent
1465 1195 1543 1282 ipsa
1566 1215 1632 1262 sua
1656 1195 1814 1262 sortione
1830 1195 1873 1261 de
1891 1195 1967 1281 ipso
1984 1193 2122 1280 binum,
2140 1197 2175 1261 11
2191 1192 2263 1258 illis
2287 1211 2391 1281 orga-

541 1362 611 1411 nea
636 1342 727 1429 ipsa,
751 1346 844 1412 sicut
869 1347 1055 1432 meruerit,
1079 1348 1298 1434 nonciarent,
1315 1352 1351 1414 11
1368 1351 1413 1415 ab
1430 1349 1526 1414 intro
1542 1368 1626 1416 casa
1642 1367 1720 1434 sua,
1739 1349 1798 1414 ubi
1817 1347 1995 1415 residente
2011 1353 2080 1432 est,
2105 1347 2143 1414 in
2171 1347 2247 1433 ipso
2272 1346 2389 1414 locum

537 1511 727 1583 reponere,
753 1503 788 1565 et
801 1500 887 1584 ipso
903 1502 1026 1567 binum
1043 1499 1181 1568 salbum
1198 1501 1370 1589 11111111,
1387 1521 1498 1587 usque
1515 1504 1599 1569 dum
1616 1521 1697 1588 pars
1714 1501 1826 1588 ipsius
1843 1501 1989 1570 ecclesie
2007 1500 2088 1568 illut
2111 1501 2194 1569 inde
2220 1499 2386 1585 tulerint,

543 1648 678 1734 absque
701 1653 975 1739 degeneratione
999 1658 1035 1720 et
1059 1654 1169 1739 ingne
1185 1659 1221 1721 11
1238 1673 1368 1721 mures:
1387 1655 1533 1723 missum
1550 1655 1709 1742 predicte
1725 1655 1885 1740 ecclesie,
1902 1671 2007 1740 quem
2030 1653 2162 1722 ibidem
2185 1653 2387 1721 direxerint

544 1826 608 1894 pro
632 1807 705 1890 ipse
730 1805 907 1873 bindemie
924 1807 1164 1904 reponendum
1180 1811 1215 1874 11
1232 1805 1474 1892 recipiendum
1490 1805 1567 1892 ipsa
1583 1825 1646 1872 sua
1662 1806 1818 1872 sortione
1833 1805 1876 1872 de
1891 1805 1968 1890 ipso
1984 1806 2108 1872 binum
2132 1810 2167 1873 11
2193 1805 2269 1890 ipse
2294 1807 2389 1872 abel-

543 1959 640 2046 11111,
663 1961 746 2025 dum
772 1958 902 2026 ibidem
926 1959 1107 2045 steterint,
1132 1959 1204 2026 illis
1227 1963 1263 2026 ct
1288 1959 1362 2025 suis
1378 1959 1541 2026 eredibus
1556 1976 1639 2024 eum
1655 1958 1833 2024 notrirent
1848 1957 2041 2024 secundum
2058 1976 2160 2026 suam
2176 1957 2389 2043 possibilita-

541 2115 665 2179 temet
684 2113 761 2178 eius
777 2111 886 2179 suerit
902 2129 1081 2196 rnensura;
1099 2115 1134 2178 11
1150 2111 1193 2178 de
1209 2112 1302 2196 quod
1319 2112 1358 2178 in
1374 2111 1452 2196 ipsa
1469 2111 1574 2177 rebus
1590 2109 1795 2178 annualiter
1812 2111 2083 2196 seminaberint,
2108 2111 2217 2178 deant
2240 2112 2280 2177 in
2305 2127 2387 2194 pars

547 2267 660 2352 ipsius
683 2266 830 2332 ecclesie
853 2265 1063 2333 terraticum
1078 2265 1273 2332 secundum
1290 2263 1577 2331 consuetudinem
1603 2262 1646 2330 de
1669 2269 1745 2349 ipso
1761 2262 1889 2330 locum.
1914 2220 1958 2330 ad
1983 2262 2149 2348 completi
2175 2262 2299 2331 amodo
2322 2263 2389 2350 ipsi

543 2419 663 2487 decem
688 2419 776 2487 anni
800 2419 872 2486 illis
895 2423 930 2487 11
946 2418 1020 2484 suis
1035 2416 1199 2485 eredibus
1215 2420 1346 2484 abeant
1362 2418 1400 2483 in
1415 2421 1490 2483 tota
1505 2413 1712 2502 supradicta
1728 2415 1944 2482 tradictione
1960 2416 2056 2484 iufra
2073 2415 2278 2502 supradicte
2308 2420 2392 2485 linis

540 2577 576 2640 et
600 2575 780 2640 mensurio
805 2575 989 2640 arbustum
1015 2573 1161 2656 sactum,
1180 2571 1348 2654 bitatnm,
1365 2573 1400 2636 et
1415 2569 1588 2637 cullatum
1606 2572 1641 2634 11
1656 2573 1810 2654 surtum,
1826 2575 1861 2637 et
1877 2570 1917 2637 in
1934 2569 2009 2654 ipsa
2034 2569 2222 2638 medietate
2245 2571 2289 2637 de
2314 2571 2389 2656 ipso

544 2725 798 2794 abellaniotum
824 2730 934 2791 toturn
959 2725 1090 2790 sactum
1107 2721 1308 2806 plantatum
1325 2719 1578 2789 abellanietum
1596 2726 1747 2809 suctum,
1765 2722 1857 2791 sicut
1881 2723 1923 2791 de
1940 2730 2058 2792 tantos
2082 2741 2196 2792 annos
2220 2726 2392 2791 meruerit

541 2886 577 2946 11
600 2881 666 2946 1111
691 2879 789 2945 illius
813 2883 866 2944 est
891 2877 1118 2962 consuetudo;
1143 2881 1178 2942 et
1203 2875 1273 2940 illis
1297 2881 1332 2943 et
1356 2874 1431 2942 suis
1456 2877 1620 2943 eredibus
1644 2879 1740 2944 omni
1765 2883 1920 2964 tempore
1945 2879 2026 2945 illut
2048 2883 2211 2945 tenerent
2235 2885 2269 2946 11
2294 2879 2390 2947 labo-

547 3035 672 3100 rarent
696 3031 734 3096 in
759 3029 1004 3115 suprascripta
1028 3027 1182 3110 ratione,
1207 3031 1242 3092 11
1265 3026 1473 3094 annualiter
1498 3028 1536 3093 in
1560 3047 1642 3114 pars
1667 3031 1778 3116 ipsius
1800 3030 1946 3098 ecclesie
1970 2991 2226 3116 palmentatica
2248 3031 2390 3117 darent,

544 3183 638 3250 sicut
656 3183 871 3250 consuetudo
895 3185 949 3248 est
974 3181 1069 3247 locus
1093 3181 1181 3266 ipse3
1199 3185 1235 3245 et
1258 3179 1365 3264 quale
1390 3185 1546 3267 tempore
1569 3185 1615 3251 da
1638 3185 1707 3270 ipsi
1731 3184 1850 3251 decem
1875 3185 1964 3252 anni
1988 3181 2026 3248 in
2050 3189 2157 3252 antea
2181 3187 2287 3251 rebus
2312 3186 2391 3270 ipsa

543 3343 667 3406 tenere
692 3343 727 3404 et
752 3337 915 3406 laborare
940 3353 1008 3401 non
1036 3334 1229 3418 boluerint,
1254 3339 1340 3401 tunc
1364 3335 1528 3404 inclitum
1554 3338 1636 3406 illut
1652 3338 1853 3406 laboratum
1876 3342 1912 3404 11
1935 3337 2074 3403 clusum
2099 3337 2322 3405 remitterent
2352 3336 2398 3405 ad

543 3497 738 3578 postestate
763 3492 876 3578 ipsius
899 3491 1069 3574 ecclesie,
1094 3497 1129 3556 et
1152 3490 1182 3556 si
1208 3489 1376 3557 forsitans
1393 3489 1465 3557 illis
1483 3495 1518 3558 et
1537 3492 1611 3558 suis
1628 3492 1792 3558 eredibus
1808 3493 1850 3559 de
1866 3512 1908 3560 ac
1925 3498 2023 3560 terra
2047 3493 2270 3561 salernitana
2293 3497 2392 3562 exie-

545 3647 622 3712 rint
648 3664 712 3730 pro
738 3643 850 3712 aliubi
877 3643 922 3710 ad
946 3642 1168 3742 abitandum,
1193 3647 1278 3708 tunc
1303 3645 1408 3708 rebus
1425 3642 1503 3728 ipsa
1519 3646 1731 3730 perbeniant
1746 3647 1791 3714 ad
1808 3649 1980 3731 potestate
1997 3645 2152 3731 predicte
2168 3644 2329 3730 ecclesie;
2354 3649 2391 3712 11

547 3803 577 3866 si
596 3801 690 3868 infra
714 3799 832 3866 tribus
855 3797 940 3866 anni
967 3797 1000 3864 11
1024 3798 1069 3864 11
1093 3796 1304 3864 abitandum
1328 3797 1881 3884 111111111111111,111111111111
1905 3802 2013 3865 rebus
2022 3835 2030 3862 v.
2039 3799 2117 3884 ipsa
2140 3801 2261 3866 tenere
2284 3803 2320 3866 et
2343 3799 2392 3866 la-

546 3959 675 4023 111111
701 3954 739 4020 11
762 3955 1003 4040 suprascripto
1027 3952 1163 4037 ordine,
1189 3953 1277 4016 tunc
1302 3948 1469 4016 inclitum
1490 3949 1572 4016 illut
1595 3949 1639 4017 ad
1659 3949 1805 4018 illorum
1829 3953 1989 4018 rebertas
2013 3954 2202 4038 potestate,
2220 3950 2388 4019 11111111-

548 4108 632 4174 dum
658 4114 693 4176 et
716 4109 908 4177 tenendum
933 4106 1075 4202 illutin
1100 4103 1342 4191 suprascripto
1366 4104 1515 4170 ordine:
1547 4109 1690 4172 tanturn
1716 4105 1792 4190 ipso
1816 4123 1952 4173 annum
1975 4106 2067 4192 quod
2096 4107 2128 4172 ic
2155 4104 2290 4172 rebersi
2322 4105 2398 4171 lue·

545 4264 645 4352 rint,
671 4265 784 4333 licead
808 4284 891 4352 pars
914 4263 1024 4350 ipsius
1048 4264 1197 4330 ecclesie
1228 4263 1271 4329 de
1305 4258 1384 4350 ipsa
1420 4261 1526 4324 rebus
1551 4259 1674 4327 tollere
1699 4262 1773 4347 ipso
1797 4261 1966 4329 frudium.
1993 4263 2085 4348 quod
2116 4263 2145 4330 si
2178 4261 2305 4329 taliter
2331 4267 2393 4330 et.

550 4423 702 4489 8111111
716 4423 831 4486 cicilio
846 4421 1109 4504 pariliqunpinlu
1127 4420 1213 4484 curi
1230 4419 1423 4486 solidorum
1437 4418 1826 4486 constuitctntcnorcm.
1850 4421 1886 4484 11
1910 4420 2006 4484 huno
2023 4389 2165 4485 brebem
2182 4417 2309 4501 scripsi
2327 4432 2396 4502 ego

545 4573 703 4642 ademari
729 4575 891 4642 notarius
914 4573 976 4657 qui
1002 4572 1164 4639 intcrsui.

592 4700 621 4814 †
648 4728 918 4811 111-1111111111
943 4727 1102 4792 notarius
1128 4744 1182 4791 me
1207 4725 1398 4810 subscripsi

594 4855 623 4968 †
649 4886 723 4968 Epo
746 4881 943 4965 laquinlus
