<?xml version="1.0" encoding="UTF-8"?>
<!DOCTYPE html PUBLIC "-//W3C//DTD XHTML 1.0 Transitional//EN"
    "http://www.w3.org/TR/xhtml1/DTD/xhtml1-transitional.dtd">
<html xmlns="http://www.w3.org/1999/xhtml" xml:lang="en" lang="en">
 <head>
  <title>
</title>
<meta http-equiv="Content-Type" content="text/html;charset=utf-8" />
  <meta name='ocr-system' content='tesseract 3.04.00' />
  <meta name='ocr-capabilities' content='ocr_page ocr_carea ocr_par ocr_line ocrx_word'/>
</head>
<body>
  <div class='ocr_page' id='page_1' title='image "./codexdiplomatic05aragoog_0114.png"; bbox 0 0 5310 7080; ppageno 0'>
   <div class='ocr_carea' id='block_1_1' title="bbox 983 551 2063 628">
    <p class='ocr_par' dir='ltr' id='par_1_1' title="bbox 983 551 2063 628">
     <span class='ocr_line' id='line_1_1' title="bbox 983 551 2063 628; baseline -0.014 0"><span class='ocrx_word' id='word_1_1' title='bbox 983 555 1389 628; x_wconf 80' lang='lat' dir='ltr'>lllPLOMrlTlCUS</span> <span class='ocrx_word' id='word_1_2' title='bbox 2019 551 2063 612; x_wconf 81' lang='lat'>73</span> 
     </span>
    </p>
   </div>
   <div class='ocr_carea' id='block_1_2' title="bbox 257 774 2108 1174">
    <p class='ocr_par' dir='ltr' id='par_1_2' title="bbox 257 774 2108 1174">
     <span class='ocr_line' id='line_1_2' title="bbox 258 774 2108 868; baseline -0.002 -20"><span class='ocrx_word' id='word_1_3' title='bbox 258 782 336 850; x_wconf 90' lang='lat' dir='ltr'>rad:</span> <span class='ocrx_word' id='word_1_4' title='bbox 362 786 505 852; x_wconf 90' lang='lat' dir='ltr'>tantum</span> <span class='ocrx_word' id='word_1_5' title='bbox 529 799 592 868; x_wconf 87' lang='lat' dir='ltr'>per</span> <span class='ocrx_word' id='word_1_6' title='bbox 615 783 730 849; x_wconf 88' lang='lat' dir='ltr'>omnis</span> <span class='ocrx_word' id='word_1_7' title='bbox 753 799 888 850; x_wconf 90' lang='lat' dir='ltr'>annum</span> <span class='ocrx_word' id='word_1_8' title='bbox 912 783 1036 852; x_wconf 89' lang='lat' dir='ltr'>amodo</span> <span class='ocrx_word' id='word_1_9' title='bbox 1059 787 1094 850; x_wconf 91' lang='lat' dir='ltr'>et</span> <span class='ocrx_word' id='word_1_10' title='bbox 1114 781 1240 850; x_wconf 90' lang='lat' dir='ltr'>diebus</span> <span class='ocrx_word' id='word_1_11' title='bbox 1264 781 1335 848; x_wconf 88' lang='lat' dir='ltr'>vite</span> <span class='ocrx_word' id='word_1_12' title='bbox 1351 797 1427 848; x_wconf 88' lang='lat' dir='ltr'>mec</span> <span class='ocrx_word' id='word_1_13' title='bbox 1444 779 1483 846; x_wconf 89' lang='lat' dir='ltr'>in</span> <span class='ocrx_word' id='word_1_14' title='bbox 1500 794 1627 864; x_wconf 89' lang='lat' dir='ltr'>passca</span> <span class='ocrx_word' id='word_1_15' title='bbox 1651 774 1922 844; x_wconf 90' lang='lat' dir='ltr'>resurrectionis</span> <span class='ocrx_word' id='word_1_16' title='bbox 1937 781 1973 842; x_wconf 88' lang='lat' dir='ltr'>et</span> <span class='ocrx_word' id='word_1_17' title='bbox 1987 777 2027 844; x_wconf 89' lang='lat' dir='ltr'>in</span> <span class='ocrx_word' id='word_1_18' title='bbox 2044 795 2108 846; x_wconf 87' lang='lat' dir='ltr'>na·</span> 
     </span>
     <span class='ocr_line' id='line_1_3' title="bbox 257 932 2105 1016; baseline -0.002 -16"><span class='ocrx_word' id='word_1_19' title='bbox 257 935 384 1002; x_wconf 82' lang='lat' dir='ltr'>libitas</span> <span class='ocrx_word' id='word_1_20' title='bbox 407 934 541 1002; x_wconf 91' lang='lat' dir='ltr'>domini</span> <span class='ocrx_word' id='word_1_21' title='bbox 564 933 687 1000; x_wconf 91' lang='lat' dir='ltr'>demus</span> <span class='ocrx_word' id='word_1_22' title='bbox 710 935 763 1002; x_wconf 91' lang='lat' dir='ltr'>eis</span> <span class='ocrx_word' id='word_1_23' title='bbox 778 935 833 1002; x_wconf 93' lang='lat' dir='ltr'>vel</span> <span class='ocrx_word' id='word_1_24' title='bbox 849 934 894 1003; x_wconf 91' lang='lat' dir='ltr'>ad</span> <span class='ocrx_word' id='word_1_25' title='bbox 917 952 1039 1002; x_wconf 88' lang='lat' dir='ltr'>eorum</span> <span class='ocrx_word' id='word_1_26' title='bbox 1056 933 1203 1001; x_wconf 91' lang='lat' dir='ltr'>heredes</span> <span class='ocrx_word' id='word_1_27' title='bbox 1226 933 1293 1000; x_wconf 92' lang='lat' dir='ltr'>due</span> <span class='ocrx_word' id='word_1_28' title='bbox 1309 932 1425 1000; x_wconf 88' lang='lat' dir='ltr'>oblate</span> <span class='ocrx_word' id='word_1_29' title='bbox 1441 935 1478 1000; x_wconf 90' lang='lat' dir='ltr'>et</span> <span class='ocrx_word' id='word_1_30' title='bbox 1493 949 1604 998; x_wconf 89' lang='lat' dir='ltr'>unum</span> <span class='ocrx_word' id='word_1_31' title='bbox 1620 948 1777 1016; x_wconf 90' lang='lat' dir='ltr'>cereum;</span> <span class='ocrx_word' id='word_1_32' title='bbox 1793 934 1871 1016; x_wconf 88' lang='lat' dir='ltr'>post</span> <span class='ocrx_word' id='word_1_33' title='bbox 1888 947 1971 998; x_wconf 93' lang='lat' dir='ltr'>vero</span> <span class='ocrx_word' id='word_1_34' title='bbox 1988 949 2105 998; x_wconf 90' lang='lat' dir='ltr'>meum</span> 
     </span>
     <span class='ocr_line' id='line_1_4' title="bbox 258 1082 2106 1174; baseline -0.002 -20"><span class='ocrx_word' id='word_1_35' title='bbox 258 1088 417 1154; x_wconf 90' lang='lat' dir='ltr'>hobitum</span> <span class='ocrx_word' id='word_1_36' title='bbox 443 1085 569 1155; x_wconf 90' lang='lat' dir='ltr'>inclita</span> <span class='ocrx_word' id='word_1_37' title='bbox 594 1086 799 1172; x_wconf 88' lang='lat' dir='ltr'>supradicta</span> <span class='ocrx_word' id='word_1_38' title='bbox 821 1105 888 1156; x_wconf 88' lang='lat' dir='ltr'>sua</span> <span class='ocrx_word' id='word_1_39' title='bbox 910 1086 1124 1155; x_wconf 90' lang='lat' dir='ltr'>tradictione</span> <span class='ocrx_word' id='word_1_40' title='bbox 1148 1085 1193 1152; x_wconf 91' lang='lat' dir='ltr'>ad</span> <span class='ocrx_word' id='word_1_41' title='bbox 1216 1085 1293 1152; x_wconf 87' lang='lat' dir='ltr'>eius</span> <span class='ocrx_word' id='word_1_42' title='bbox 1318 1082 1410 1152; x_wconf 91' lang='lat' dir='ltr'>etde</span> <span class='ocrx_word' id='word_1_43' title='bbox 1427 1082 1678 1150; x_wconf 89' lang='lat' dir='ltr'>suiseredibus</span> <span class='ocrx_word' id='word_1_44' title='bbox 1694 1083 1858 1150; x_wconf 90' lang='lat' dir='ltr'>rebertar</span> <span class='ocrx_word' id='word_1_45' title='bbox 1881 1086 2106 1174; x_wconf 85' lang='lat' dir='ltr'>potestatem,</span> 
     </span>
    </p>
   </div>
   <div class='ocr_carea' id='block_1_3' title="bbox 256 1233 2110 1322">
    <p class='ocr_par' dir='ltr' id='par_1_3' title="bbox 256 1233 2110 1322">
     <span class='ocr_line' id='line_1_5' title="bbox 256 1233 2110 1322; baseline -0.002 -18"><span class='ocrx_word' id='word_1_46' title='bbox 256 1242 290 1305; x_wconf 89' lang='lat' dir='ltr'>et</span> <span class='ocrx_word' id='word_1_47' title='bbox 305 1237 453 1305; x_wconf 88' lang='lat' dir='ltr'>heredes</span> <span class='ocrx_word' id='word_1_48' title='bbox 470 1255 567 1306; x_wconf 88' lang='lat' dir='ltr'>meas</span> <span class='ocrx_word' id='word_1_49' title='bbox 584 1240 741 1306; x_wconf 81' lang='lat' dir='ltr'>habeant</span> <span class='ocrx_word' id='word_1_50' title='bbox 765 1237 948 1306; x_wconf 81' lang='lat' dir='ltr'>licentiam</span> <span class='ocrx_word' id='word_1_51' title='bbox 964 1238 1047 1305; x_wconf 89' lang='lat' dir='ltr'>inde</span> <span class='ocrx_word' id='word_1_52' title='bbox 1063 1240 1231 1306; x_wconf 82' lang='lat' dir='ltr'>excutere</span> <span class='ocrx_word' id='word_1_53' title='bbox 1247 1235 1362 1302; x_wconf 88' lang='lat' dir='ltr'>omnis</span> <span class='ocrx_word' id='word_1_54' title='bbox 1379 1253 1495 1301; x_wconf 91' lang='lat' dir='ltr'>meum</span> <span class='ocrx_word' id='word_1_55' title='bbox 1519 1233 1700 1319; x_wconf 86' lang='lat' dir='ltr'>mobilem,</span> <span class='ocrx_word' id='word_1_56' title='bbox 1726 1233 1817 1302; x_wconf 88' lang='lat' dir='ltr'>sicut</span> <span class='ocrx_word' id='word_1_57' title='bbox 1840 1254 1904 1322; x_wconf 93' lang='lat' dir='ltr'>per</span> <span class='ocrx_word' id='word_1_58' title='bbox 1920 1253 1976 1302; x_wconf 91' lang='lat' dir='ltr'>me</span> <span class='ocrx_word' id='word_1_59' title='bbox 1992 1233 2110 1320; x_wconf 89' lang='lat' dir='ltr'>dispo·</span> 
     </span>
    </p>
   </div>
   <div class='ocr_carea' id='block_1_4' title="bbox 257 1385 2191 2548">
    <p class='ocr_par' dir='ltr' id='par_1_4' title="bbox 257 1385 2191 2224">
     <span class='ocr_line' id='line_1_6' title="bbox 257 1385 2191 1475; baseline -0.001 -20"><span class='ocrx_word' id='word_1_60' title='bbox 257 1389 362 1456; x_wconf 88' lang='lat' dir='ltr'>situm</span> <span class='ocrx_word' id='word_1_61' title='bbox 385 1389 540 1475; x_wconf 85' lang='lat' dir='ltr'>fuerint,</span> <span class='ocrx_word' id='word_1_62' title='bbox 572 1392 608 1456; x_wconf 93' lang='lat' dir='ltr'>et</span> <span class='ocrx_word' id='word_1_63' title='bbox 631 1388 813 1458; x_wconf 85' lang='lat' dir='ltr'>licentiam</span> <span class='ocrx_word' id='word_1_64' title='bbox 845 1388 998 1458; x_wconf 86' lang='lat' dir='ltr'>habeam</span> <span class='ocrx_word' id='word_1_65' title='bbox 1021 1389 1147 1456; x_wconf 89' lang='lat' dir='ltr'>diebus</span> <span class='ocrx_word' id='word_1_66' title='bbox 1171 1387 1244 1456; x_wconf 89' lang='lat' dir='ltr'>bite</span> <span class='ocrx_word' id='word_1_67' title='bbox 1268 1405 1344 1454; x_wconf 90' lang='lat' dir='ltr'>mee</span> <span class='ocrx_word' id='word_1_68' title='bbox 1367 1387 1508 1454; x_wconf 88' lang='lat' dir='ltr'>mittere</span> <span class='ocrx_word' id='word_1_69' title='bbox 1539 1403 1651 1452; x_wconf 90' lang='lat' dir='ltr'>unum</span> <span class='ocrx_word' id='word_1_70' title='bbox 1682 1404 1759 1453; x_wconf 91' lang='lat' dir='ltr'>omo</span> <span class='ocrx_word' id='word_1_71' title='bbox 1782 1385 1827 1455; x_wconf 91' lang='lat' dir='ltr'>ad</span> <span class='ocrx_word' id='word_1_72' title='bbox 1851 1386 2019 1473; x_wconf 79' lang='lat' dir='ltr'>colligere</span> <span class='ocrx_word' id='word_1_73' title='bbox 2050 1405 2110 1455; x_wconf 89' lang='lat' dir='ltr'>ca·</span> <span class='ocrx_word' id='word_1_74' title='bbox 2187 1409 2191 1422; x_wconf 70' lang='lat'><strong><em>¹</em></strong></span> 
     </span>
     <span class='ocr_line' id='line_1_7' title="bbox 259 1539 2110 1627; baseline 0.002 -21"><span class='ocrx_word' id='word_1_75' title='bbox 259 1545 380 1609; x_wconf 91' lang='lat' dir='ltr'>stanee</span> <span class='ocrx_word' id='word_1_76' title='bbox 405 1543 442 1608; x_wconf 91' lang='lat' dir='ltr'>in</span> <span class='ocrx_word' id='word_1_77' title='bbox 468 1542 698 1627; x_wconf 89' lang='lat' dir='ltr'>casstanieta,</span> <span class='ocrx_word' id='word_1_78' title='bbox 723 1541 815 1627; x_wconf 93' lang='lat' dir='ltr'>quod</span> <span class='ocrx_word' id='word_1_79' title='bbox 839 1539 909 1608; x_wconf 90' lang='lat' dir='ltr'>illis</span> <span class='ocrx_word' id='word_1_80' title='bbox 931 1558 1116 1608; x_wconf 89' lang='lat' dir='ltr'>commune</span> <span class='ocrx_word' id='word_1_81' title='bbox 1139 1543 1277 1608; x_wconf 91' lang='lat' dir='ltr'>habunt</span> <span class='ocrx_word' id='word_1_82' title='bbox 1293 1560 1373 1608; x_wconf 92' lang='lat' dir='ltr'>cum</span> <span class='ocrx_word' id='word_1_83' title='bbox 1387 1541 1611 1608; x_wconf 89' lang='lat' dir='ltr'>consortibus</span> <span class='ocrx_word' id='word_1_84' title='bbox 1628 1541 1704 1608; x_wconf 92' lang='lat' dir='ltr'>suis</span> <span class='ocrx_word' id='word_1_85' title='bbox 1721 1541 1759 1607; x_wconf 91' lang='lat' dir='ltr'>in</span> <span class='ocrx_word' id='word_1_86' title='bbox 1775 1540 1889 1606; x_wconf 91' lang='lat' dir='ltr'>locum</span> <span class='ocrx_word' id='word_1_87' title='bbox 1905 1542 2110 1627; x_wconf 87' lang='lat' dir='ltr'>passciano‚</span> 
     </span>
     <span class='ocr_line' id='line_1_8' title="bbox 259 1692 2108 1782; baseline 0.002 -21"><span class='ocrx_word' id='word_1_88' title='bbox 259 1699 294 1762; x_wconf 89' lang='lat' dir='ltr'>et</span> <span class='ocrx_word' id='word_1_89' title='bbox 321 1699 454 1781; x_wconf 87' lang='lat' dir='ltr'>quante</span> <span class='ocrx_word' id='word_1_90' title='bbox 477 1699 660 1764; x_wconf 89' lang='lat' dir='ltr'>casstanee</span> <span class='ocrx_word' id='word_1_91' title='bbox 683 1696 759 1763; x_wconf 89' lang='lat' dir='ltr'>hibi</span> <span class='ocrx_word' id='word_1_92' title='bbox 783 1695 968 1764; x_wconf 85' lang='lat' dir='ltr'>collexerit</span> <span class='ocrx_word' id='word_1_93' title='bbox 992 1697 1107 1782; x_wconf 90' lang='lat' dir='ltr'>ipsum</span> <span class='ocrx_word' id='word_1_94' title='bbox 1130 1696 1245 1780; x_wconf 89' lang='lat' dir='ltr'>homo,</span> <span class='ocrx_word' id='word_1_95' title='bbox 1269 1697 1340 1764; x_wconf 88' lang='lat' dir='ltr'>tote</span> <span class='ocrx_word' id='word_1_96' title='bbox 1364 1692 1424 1761; x_wconf 92' lang='lat' dir='ltr'>ille</span> <span class='ocrx_word' id='word_1_97' title='bbox 1449 1708 1512 1757; x_wconf 90' lang='lat' dir='ltr'>nos</span> <span class='ocrx_word' id='word_1_98' title='bbox 1535 1692 1701 1762; x_wconf 90' lang='lat' dir='ltr'>tollamus</span> <span class='ocrx_word' id='word_1_99' title='bbox 1724 1701 1760 1764; x_wconf 91' lang='lat' dir='ltr'>et</span> <span class='ocrx_word' id='word_1_100' title='bbox 1776 1699 1957 1766; x_wconf 89' lang='lat' dir='ltr'>abeamus.</span> <span class='ocrx_word' id='word_1_101' title='bbox 1976 1695 2108 1781; x_wconf 81' lang='lat' dir='ltr'>deque</span> 
     </span>
     <span class='ocr_line' id='line_1_9' title="bbox 261 1848 2111 1937; baseline 0.002 -25"><span class='ocrx_word' id='word_1_102' title='bbox 261 1865 320 1932; x_wconf 92' lang='lat' dir='ltr'>per</span> <span class='ocrx_word' id='word_1_103' title='bbox 346 1850 439 1914; x_wconf 90' lang='lat' dir='ltr'>bona</span> <span class='ocrx_word' id='word_1_104' title='bbox 463 1849 723 1918; x_wconf 88' lang='lat' dir='ltr'>combenientia</span> <span class='ocrx_word' id='word_1_105' title='bbox 746 1848 881 1936; x_wconf 90' lang='lat' dir='ltr'>guadia</span> <span class='ocrx_word' id='word_1_106' title='bbox 904 1850 993 1917; x_wconf 92' lang='lat' dir='ltr'>mihi</span> <span class='ocrx_word' id='word_1_107' title='bbox 1017 1853 1091 1937; x_wconf 90' lang='lat' dir='ltr'>ipse</span> <span class='ocrx_word' id='word_1_108' title='bbox 1115 1851 1262 1922; x_wconf 86' lang='lat' dir='ltr'>iannaci</span> <span class='ocrx_word' id='word_1_109' title='bbox 1277 1854 1375 1921; x_wconf 85' lang='lat' dir='ltr'>dedit</span> <span class='ocrx_word' id='word_1_110' title='bbox 1396 1861 1432 1923; x_wconf 92' lang='lat' dir='ltr'>et</span> <span class='ocrx_word' id='word_1_111' title='bbox 1448 1855 1678 1922; x_wconf 88' lang='lat' dir='ltr'>mediatorem</span> <span class='ocrx_word' id='word_1_112' title='bbox 1704 1852 1793 1919; x_wconf 91' lang='lat' dir='ltr'>mihi</span> <span class='ocrx_word' id='word_1_113' title='bbox 1809 1851 1928 1936; x_wconf 87' lang='lat' dir='ltr'>posuit</span> <span class='ocrx_word' id='word_1_114' title='bbox 1944 1849 2111 1918; x_wconf 89' lang='lat' dir='ltr'>ioannaci</span> 
     </span>
     <span class='ocr_line' id='line_1_10' title="bbox 262 1998 2112 2090; baseline 0.003 -27"><span class='ocrx_word' id='word_1_115' title='bbox 262 1998 376 2066; x_wconf 88' lang='lat' dir='ltr'>fllium</span> <span class='ocrx_word' id='word_1_116' title='bbox 399 2001 563 2068; x_wconf 90' lang='lat' dir='ltr'>mansoni</span> <span class='ocrx_word' id='word_1_117' title='bbox 589 2002 755 2088; x_wconf 90' lang='lat' dir='ltr'>castaldi;</span> <span class='ocrx_word' id='word_1_118' title='bbox 780 2007 816 2070; x_wconf 90' lang='lat' dir='ltr'>et</span> <span class='ocrx_word' id='word_1_119' title='bbox 840 2023 903 2090; x_wconf 89' lang='lat' dir='ltr'>per</span> <span class='ocrx_word' id='word_1_120' title='bbox 926 2003 1049 2071; x_wconf 92' lang='lat' dir='ltr'>eadem</span> <span class='ocrx_word' id='word_1_121' title='bbox 1066 2004 1201 2090; x_wconf 86' lang='lat' dir='ltr'>guadia</span> <span class='ocrx_word' id='word_1_122' title='bbox 1224 2008 1288 2072; x_wconf 86' lang='lat' dir='ltr'>etc.</span> <span class='ocrx_word' id='word_1_123' title='bbox 1307 2007 1456 2072; x_wconf 82' lang='lat' dir='ltr'>Sintula</span> <span class='ocrx_word' id='word_1_124' title='bbox 1473 2008 1587 2072; x_wconf 82' lang='lat' dir='ltr'>multa</span> <span class='ocrx_word' id='word_1_125' title='bbox 1603 2006 1866 2089; x_wconf 68' lang='lat' dir='ltr'>quinquaqinta</span> <span class='ocrx_word' id='word_1_126' title='bbox 1889 2003 1974 2068; x_wconf 82' lang='lat' dir='ltr'>ouri</span> <span class='ocrx_word' id='word_1_127' title='bbox 1990 2003 2112 2069; x_wconf 82' lang='lat' dir='ltr'>solido-</span> 
     </span>
     <span class='ocr_line' id='line_1_11' title="bbox 263 2157 750 2224; baseline 0.008 -6"><span class='ocrx_word' id='word_1_128' title='bbox 263 2171 345 2218; x_wconf 84' lang='lat' dir='ltr'>rum</span> <span class='ocrx_word' id='word_1_129' title='bbox 359 2157 750 2224; x_wconf 77' lang='lat' dir='ltr'>constantinianorum.</span> 
     </span>
    </p>

    <p class='ocr_par' dir='ltr' id='par_1_5' title="bbox 300 2307 1476 2396">
     <span class='ocr_line' id='line_1_12' title="bbox 300 2307 1476 2396; baseline 0.004 -25"><span class='ocrx_word' id='word_1_130' title='bbox 300 2307 344 2371; x_wconf 84' lang='lat' dir='ltr'>Et</span> <span class='ocrx_word' id='word_1_131' title='bbox 367 2324 436 2372; x_wconf 90' lang='lat' dir='ltr'>unc</span> <span class='ocrx_word' id='word_1_132' title='bbox 460 2309 603 2374; x_wconf 88' lang='lat' dir='ltr'>brebem</span> <span class='ocrx_word' id='word_1_133' title='bbox 627 2308 753 2375; x_wconf 91' lang='lat' dir='ltr'>scribsi</span> <span class='ocrx_word' id='word_1_134' title='bbox 777 2327 843 2394; x_wconf 86' lang='lat' dir='ltr'>ego</span> <span class='ocrx_word' id='word_1_135' title='bbox 867 2310 1016 2376; x_wconf 92' lang='lat' dir='ltr'>roderisi</span> <span class='ocrx_word' id='word_1_136' title='bbox 1041 2311 1205 2378; x_wconf 88' lang='lat' dir='ltr'>notarius</span> <span class='ocrx_word' id='word_1_137' title='bbox 1228 2311 1288 2396; x_wconf 90' lang='lat' dir='ltr'>qui</span> <span class='ocrx_word' id='word_1_138' title='bbox 1315 2311 1476 2379; x_wconf 86' lang='lat' dir='ltr'>interlui.</span> 
     </span>
    </p>

    <p class='ocr_par' dir='ltr' id='par_1_6' title="bbox 302 2431 823 2548">
     <span class='ocr_line' id='line_1_13' title="bbox 302 2431 823 2548; baseline 0.008 -22"><span class='ocrx_word' id='word_1_139' title='bbox 302 2431 331 2546; x_wconf 88' lang='lat'>†</span> <span class='ocrx_word' id='word_1_140' title='bbox 355 2462 431 2545; x_wconf 88' lang='lat' dir='ltr'>Ego</span> <span class='ocrx_word' id='word_1_141' title='bbox 454 2463 526 2527; x_wconf 93' lang='lat' dir='ltr'>toto</span> <span class='ocrx_word' id='word_1_142' title='bbox 549 2481 604 2528; x_wconf 92' lang='lat' dir='ltr'>me</span> <span class='ocrx_word' id='word_1_143' title='bbox 629 2463 823 2548; x_wconf 84' lang='lat' dir='ltr'>subscripsi</span> 
     </span>
    </p>
   </div>
   <div class='ocr_carea' id='block_1_5' title="bbox 308 2583 959 2704">
    <p class='ocr_par' dir='ltr' id='par_1_7' title="bbox 308 2583 959 2704">
     <span class='ocr_line' id='line_1_14' title="bbox 308 2583 959 2704; baseline 0.012 -27"><span class='ocrx_word' id='word_1_144' title='bbox 308 2583 337 2698; x_wconf 88' lang='lat'>†</span> <span class='ocrx_word' id='word_1_145' title='bbox 362 2631 428 2699; x_wconf 92' lang='lat' dir='ltr'>ego</span> <span class='ocrx_word' id='word_1_146' title='bbox 452 2614 649 2682; x_wconf 85' lang='lat' dir='ltr'>romoaldus</span> <span class='ocrx_word' id='word_1_147' title='bbox 673 2635 729 2684; x_wconf 90' lang='lat' dir='ltr'>me</span> <span class='ocrx_word' id='word_1_148' title='bbox 753 2619 959 2704; x_wconf 88' lang='lat' dir='ltr'>subscripsi.</span> 
     </span>
    </p>
   </div>
   <div class='ocr_carea' id='block_1_6' title="bbox 974 2869 1420 2878">
    <p class='ocr_par' dir='ltr' id='par_1_8' title="bbox 974 2869 1420 2878">
     <span class='ocr_line' id='line_1_15' title="bbox 974 2869 1420 2878; baseline -0.002 0"><span class='ocrx_word' id='word_1_149' title='bbox 974 2869 1420 2878; x_wconf 69' lang='lat'>——-—-———-</span> 
     </span>
    </p>
   </div>
   <div class='ocr_carea' id='block_1_7' title="bbox 1002 3161 1347 3240">
    <p class='ocr_par' dir='ltr' id='par_1_9' title="bbox 1002 3161 1347 3240">
     <span class='ocr_line' id='line_1_16' title="bbox 1002 3161 1347 3240; baseline -0.009 0"><span class='ocrx_word' id='word_1_150' title='bbox 1002 3161 1347 3240; x_wconf 91' lang='lat' dir='ltr'>DLXXXIII.</span> 
     </span>
    </p>
   </div>
   <div class='ocr_carea' id='block_1_8' title="bbox 1035 3415 1329 3498">
    <p class='ocr_par' dir='ltr' id='par_1_10' title="bbox 1035 3415 1329 3498">
     <span class='ocr_line' id='line_1_17' title="bbox 1035 3415 1329 3498; baseline -0.02 0"><span class='ocrx_word' id='word_1_151' title='bbox 1035 3421 1090 3498; x_wconf 87' lang='lat' dir='ltr'>A.</span> <span class='ocrx_word' id='word_1_152' title='bbox 1119 3420 1170 3497; x_wconf 92' lang='lat' dir='ltr'>D.</span> <span class='ocrx_word' id='word_1_153' title='bbox 1198 3415 1329 3498; x_wconf 81' lang='lat'><strong>1006.</strong></span> 
     </span>
    </p>
   </div>
   <div class='ocr_carea' id='block_1_9' title="bbox 296 3625 2103 3770">
    <p class='ocr_par' dir='ltr' id='par_1_11' title="bbox 296 3625 2103 3770">
     <span class='ocr_line' id='line_1_18' title="bbox 296 3625 2103 3770; baseline 0.008 -29"><span class='ocrx_word' id='word_1_154' title='bbox 296 3625 337 3764; x_wconf 74' lang='lat'>†</span> <span class='ocrx_word' id='word_1_155' title='bbox 364 3678 402 3744; x_wconf 89' lang='lat' dir='ltr'>ln</span> <span class='ocrx_word' id='word_1_156' title='bbox 427 3681 571 3746; x_wconf 90' lang='lat' dir='ltr'>nomine</span> <span class='ocrx_word' id='word_1_157' title='bbox 594 3679 728 3746; x_wconf 92' lang='lat' dir='ltr'>domini</span> <span class='ocrx_word' id='word_1_158' title='bbox 752 3681 902 3746; x_wconf 92' lang='lat' dir='ltr'>hoctabo</span> <span class='ocrx_word' id='word_1_159' title='bbox 925 3680 1061 3746; x_wconf 90' lang='lat' dir='ltr'>decimo</span> <span class='ocrx_word' id='word_1_160' title='bbox 1091 3699 1186 3746; x_wconf 89' lang='lat' dir='ltr'>anno</span> <span class='ocrx_word' id='word_1_161' title='bbox 1218 3679 1442 3768; x_wconf 89' lang='lat' dir='ltr'>principatus</span> <span class='ocrx_word' id='word_1_162' title='bbox 1471 3683 1589 3750; x_wconf 90' lang='lat' dir='ltr'>domni</span> <span class='ocrx_word' id='word_1_163' title='bbox 1615 3682 1727 3750; x_wconf 90' lang='lat' dir='ltr'>nostri</span> <span class='ocrx_word' id='word_1_164' title='bbox 1753 3683 1931 3770; x_wconf 82' lang='lat' dir='ltr'>guaimari</span> <span class='ocrx_word' id='word_1_165' title='bbox 1957 3684 2103 3770; x_wconf 85' lang='lat' dir='ltr'>gloriosi</span> 
     </span>
    </p>
   </div>
   <div class='ocr_carea' id='block_1_10' title="bbox 251 3832 2101 4380">
    <p class='ocr_par' dir='ltr' id='par_1_12' title="bbox 251 3832 2101 4380">
     <span class='ocr_line' id='line_1_19' title="bbox 253 3832 2101 3923; baseline 0.005 -27"><span class='ocrx_word' id='word_1_166' title='bbox 253 3832 437 3918; x_wconf 88' lang='lat' dir='ltr'>principis,</span> <span class='ocrx_word' id='word_1_167' title='bbox 461 3849 580 3899; x_wconf 88' lang='lat' dir='ltr'>mense</span> <span class='ocrx_word' id='word_1_168' title='bbox 596 3833 753 3920; x_wconf 82' lang='lat' dir='ltr'>magiuS,</span> <span class='ocrx_word' id='word_1_169' title='bbox 771 3839 902 3920; x_wconf 89' lang='lat' dir='ltr'>quarta</span> <span class='ocrx_word' id='word_1_170' title='bbox 926 3832 1134 3901; x_wconf 90' lang='lat' dir='ltr'>indictione.</span> <span class='ocrx_word' id='word_1_171' title='bbox 1162 3835 1452 3903; x_wconf 88' lang='lat' dir='ltr'>memoratorium</span> <span class='ocrx_word' id='word_1_172' title='bbox 1476 3835 1573 3904; x_wconf 85' lang='lat' dir='ltr'>sactu</span> <span class='ocrx_word' id='word_1_173' title='bbox 1590 3855 1612 3902; x_wconf 87' lang='lat' dir='ltr'>a</span> <span class='ocrx_word' id='word_1_174' title='bbox 1629 3853 1692 3904; x_wconf 90' lang='lat' dir='ltr'>nos</span> <span class='ocrx_word' id='word_1_175' title='bbox 1709 3837 1844 3904; x_wconf 91' lang='lat' dir='ltr'>andrea</span> <span class='ocrx_word' id='word_1_176' title='bbox 1867 3837 2041 3923; x_wconf 89' lang='lat' dir='ltr'>presbiter</span> <span class='ocrx_word' id='word_1_177' title='bbox 2065 3843 2101 3906; x_wconf 91' lang='lat' dir='ltr'>et</span> 
     </span>
     <span class='ocr_line' id='line_1_20' title="bbox 253 3983 2100 4074; baseline 0.004 -24"><span class='ocrx_word' id='word_1_178' title='bbox 253 3983 435 4069; x_wconf 85' lang='lat' dir='ltr'>garosalus</span> <span class='ocrx_word' id='word_1_179' title='bbox 459 3985 623 4071; x_wconf 88' lang='lat' dir='ltr'>germani</span> <span class='ocrx_word' id='word_1_180' title='bbox 646 3986 713 4052; x_wconf 86' lang='lat' dir='ltr'>filii</span> <span class='ocrx_word' id='word_1_181' title='bbox 737 3985 915 4072; x_wconf 89' lang='lat' dir='ltr'>quondam</span> <span class='ocrx_word' id='word_1_182' title='bbox 932 3988 1023 4073; x_wconf 88' lang='lat' dir='ltr'>ursi,</span> <span class='ocrx_word' id='word_1_183' title='bbox 1047 4005 1088 4054; x_wconf 92' lang='lat' dir='ltr'>eo</span> <span class='ocrx_word' id='word_1_184' title='bbox 1111 3987 1205 4072; x_wconf 91' lang='lat' dir='ltr'>quod</span> <span class='ocrx_word' id='word_1_185' title='bbox 1229 3991 1314 4055; x_wconf 89' lang='lat' dir='ltr'>ante</span> <span class='ocrx_word' id='word_1_186' title='bbox 1337 3986 1521 4073; x_wconf 89' lang='lat' dir='ltr'>presentia</span> <span class='ocrx_word' id='word_1_187' title='bbox 1545 3988 1680 4054; x_wconf 92' lang='lat' dir='ltr'>maioni</span> <span class='ocrx_word' id='word_1_188' title='bbox 1705 3987 1896 4074; x_wconf 87' lang='lat' dir='ltr'>presbiteri</span> <span class='ocrx_word' id='word_1_189' title='bbox 1922 3993 1958 4056; x_wconf 92' lang='lat' dir='ltr'>et</span> <span class='ocrx_word' id='word_1_190' title='bbox 1974 3990 2100 4058; x_wconf 89' lang='lat' dir='ltr'>abbati</span> 
     </span>
     <span class='ocr_line' id='line_1_21' title="bbox 252 4137 2098 4228; baseline 0.003 -24"><span class='ocrx_word' id='word_1_191' title='bbox 252 4137 397 4204; x_wconf 88' lang='lat' dir='ltr'>ecclesie</span> <span class='ocrx_word' id='word_1_192' title='bbox 422 4141 631 4209; x_wconf 90' lang='lat' dir='ltr'>vocabulum</span> <span class='ocrx_word' id='word_1_193' title='bbox 654 4140 767 4208; x_wconf 90' lang='lat' dir='ltr'>sancti</span> <span class='ocrx_word' id='word_1_194' title='bbox 793 4140 943 4209; x_wconf 84' lang='lat' dir='ltr'>maximi</span> <span class='ocrx_word' id='word_1_195' title='bbox 968 4141 1010 4207; x_wconf 91' lang='lat' dir='ltr'>de</span> <span class='ocrx_word' id='word_1_196' title='bbox 1033 4140 1130 4208; x_wconf 91' lang='lat' dir='ltr'>intus</span> <span class='ocrx_word' id='word_1_197' title='bbox 1152 4138 1298 4208; x_wconf 89' lang='lat' dir='ltr'>civitate</span> <span class='ocrx_word' id='word_1_198' title='bbox 1322 4140 1573 4227; x_wconf 90' lang='lat' dir='ltr'>salernitana,</span> <span class='ocrx_word' id='word_1_199' title='bbox 1605 4143 1641 4207; x_wconf 87' lang='lat' dir='ltr'>et</span> <span class='ocrx_word' id='word_1_200' title='bbox 1671 4157 1744 4209; x_wconf 90' lang='lat' dir='ltr'>una</span> <span class='ocrx_word' id='word_1_201' title='bbox 1776 4159 1858 4206; x_wconf 91' lang='lat' dir='ltr'>cum</span> <span class='ocrx_word' id='word_1_202' title='bbox 1889 4142 1964 4228; x_wconf 90' lang='lat' dir='ltr'>ipso</span> <span class='ocrx_word' id='word_1_203' title='bbox 1988 4145 2098 4212; x_wconf 89' lang='lat' dir='ltr'>abbas</span> 
     </span>
     <span class='ocr_line' id='line_1_22' title="bbox 251 4289 2095 4380; baseline 0.001 -22"><span class='ocrx_word' id='word_1_204' title='bbox 251 4289 411 4359; x_wconf 86' lang='lat' dir='ltr'>adessent</span> <span class='ocrx_word' id='word_1_205' title='bbox 433 4291 582 4361; x_wconf 90' lang='lat' dir='ltr'>romoalt</span> <span class='ocrx_word' id='word_1_206' title='bbox 605 4296 641 4362; x_wconf 94' lang='lat' dir='ltr'>et</span> <span class='ocrx_word' id='word_1_207' title='bbox 664 4296 787 4379; x_wconf 91' lang='lat' dir='ltr'>petrus</span> <span class='ocrx_word' id='word_1_208' title='bbox 811 4294 997 4362; x_wconf 86' lang='lat' dir='ltr'>comitibus</span> <span class='ocrx_word' id='word_1_209' title='bbox 1028 4292 1192 4378; x_wconf 86' lang='lat' dir='ltr'>germani</span> <span class='ocrx_word' id='word_1_210' title='bbox 1216 4293 1283 4360; x_wconf 84' lang='lat' dir='ltr'>illii</span> <span class='ocrx_word' id='word_1_211' title='bbox 1306 4293 1419 4362; x_wconf 84' lang='lat' dir='ltr'>allani</span> <span class='ocrx_word' id='word_1_212' title='bbox 1443 4294 1586 4380; x_wconf 86' lang='lat' dir='ltr'>comiti,</span> <span class='ocrx_word' id='word_1_213' title='bbox 1613 4293 1675 4378; x_wconf 91' lang='lat' dir='ltr'>qui</span> <span class='ocrx_word' id='word_1_214' title='bbox 1700 4297 1784 4360; x_wconf 92' lang='lat' dir='ltr'>sunt</span> <span class='ocrx_word' id='word_1_215' title='bbox 1805 4291 1955 4361; x_wconf 91' lang='lat' dir='ltr'>dominii</span> <span class='ocrx_word' id='word_1_216' title='bbox 1981 4295 2095 4380; x_wconf 88' lang='lat' dir='ltr'>ipsius</span> 
     </span>
    </p>
   </div>
   <div class='ocr_carea' id='block_1_11' title="bbox 252 4442 2099 4532">
    <p class='ocr_par' dir='ltr' id='par_1_13' title="bbox 252 4442 2099 4532">
     <span class='ocr_line' id='line_1_23' title="bbox 252 4442 2099 4532; baseline 0 -21"><span class='ocrx_word' id='word_1_217' title='bbox 252 4443 410 4530; x_wconf 88' lang='lat' dir='ltr'>ecclesie,</span> <span class='ocrx_word' id='word_1_218' title='bbox 434 4463 496 4532; x_wconf 90' lang='lat' dir='ltr'>per</span> <span class='ocrx_word' id='word_1_219' title='bbox 521 4448 613 4515; x_wconf 90' lang='lat' dir='ltr'>bona</span> <span class='ocrx_word' id='word_1_220' title='bbox 639 4445 904 4514; x_wconf 90' lang='lat' dir='ltr'>combenientia</span> <span class='ocrx_word' id='word_1_221' title='bbox 926 4463 988 4532; x_wconf 90' lang='lat' dir='ltr'>per</span> <span class='ocrx_word' id='word_1_222' title='bbox 1003 4443 1314 4512; x_wconf 86' lang='lat' dir='ltr'>demandationem</span> <span class='ocrx_word' id='word_1_223' title='bbox 1338 4444 1451 4531; x_wconf 90' lang='lat' dir='ltr'>ipsius</span> <span class='ocrx_word' id='word_1_224' title='bbox 1474 4443 1597 4512; x_wconf 91' lang='lat' dir='ltr'>abbati</span> <span class='ocrx_word' id='word_1_225' title='bbox 1623 4449 1658 4511; x_wconf 90' lang='lat' dir='ltr'>et</span> <span class='ocrx_word' id='word_1_226' title='bbox 1673 4462 1736 4529; x_wconf 89' lang='lat' dir='ltr'>per</span> <span class='ocrx_word' id='word_1_227' title='bbox 1754 4442 1982 4530; x_wconf 89' lang='lat' dir='ltr'>largietatom</span> <span class='ocrx_word' id='word_1_228' title='bbox 2007 4445 2099 4530; x_wconf 92' lang='lat' dir='ltr'>ipso·</span> 
     </span>
    </p>
   </div>
   <div class='ocr_carea' id='block_1_12' title="bbox 145 4595 2096 4686">
    <p class='ocr_par' dir='ltr' id='par_1_14' title="bbox 145 4595 2096 4686">
     <span class='ocr_line' id='line_1_24' title="bbox 145 4595 2096 4686; baseline 0.003 -25"><span class='ocrx_word' id='word_1_229' title='bbox 145 4641 150 4650; x_wconf 83' lang='lat'>-</span> <span class='ocrx_word' id='word_1_230' title='bbox 252 4615 330 4664; x_wconf 91' lang='lat' dir='ltr'>rum</span> <span class='ocrx_word' id='word_1_231' title='bbox 354 4597 533 4666; x_wconf 88' lang='lat' dir='ltr'>comititus</span> <span class='ocrx_word' id='word_1_232' title='bbox 557 4599 708 4668; x_wconf 87' lang='lat' dir='ltr'>tradidit</span> <span class='ocrx_word' id='word_1_233' title='bbox 730 4599 832 4666; x_wconf 90' lang='lat' dir='ltr'>nobis</span> <span class='ocrx_word' id='word_1_234' title='bbox 855 4598 1040 4685; x_wconf 87' lang='lat' dir='ltr'>iaquintus</span> <span class='ocrx_word' id='word_1_235' title='bbox 1063 4597 1234 4664; x_wconf 90' lang='lat' dir='ltr'>diaconus</span> <span class='ocrx_word' id='word_1_236' title='bbox 1257 4599 1293 4662; x_wconf 88' lang='lat' dir='ltr'>et</span> <span class='ocrx_word' id='word_1_237' title='bbox 1318 4597 1576 4665; x_wconf 84' lang='lat' dir='ltr'>vicedominum</span> <span class='ocrx_word' id='word_1_238' title='bbox 1599 4595 1711 4683; x_wconf 91' lang='lat' dir='ltr'>ipsius</span> <span class='ocrx_word' id='word_1_239' title='bbox 1734 4595 1883 4664; x_wconf 90' lang='lat' dir='ltr'>ecclesie</span> <span class='ocrx_word' id='word_1_240' title='bbox 1906 4597 1950 4664; x_wconf 92' lang='lat' dir='ltr'>de</span> <span class='ocrx_word' id='word_1_241' title='bbox 1974 4601 2096 4686; x_wconf 87' lang='lat' dir='ltr'>rebus,</span> 
     </span>
    </p>
   </div>
   <div class='ocr_carea' id='block_1_13' title="bbox 244 4733 2102 5764">
    <p class='ocr_par' dir='ltr' id='par_1_15' title="bbox 244 4733 2102 5764">
     <span class='ocr_line' id='line_1_25' title="bbox 251 4733 2093 4839; baseline 0.002 -22"><span class='ocrx_word' id='word_1_242' title='bbox 251 4751 339 4836; x_wconf 89' lang='lat' dir='ltr'>quod</span> <span class='ocrx_word' id='word_1_243' title='bbox 363 4770 448 4838; x_wconf 91' lang='lat' dir='ltr'>pars</span> <span class='ocrx_word' id='word_1_244' title='bbox 471 4752 584 4838; x_wconf 88' lang='lat' dir='ltr'>ipsius</span> <span class='ocrx_word' id='word_1_245' title='bbox 606 4751 753 4820; x_wconf 91' lang='lat' dir='ltr'>ecclesie</span> <span class='ocrx_word' id='word_1_246' title='bbox 775 4753 884 4820; x_wconf 89' lang='lat' dir='ltr'>habet</span> <span class='ocrx_word' id='word_1_247' title='bbox 907 4754 945 4819; x_wconf 92' lang='lat' dir='ltr'>in</span> <span class='ocrx_word' id='word_1_248' title='bbox 969 4751 1083 4818; x_wconf 91' lang='lat' dir='ltr'>locum</span> <span class='ocrx_word' id='word_1_249' title='bbox 1107 4751 1166 4818; x_wconf 93' lang='lat' dir='ltr'>ubi</span> <span class='ocrx_word' id='word_1_250' title='bbox 1199 4752 1245 4820; x_wconf 89' lang='lat' dir='ltr'>ad</span> <span class='ocrx_word' id='word_1_251' title='bbox 1277 4749 1507 4819; x_wconf 87' lang='lat' dir='ltr'>caminatella</span> <span class='ocrx_word' id='word_1_252' title='bbox 1529 4751 1662 4818; x_wconf 90' lang='lat' dir='ltr'>dicitur</span> <span class='ocrx_word' id='word_1_253' title='bbox 1691 4733 1823 4818; x_wconf 84' lang='lat' dir='ltr'>finibus</span> <span class='ocrx_word' id='word_1_254' title='bbox 1845 4750 2005 4838; x_wconf 84' lang='lat' dir='ltr'>nuceria,</span> <span class='ocrx_word' id='word_1_255' title='bbox 2029 4771 2093 4839; x_wconf 91' lang='lat' dir='ltr'>per</span> 
     </span>
     <span class='ocr_line' id='line_1_26' title="bbox 249 4903 2102 4994; baseline 0.003 -26"><span class='ocrx_word' id='word_1_256' title='bbox 249 4905 311 4972; x_wconf 87' lang='lat' dir='ltr'>hec</span> <span class='ocrx_word' id='word_1_257' title='bbox 335 4903 419 4972; x_wconf 88' lang='lat' dir='ltr'>finis</span> <span class='ocrx_word' id='word_1_258' title='bbox 442 4909 479 4973; x_wconf 91' lang='lat' dir='ltr'>et</span> <span class='ocrx_word' id='word_1_259' title='bbox 502 4904 694 4972; x_wconf 89' lang='lat' dir='ltr'>mensurie:</span> <span class='ocrx_word' id='word_1_260' title='bbox 720 4925 742 4974; x_wconf 90' lang='lat' dir='ltr'>a</span> <span class='ocrx_word' id='word_1_261' title='bbox 766 4923 850 4992; x_wconf 88' lang='lat' dir='ltr'>pars</span> <span class='ocrx_word' id='word_1_262' title='bbox 873 4906 1065 4973; x_wconf 89' lang='lat' dir='ltr'>occidentis</span> <span class='ocrx_word' id='word_1_263' title='bbox 1088 4905 1159 4972; x_wconf 88' lang='lat' dir='ltr'>flne</span> <span class='ocrx_word' id='word_1_264' title='bbox 1184 4907 1243 4973; x_wconf 90' lang='lat' dir='ltr'>via</span> <span class='ocrx_word' id='word_1_265' title='bbox 1266 4906 1424 4992; x_wconf 88' lang='lat' dir='ltr'>puplica,</span> <span class='ocrx_word' id='word_1_266' title='bbox 1448 4908 1533 4972; x_wconf 90' lang='lat' dir='ltr'>sunt</span> <span class='ocrx_word' id='word_1_267' title='bbox 1556 4905 1640 4972; x_wconf 87' lang='lat' dir='ltr'>inde</span> <span class='ocrx_word' id='word_1_268' title='bbox 1664 4906 1762 4993; x_wconf 91' lang='lat' dir='ltr'>passi</span> <span class='ocrx_word' id='word_1_269' title='bbox 1787 4906 1942 4994; x_wconf 87' lang='lat' dir='ltr'>triginta</span> <span class='ocrx_word' id='word_1_270' title='bbox 1965 4912 2102 4994; x_wconf 90' lang='lat' dir='ltr'>septem</span> 
     </span>
     <span class='ocr_line' id='line_1_27' title="bbox 248 5013 2099 5146; baseline 0.003 -22"><span class='ocrx_word' id='word_1_271' title='bbox 248 5063 283 5124; x_wconf 90' lang='lat' dir='ltr'>et</span> <span class='ocrx_word' id='word_1_272' title='bbox 306 5057 475 5125; x_wconf 90' lang='lat' dir='ltr'>medium:</span> <span class='ocrx_word' id='word_1_273' title='bbox 500 5078 522 5125; x_wconf 92' lang='lat' dir='ltr'>a</span> <span class='ocrx_word' id='word_1_274' title='bbox 546 5058 811 5145; x_wconf 89' lang='lat' dir='ltr'>septemtrionis</span> <span class='ocrx_word' id='word_1_275' title='bbox 833 5059 905 5125; x_wconf 84' lang='lat' dir='ltr'>line</span> <span class='ocrx_word' id='word_1_276' title='bbox 928 5058 1038 5145; x_wconf 91' lang='lat' dir='ltr'>ipsius</span> <span class='ocrx_word' id='word_1_277' title='bbox 1059 5058 1218 5146; x_wconf 87' lang='lat' dir='ltr'>ecclesie,</span> <span class='ocrx_word' id='word_1_278' title='bbox 1243 5063 1328 5126; x_wconf 90' lang='lat' dir='ltr'>sunt</span> <span class='ocrx_word' id='word_1_279' title='bbox 1351 5013 1727 5146; x_wconf 80' lang='lat' dir='ltr'>indequinquaginta</span> <span class='ocrx_word' id='word_1_280' title='bbox 1750 5062 1865 5128; x_wconf 92' lang='lat' dir='ltr'>hocto:</span> <span class='ocrx_word' id='word_1_281' title='bbox 1891 5063 1938 5128; x_wconf 90' lang='lat' dir='ltr'>ab</span> <span class='ocrx_word' id='word_1_282' title='bbox 1961 5062 2099 5130; x_wconf 90' lang='lat' dir='ltr'>oriente</span> 
     </span>
     <span class='ocr_line' id='line_1_28' title="bbox 247 5209 2097 5301; baseline 0.002 -23"><span class='ocrx_word' id='word_1_283' title='bbox 247 5213 317 5279; x_wconf 84' lang='lat' dir='ltr'>line</span> <span class='ocrx_word' id='word_1_284' title='bbox 340 5211 509 5279; x_wconf 89' lang='lat' dir='ltr'>similiter</span> <span class='ocrx_word' id='word_1_285' title='bbox 533 5211 645 5299; x_wconf 87' lang='lat' dir='ltr'>ipsius</span> <span class='ocrx_word' id='word_1_286' title='bbox 661 5213 820 5301; x_wconf 90' lang='lat' dir='ltr'>ecclesie,</span> <span class='ocrx_word' id='word_1_287' title='bbox 845 5216 880 5280; x_wconf 91' lang='lat' dir='ltr'>et</span> <span class='ocrx_word' id='word_1_288' title='bbox 904 5211 986 5278; x_wconf 91' lang='lat' dir='ltr'>inde</span> <span class='ocrx_word' id='word_1_289' title='bbox 1010 5216 1093 5279; x_wconf 88' lang='lat' dir='ltr'>sunt</span> <span class='ocrx_word' id='word_1_290' title='bbox 1116 5209 1211 5297; x_wconf 91' lang='lat' dir='ltr'>passi</span> <span class='ocrx_word' id='word_1_291' title='bbox 1228 5210 1420 5295; x_wconf 83' lang='lat' dir='ltr'>sexaginta</span> <span class='ocrx_word' id='word_1_292' title='bbox 1443 5213 1529 5280; x_wconf 89' lang='lat' dir='ltr'>duo:</span> <span class='ocrx_word' id='word_1_293' title='bbox 1555 5214 1755 5282; x_wconf 87' lang='lat' dir='ltr'>revolvente</span> <span class='ocrx_word' id='word_1_294' title='bbox 1771 5230 1834 5300; x_wconf 90' lang='lat' dir='ltr'>per</span> <span class='ocrx_word' id='word_1_295' title='bbox 1859 5215 1938 5299; x_wconf 84' lang='lat' dir='ltr'>ipsa</span> <span class='ocrx_word' id='word_1_296' title='bbox 1961 5215 2032 5282; x_wconf 85' lang='lat' dir='ltr'>fine</span> <span class='ocrx_word' id='word_1_297' title='bbox 2057 5217 2097 5282; x_wconf 90' lang='lat' dir='ltr'>in</span> 
     </span>
     <span class='ocr_line' id='line_1_29' title="bbox 246 5364 2096 5453; baseline 0 -20"><span class='ocrx_word' id='word_1_298' title='bbox 246 5383 327 5450; x_wconf 87' lang='lat' dir='ltr'>pars</span> <span class='ocrx_word' id='word_1_299' title='bbox 351 5366 546 5436; x_wconf 89' lang='lat' dir='ltr'>occidentis</span> <span class='ocrx_word' id='word_1_300' title='bbox 569 5371 653 5434; x_wconf 90' lang='lat' dir='ltr'>sunt</span> <span class='ocrx_word' id='word_1_301' title='bbox 676 5367 829 5452; x_wconf 92' lang='lat' dir='ltr'>indeque</span> <span class='ocrx_word' id='word_1_302' title='bbox 852 5366 948 5453; x_wconf 89' lang='lat' dir='ltr'>passi</span> <span class='ocrx_word' id='word_1_303' title='bbox 978 5365 1108 5451; x_wconf 89' lang='lat' dir='ltr'>viginti</span> <span class='ocrx_word' id='word_1_304' title='bbox 1133 5368 1207 5432; x_wconf 89' lang='lat' dir='ltr'>tres</span> <span class='ocrx_word' id='word_1_305' title='bbox 1231 5371 1266 5434; x_wconf 92' lang='lat' dir='ltr'>et</span> <span class='ocrx_word' id='word_1_306' title='bbox 1289 5364 1452 5434; x_wconf 92' lang='lat' dir='ltr'>cubitum</span> <span class='ocrx_word' id='word_1_307' title='bbox 1486 5385 1621 5432; x_wconf 88' lang='lat' dir='ltr'>unum:</span> <span class='ocrx_word' id='word_1_308' title='bbox 1652 5365 1783 5435; x_wconf 89' lang='lat' dir='ltr'>iterum</span> <span class='ocrx_word' id='word_1_309' title='bbox 1806 5365 2008 5434; x_wconf 88' lang='lat' dir='ltr'>revolvente</span> <span class='ocrx_word' id='word_1_310' title='bbox 2032 5383 2096 5450; x_wconf 91' lang='lat' dir='ltr'>per</span> 
     </span>
     <span class='ocr_line' id='line_1_30' title="bbox 246 5515 2098 5608; baseline -0.001 -24"><span class='ocrx_word' id='word_1_311' title='bbox 246 5519 370 5588; x_wconf 87' lang='lat' dir='ltr'>cadem</span> <span class='ocrx_word' id='word_1_312' title='bbox 395 5521 466 5588; x_wconf 89' lang='lat' dir='ltr'>flne</span> <span class='ocrx_word' id='word_1_313' title='bbox 490 5522 529 5590; x_wconf 90' lang='lat' dir='ltr'>in</span> <span class='ocrx_word' id='word_1_314' title='bbox 553 5539 637 5608; x_wconf 87' lang='lat' dir='ltr'>pars</span> <span class='ocrx_word' id='word_1_315' title='bbox 660 5523 922 5608; x_wconf 84' lang='lat' dir='ltr'>septemtrionis</span> <span class='ocrx_word' id='word_1_316' title='bbox 945 5523 1030 5590; x_wconf 89' lang='lat' dir='ltr'>sunt</span> <span class='ocrx_word' id='word_1_317' title='bbox 1058 5518 1141 5588; x_wconf 89' lang='lat' dir='ltr'>inde</span> <span class='ocrx_word' id='word_1_318' title='bbox 1171 5519 1267 5605; x_wconf 85' lang='lat' dir='ltr'>passi</span> <span class='ocrx_word' id='word_1_319' title='bbox 1298 5517 1419 5586; x_wconf 90' lang='lat' dir='ltr'>decem</span> <span class='ocrx_word' id='word_1_320' title='bbox 1449 5521 1486 5585; x_wconf 88' lang='lat' dir='ltr'>et</span> <span class='ocrx_word' id='word_1_321' title='bbox 1517 5519 1639 5584; x_wconf 90' lang='lat' dir='ltr'>hocto:</span> <span class='ocrx_word' id='word_1_322' title='bbox 1668 5517 1799 5584; x_wconf 88' lang='lat' dir='ltr'>iterum</span> <span class='ocrx_word' id='word_1_323' title='bbox 1832 5515 2035 5585; x_wconf 88' lang='lat' dir='ltr'>revolvente</span> <span class='ocrx_word' id='word_1_324' title='bbox 2059 5516 2098 5582; x_wconf 93' lang='lat' dir='ltr'>in</span> 
     </span>
     <span class='ocr_line' id='line_1_31' title="bbox 244 5641 2094 5764; baseline -0.001 -24"><span class='ocrx_word' id='word_1_325' title='bbox 244 5691 328 5758; x_wconf 85' lang='lat' dir='ltr'>pars</span> <span class='ocrx_word' id='word_1_326' title='bbox 351 5672 544 5743; x_wconf 90' lang='lat' dir='ltr'>occidentis</span> <span class='ocrx_word' id='word_1_327' title='bbox 567 5694 629 5762; x_wconf 90' lang='lat' dir='ltr'>per</span> <span class='ocrx_word' id='word_1_328' title='bbox 652 5678 731 5764; x_wconf 91' lang='lat' dir='ltr'>ipsa</span> <span class='ocrx_word' id='word_1_329' title='bbox 754 5676 825 5743; x_wconf 89' lang='lat' dir='ltr'>flne</span> <span class='ocrx_word' id='word_1_330' title='bbox 847 5680 884 5745; x_wconf 91' lang='lat' dir='ltr'>et</span> <span class='ocrx_word' id='word_1_331' title='bbox 907 5641 1146 5764; x_wconf 86' lang='lat' dir='ltr'>coniungente</span> <span class='ocrx_word' id='word_1_332' title='bbox 1174 5691 1210 5742; x_wconf 87' lang='lat' dir='ltr'>se</span> <span class='ocrx_word' id='word_1_333' title='bbox 1233 5675 1278 5744; x_wconf 91' lang='lat' dir='ltr'>ad</span> <span class='ocrx_word' id='word_1_334' title='bbox 1301 5678 1380 5763; x_wconf 91' lang='lat' dir='ltr'>ipsa</span> <span class='ocrx_word' id='word_1_335' title='bbox 1402 5675 1461 5744; x_wconf 88' lang='lat' dir='ltr'>via</span> <span class='ocrx_word' id='word_1_336' title='bbox 1484 5691 1553 5759; x_wconf 89' lang='lat' dir='ltr'>que</span> <span class='ocrx_word' id='word_1_337' title='bbox 1576 5681 1630 5742; x_wconf 90' lang='lat' dir='ltr'>est</span> <span class='ocrx_word' id='word_1_338' title='bbox 1653 5675 1775 5763; x_wconf 92' lang='lat' dir='ltr'>priora</span> <span class='ocrx_word' id='word_1_339' title='bbox 1790 5674 1876 5760; x_wconf 87' lang='lat' dir='ltr'>fine,</span> <span class='ocrx_word' id='word_1_340' title='bbox 1900 5675 1985 5739; x_wconf 88' lang='lat' dir='ltr'>sunt</span> <span class='ocrx_word' id='word_1_341' title='bbox 2009 5671 2094 5739; x_wconf 91' lang='lat' dir='ltr'>inde</span> 
     </span>
    </p>
   </div>
   <div class='ocr_carea' id='block_1_14' title="bbox 245 5823 2098 5916">
    <p class='ocr_par' dir='ltr' id='par_1_16' title="bbox 245 5823 2098 5916">
     <span class='ocr_line' id='line_1_32' title="bbox 245 5823 2098 5916; baseline 0.002 -23"><span class='ocrx_word' id='word_1_342' title='bbox 245 5827 337 5910; x_wconf 83' lang='lat' dir='ltr'>passi</span> <span class='ocrx_word' id='word_1_343' title='bbox 362 5823 515 5912; x_wconf 86' lang='lat' dir='ltr'>triginta</span> <span class='ocrx_word' id='word_1_344' title='bbox 538 5831 738 5914; x_wconf 90' lang='lat' dir='ltr'>quadtuor‚</span> <span class='ocrx_word' id='word_1_345' title='bbox 765 5836 878 5898; x_wconf 87' lang='lat' dir='ltr'>toturn</span> <span class='ocrx_word' id='word_1_346' title='bbox 902 5831 947 5898; x_wconf 90' lang='lat' dir='ltr'>ad</span> <span class='ocrx_word' id='word_1_347' title='bbox 971 5831 1065 5897; x_wconf 89' lang='lat' dir='ltr'>iusto</span> <span class='ocrx_word' id='word_1_348' title='bbox 1087 5847 1229 5916; x_wconf 90' lang='lat' dir='ltr'>passum</span> <span class='ocrx_word' id='word_1_349' title='bbox 1252 5827 1391 5894; x_wconf 90' lang='lat' dir='ltr'>homini</span> <span class='ocrx_word' id='word_1_350' title='bbox 1416 5835 1674 5896; x_wconf 90' lang='lat' dir='ltr'>mensuratum.</span> <span class='ocrx_word' id='word_1_351' title='bbox 1708 5831 1773 5896; x_wconf 89' lang='lat' dir='ltr'>hec</span> <span class='ocrx_word' id='word_1_352' title='bbox 1797 5843 1880 5894; x_wconf 90' lang='lat' dir='ltr'>vero</span> <span class='ocrx_word' id='word_1_353' title='bbox 1905 5829 2010 5895; x_wconf 91' lang='lat' dir='ltr'>rebus</span> <span class='ocrx_word' id='word_1_354' title='bbox 2033 5846 2098 5912; x_wconf 88' lang='lat' dir='ltr'>per</span> 
     </span>
    </p>
   </div>
   <div class='ocr_carea' id='block_1_15' title="bbox 435 5980 1905 6040">
    <p class='ocr_par' dir='ltr' id='par_1_17' title="bbox 435 5980 1905 6040">
     <span class='ocr_line' id='line_1_33' title="bbox 435 5980 1905 6040; baseline 0.004 -6"><span class='ocrx_word' id='word_1_355' title='bbox 435 5980 504 6040; x_wconf 76' lang='lat' dir='ltr'>lou.</span> <span class='ocrx_word' id='word_1_356' title='bbox 525 5997 551 6037; x_wconf 82' lang='grc' dir='ltr'>ιιι</span> <span class='ocrx_word' id='word_1_357' title='bbox 1871 5984 1905 6040; x_wconf 84' lang='lat' dir='ltr'>to</span> 
     </span>
    </p>
   </div>
   <div class='ocr_carea' id='block_1_16' title="bbox 0 0 2660 7080">
    <p class='ocr_par' dir='ltr' id='par_1_18' title="bbox 0 0 2660 7080">
     <span class='ocr_line' id='line_1_34' title="bbox 0 0 2660 7080; baseline 0 5"><span class='ocrx_word' id='word_1_358' title='bbox 0 0 2660 7080; x_wconf 95' lang='lat' dir='ltr'> </span> 
     </span>
    </p>
   </div>
  </div>
 </body>
</html>
