5334 7098
957 567 1366 644 billbllll'lllbs
1973 573 2034 641 lbl

230 796 382 862 Stalato
405 791 520 858 murro
544 789 674 876 victori
698 793 784 858 curt
806 792 1000 860 solidorum
1021 799 1407 866 constantinianorurn.
1426 803 1462 866 et
1478 800 1573 866 hunc
1598 799 1741 866 brebem
1764 796 1893 884 scripsi
1918 814 1984 882 ego
2002 795 2086 865 ade-

227 945 320 1016 mari
344 942 507 1012 notarius
529 941 592 1029 qui
617 942 778 1011 interfui.

275 1068 306 1186 †
332 1097 407 1184 Ego
431 1093 586 1165 arechisi
610 1095 772 1164 notarius
795 1115 850 1164 me
874 1099 1065 1184 subscripsi

277 1221 307 1337 †
332 1251 408 1336 Ego
432 1249 714 1334 regemprandus
738 1266 794 1315 me
818 1248 1010 1334 subscripsi

274 1375 304 1491 †
329 1405 404 1491 Ego
427 1402 612 1489 laquintus
636 1405 799 1472 notarius
822 1422 876 1470 me
901 1403 1107 1490 subscripsi.

926 1660 950 1668 ⁵-
958 1659 1376 1670 nauum—ama--ffi

1015 1953 1303 2034 DCXXIV.

1006 2215 1061 2290 A.
1089 2213 1140 2290 D.
1170 2209 1298 2292 1009.

276 2451 311 2591 †
337 2506 377 2570 ln
401 2503 546 2571 nomine
569 2503 704 2572 domini
730 2505 895 2572 vicesimo
920 2505 1036 2591 primo
1060 2523 1153 2573 anno
1183 2506 1404 2592 principatus
1429 2505 1548 2572 domni
1574 2506 1689 2572 nostri
1718 2505 1899 2590 guaimari
1936 2507 2081 2592 gloriosi

229 2658 434 2746 principis„
442 2676 563 2726 mense
588 2660 792 2744 nobember,
817 2661 943 2727 octaba
967 2658 1173 2727 indictione.
1198 2660 1347 2745 Ideoque
1363 2677 1428 2746 ego
1444 2658 1617 2728 mastalus
1634 2660 1841 2727 atrianense
1859 2658 1953 2727 filius
1972 2678 2085 2746 quon-

229 2811 312 2878 dam
337 2811 433 2900 sergi
458 2812 519 2897 qui
546 2813 686 2879 bocabit
709 2811 751 2878 de
776 2817 875 2896 anta,
900 2812 1102 2899 clarelacio,
1126 2812 1294 2900 quoniam
1312 2834 1333 2882 a
1350 2832 1510 2900 mangna
1526 2811 1737 2880 infirmitate
1753 2831 1831 2881 sum
1848 2813 2080 2902 depreensus,

108 3001 110 3006 ·
230 2965 322 3033 uude
347 2970 431 3050 puto
455 2966 566 3031 vitam
590 2965 751 3050 finirent,
769 2970 803 3032 et
821 2965 905 3030 dum
922 2965 959 3031 iu
978 2965 1107 3032 lectulo
1131 2966 1261 3034 misere
1286 2970 1461 3035 iacentem
1484 2971 1520 3034 et
1537 2967 1718 3053 integram
1741 2969 1828 3035 abeo
1844 2971 1919 3036 tota
1942 2972 2073 3056 mente,

228 3129 263 3188 et
287 3137 367 3190 mea
391 3123 497 3188 rebus
519 3126 555 3188 et
580 3139 743 3189 caussam
768 3140 881 3188 meam
908 3120 1144 3190 iniudicatam
1169 3122 1386 3210 relinquere,
1410 3127 1627 3210 quapropter
1651 3125 1694 3189 ob
1723 3139 1798 3188 rem
1826 3141 1891 3209 ego
1916 3123 2079 3208 superius
2170 3163 2177 3172 -

228 3276 346 3345 dictus
371 3277 543 3346 mastalus
567 3279 653 3344 ante
677 3277 874 3363 subscripto
900 3277 1041 3343 notario
1065 3281 1102 3342 et
1124 3278 1320 3364 subscripti
1345 3281 1453 3346 testes
1475 3277 1604 3345 ostedit
1626 3277 1902 3362 concessionem,
1926 3277 2082 3362 qualiter

228 3431 273 3499 ad
299 3435 482 3518 presentes
506 3434 645 3497 nostros
669 3449 835 3499 concessa
859 3436 894 3498 et
917 3431 1001 3500 data
1026 3430 1095 3498 luit
1118 3430 1151 3497 ei
1177 3430 1375 3516 licentiam,
1394 3433 1429 3496 et
1455 3428 1578 3497 liceret
1602 3428 1703 3496 illum
1727 3433 1762 3497 et
1787 3430 1864 3497 eius
1888 3429 2011 3498 eredes
2034 3431 2078 3499 de

228 3583 351 3651 omnia
382 3601 447 3651 sua
476 3603 585 3652 cansa
615 3584 702 3652 dare
732 3589 767 3651 et
798 3585 980 3670 iudicare,
1004 3586 1097 3651 sicut
1113 3587 1148 3650 et
1165 3580 1403 3670 langnobardi
1421 3579 1637 3667 hominibuS,
1663 3581 1800 3651 interea
1823 3601 1889 3667 ogo
1912 3583 2079 3669 superius

230 3735 347 3803 dictus
371 3735 544 3802 mastalus
567 3752 630 3820 per
653 3735 916 3803 combenientia
945 3752 1038 3803 vona
1062 3753 1142 3802 mea
1166 3733 1350 3802 boluntate
1373 3751 1436 3819 per
1465 3750 1534 3800 unc
1558 3732 1732 3818 scriptum
1756 3733 1925 3800 confirmo
1947 3740 1983 3803 et
2009 3738 2082 3804 tra·

228 3887 317 3956 didit
348 3886 446 3955 vobis
477 3893 638 3958 matrone
667 3892 704 3956 et
729 3888 904 3975 blactule‚
929 3907 998 3975 que
1029 3888 1109 3956 sitis
1142 3905 1314 3974 germane
1345 3886 1418 3953 filie
1450 3884 1580 3972 todoli,
1615 3885 1742 3955 inclita
1764 3888 1863 3956 terra
1887 3905 1967 3954 curn
1996 3907 2081 3958 casa

229 4060 309 4110 mea
334 4039 489 4111 frabrita
513 4043 670 4112 solarata
693 4043 735 4110 de
758 4042 856 4110 intus
880 4058 948 4108 auc
972 4040 1231 4109 salernitanam
1254 4039 1437 4108 cibitatem
1460 4041 1659 4127 propinquo
1683 4039 1762 4126 ipsa
1786 4039 1898 4128 lama,
1922 4041 2080 4130 qualiter

228 4193 398 4265 conciata
421 4201 458 4264 et
480 4196 649 4266 edificata
672 4199 725 4265 est
750 4217 830 4264 cum
855 4195 1080 4264 mineaneum
1098 4195 1124 4276 Ι)
1139 4198 1174 4261 et
1190 4193 1286 4261 scala
1309 4193 1436 4280 posita,
1454 4195 1490 4260 et
1504 4211 1584 4260 cum
1601 4191 1678 4260 bice
1693 4192 1736 4260 de
1752 4193 1873 4262 andito
1887 4210 1949 4263 suo
1965 4213 2078 4282 usque

227 4351 263 4417 in
292 4349 354 4418 bia
378 4349 533 4437 publica,
559 4355 698 4418 etcum
721 4349 835 4417 omnis
859 4368 977 4418 meum
1001 4346 1177 4434 mobilem,
1199 4347 1292 4434 quod
1316 4348 1412 4416 intro
1427 4346 1506 4433 ipsa
1522 4365 1606 4415 casa
1622 4347 1770 4433 abuero,
1787 4348 1899 4414 totum
1916 4346 2076 4416 funditus

226 4523 315 4572 curn.
335 4505 495 4592 predicta
519 4524 601 4574 casa
624 4509 660 4572 et
683 4523 763 4571 cum
787 4502 881 4571 omni
905 4522 971 4571 sua
995 4503 1232 4592 pertinentia,
1256 4507 1297 4572 ut
1320 4506 1484 4592 superius
1509 4505 1667 4593 legitur,
1692 4503 1779 4570 illud
1803 4501 1952 4572 tradidit
1976 4502 2076 4571 vobis

228 4657 412 4726 iamdictis
434 4664 596 4728 matrone
620 4663 655 4728 et
678 4658 848 4745 blaclole,
872 4657 1044 4726 securiter
1072 4677 1131 4724 vos
1155 4663 1191 4726 et
1216 4659 1346 4738 vestris
1371 4659 1537 4728 credibus
1572 4657 1736 4745 predicta
1767 4661 1890 4726 nostra
1913 4657 2079 4726 tradictio

228 4813 421 4900 abendum,
444 4817 480 4881 et
503 4813 706 4882 laciendum
729 4811 859 4881 exinde
883 4811 1002 4881 omnia
1016 4812 1108 4897 quod
1132 4811 1326 4900 bolueritis,
1344 4815 1477 4900 absque
1492 4812 1590 4880 omni
1608 4812 1799 4881 cuiuslibet
1815 4813 2077 4882 contrarietate

226 4966 281 5035 rel
299 4967 550 5055 requisitione,
573 4973 609 5036 et
631 4967 705 5054 ipse
721 4971 824 5038 ambo
847 4987 1018 5054 germane
1035 4971 1177 5054 propter
1202 4967 1271 5034 ista
1295 4965 1522 5052 tradictione,
1546 4967 1642 5053 quod
1665 4965 1812 5035 illarum
1826 4966 1912 5034 lecit
1927 4964 2077 5054 pargia·

224 5140 261 5188 re
276 5123 305 5204 ²)
322 5125 358 5190 et
377 5120 424 5189 da
440 5120 502 5188 ille
526 5121 677 5188 debeant
693 5121 738 5188 ad
755 5120 956 5190 costantino
979 5121 1051 5186 filio
1076 5120 1224 5190 iohanni
1240 5118 1282 5186 de
1298 5120 1436 5188 marino
1459 5119 1586 5188 comite
1614 5118 1745 5206 biginti
1769 5121 1849 5188 auri
1874 5118 1960 5204 tari,
1984 5121 2077 5204 quod

223 5291 288 5361 ego
305 5271 405 5342 illius
420 5271 534 5362 religo
549 5291 628 5341 sum
645 5274 744 5358 dare,
761 5279 797 5341 et
814 5291 923 5340 unum
948 5273 1060 5342 alium
1077 5273 1146 5340 tari
1164 5273 1225 5342 ille
1249 5273 1392 5342 reodere
1409 5273 1455 5343 ad
1473 5272 1643 5344 iohannes
1660 5273 1878 5361 atriauense,
1896 5274 1956 5341 cui
1976 5269 2078 5339 illum

233 5533 448 5540 -m——a—
456 5531 634 5540 -—..—-—-
643 5531 675 5539 0-

264 5707 286 5783 ⁴)
307 5708 530 5778 ruinenoeum,
556 5706 645 5766 idem
668 5724 705 5767 ac
727 5707 912 5784 roianpiuur
936 5707 1030 5764 utin
1056 5708 1104 5766 [lu
1128 5707 1250 5784 Gange.

262 5841 474 5933 ¹)porqiore,
500 5870 618 5916 avoca
639 5853 773 5932 ponpis,
799 5858 834 5911 ut
859 5851 917 5911 ibi.
