5310 7080
974 507 1378 580 llll¹Llllltll¹lCllS

1054 915 1291 994 DXCVI.

1028 1177 1083 1252 A.
1112 1175 1162 1251 D.
1192 1174 1319 1254 1007.

297 1412 331 1552 †
357 1467 395 1529 lu
422 1465 564 1530 nomine
589 1463 722 1530 domini
748 1463 977 1532 nonodecimo
1001 1485 1096 1534 anno
1120 1467 1342 1553 principatus
1367 1469 1484 1536 domni
1503 1468 1616 1536 nostri
1634 1467 1815 1555 guaimari
1831 1468 1979 1556 gloriosi
2002 1467 2105 1555 prin-

253 1620 355 1707 cipie,
381 1637 500 1687 mense
525 1620 685 1704 octuber,
710 1623 813 1686 sexta
837 1619 1043 1687 indictione.
1069 1621 1356 1688 memoratorium
1381 1623 1477 1691 tactu
1493 1644 1515 1691 a
1532 1621 1631 1688 nobis
1656 1621 1901 1708 maghenollus
1924 1623 2102 1708 presbiter

253 1785 288 1842 et
311 1781 436 1860 petrus
461 1773 624 1858 clericus,
652 1775 807 1858 eoquod
831 1781 914 1844 ante
938 1775 1128 1862 subscripti
1152 1779 1258 1843 testes
1275 1795 1336 1861 per
1353 1779 1445 1852 bona
1461 1774 1724 1844 combenientia
1740 1793 1802 1860 per
1827 1775 2101 1844 demandatione

254 1933 291 1994 et
319 1928 508 2014 largietate
532 1929 652 1996 domni
677 1931 809 1997 maioni
834 1929 1023 2014 presbiteri
1048 1933 1085 1996 et
1108 1930 1228 1998 abbati
1254 1931 1400 1997 ecclesie
1424 1929 1538 1998 sancti
1564 1928 1727 2015 maximi,
1750 1933 1786 1996 et
1803 1931 1919 2016 ipsum
1943 1933 2101 2016 astante,

257 2081 475 2148 tradidimus
498 2083 714 2168 maghenolfi
738 2081 810 2149 filio
833 2082 975 2168 sellicti,
1002 2101 1073 2152 una
1096 2082 1278 2148 nobiscum
1302 2084 1438 2150 adesset
1453 2083 1547 2150 maio
1564 2081 1658 2148 filius
1673 2082 1852 2167 quondam
1871 2081 2020 2168 maioni,
2038 2083 2100 2169 qui

256 2239 310 2300 est
334 2235 525 2302 adbocator
549 2240 585 2301 et
610 2254 719 2303 unum
742 2237 785 2303 de
808 2235 956 2303 dominii
980 2235 1092 2321 ipsius
1115 2222 1273 2320 ecclesie,
1291 2237 1333 2302 de
1349 2237 1455 2301 rebus
1471 2235 1628 2320 predicte
1643 2235 1789 2303 ecclesie
1805 2235 1848 2302 de
1867 2234 1981 2302 locum
1998 2254 2102 2303 mun-

256 2389 346 2472 toru,
374 2387 433 2453 ubi
459 2407 586 2474 campn
611 2390 751 2458 faraoni
775 2388 932 2474 dieitur,
956 2389 1048 2473 quod
1073 2406 1135 2453 nos
1159 2391 1196 2455 in
1222 2388 1430 2456 beneficium
1456 2393 1615 2456 tenemus
1638 2388 1683 2454 da
1707 2407 1790 2473 pars
1815 2386 1925 2472 ipsius
1951 2387 2101 2454 ecclesie

254 2561 315 2626 per
338 2561 378 2609 ec
401 2544 483 2610 finis
508 2548 543 2611 et
568 2545 762 2612 mensuria:
787 2548 841 2610 est
866 2542 941 2629 ipsa
966 2544 1070 2610 rebus
1093 2564 1114 2608 a
1138 2563 1221 2629 pars
1245 2543 1392 2612 orientis
1416 2544 1486 2609 fine
1512 2540 1625 2627 ipsius
1648 2541 1820 2628 ecclesie,
1852 2541 1942 2626 quod
1967 2543 2012 2609 ad
2036 2561 2100 2626 pa-

259 2697 477 2764 stenandum
501 2697 632 2763 retinet
657 2695 820 2782 iaquinto
845 2701 880 2763 et
903 2698 1030 2782 grimo,
1055 2708 1139 2763 sunt
1163 2699 1246 2765 indo
1269 2719 1389 2784 passos
1413 2699 1615 2785 octoaginta
1638 2697 1726 2763 duo:
1753 2715 1873 2782 apars
1889 2696 2035 2763 meridie
2052 2695 2102 2762 si-

253 2850 387 2917 militer
411 2853 480 2917 tine
505 2851 619 2936 ipsius
642 2852 803 2936 ecclesie,
829 2852 923 2918 sicut
946 2851 1004 2917 bia
1027 2851 1210 2937 discernit,
1235 2857 1319 2919 sunt
1343 2851 1425 2918 inde
1449 2871 1568 2936 passos
1591 2851 1823 2937 septuaginta
1848 2851 2039 2936 quantuor-3
2066 2855 2103 2918 et

252 3003 298 3071 da
324 3005 407 3073 inde
431 3005 573 3074 abiente
599 3007 636 3072 in
661 3025 744 3094 pars
768 3007 916 3072 moridie
941 3025 1003 3092 per
1027 3004 1098 3070 fine
1122 3005 1164 3071 de
1188 3004 1308 3070 eredes
1333 3003 1455 3070 alerisi
1480 3010 1515 3070 et
1540 3004 1610 3070 fine
1627 3007 1749 3070 sancte
1767 3004 1879 3070 marie
1895 3009 1930 3070 et
1946 3004 2103 3071 domme-

259 3159 364 3243 rami,
389 3163 473 3226 sunt
499 3159 580 3226 indo
605 3177 723 3244 passos
747 3163 886 3225 centum
913 3161 1003 3226 duo:
1029 3179 1052 3226 a
1077 3177 1159 3244 pars
1181 3158 1374 3226 occidentis
1397 3161 1467 3226 fine
1492 3160 1563 3246 bia,
1589 3163 1673 3224 sunt
1696 3158 1778 3224 iude
1803 3178 1922 3243 passos
1946 3157 2103 3244 triginta

262 3319 461 3400 quadtuor:
488 3339 510 3386 a
534 3336 618 3403 pars
643 3317 905 3404 septemtrionis
929 3316 999 3380 fine
1024 3316 1135 3401 ipsius
1158 3315 1304 3382 ecclesie
1329 3321 1449 3383 sancte
1474 3315 1601 3400 marie,
1620 3313 1701 3381 inde
1718 3319 1802 3382 sunt
1819 3333 1940 3398 passos
1962 3323 2105 3400 septua-

256 3472 383 3556 ginta3
408 3477 444 3540 et
468 3472 673 3540 rebolbente
697 3473 736 3537 in
762 3489 844 3555 pars
868 3469 1062 3535 occidentis
1087 3488 1149 3554 per
1173 3469 1296 3536 eadem
1321 3469 1391 3535 fine
1415 3473 1499 3535 sunt
1522 3486 1643 3554 passos
1667 3467 1787 3534 decem
1811 3471 1847 3533 ot
1871 3474 1971 3553 ooto;
1996 3473 2032 3535 et
2056 3473 2103 3536 ab

260 3626 340 3694 inde
366 3625 497 3694 iterum
522 3625 724 3693 rebolbente
749 3623 786 3689 in
812 3642 894 3708 pars
918 3622 1184 3708 septemtrionis
1209 3643 1297 3708 erga
1322 3624 1392 3690 llne
1420 3623 1531 3710 ipsius
1555 3623 1702 3690 ecclesie
1719 3624 1834 3690 sancti
1853 3623 1999 3690 maximi
2017 3628 2102 3692 sunt

261 3779 341 3846 inde
365 3797 485 3865 passos
511 3781 663 3865 triginta
688 3777 864 3863 qnadtuor
889 3794 1000 3860 usque
1027 3765 1063 3842 in
1088 3774 1205 3861 priore
1230 3775 1324 3861 llne,
1349 3779 1462 3842 totum
1488 3779 1733 3843 mensuratum
1758 3775 1802 3844 ad
1836 3776 1927 3842 iusto
1957 3795 2101 3861 passum

258 3937 381 4020 omini,
406 3935 448 4002 de
472 3953 512 4000 ec
536 3953 618 4000 vero
640 3950 698 3998 res
722 3931 819 3998 inl'ra
834 3931 1037 4017 supradicte
1053 3929 1134 3994 finis
1150 3933 1185 3994 et
1202 3928 1380 3996 mensnrie
1397 3927 1524 3996 inclita
1541 3925 1766 3998 medietatem
1782 3928 1821 3994 in
1838 3949 1921 4015 pars
1938 3931 2101 3998 occiden-

258 4093 306 4159 tis
328 4089 443 4159 eidem
467 4085 683 4174 maghenolfi
707 4085 931 4169 tradidimus,
956 4083 1017 4169 qui
1042 4089 1094 4150 est
1119 4084 1188 4149 ista
1211 4083 1398 4151 medietate
1424 4089 1648 4169 pastenatum
1674 4086 1860 4152 arbustum
1876 4090 1912 4151 et
1930 4088 2099 4153 baouum:

260 4249 297 4313 in
322 4245 428 4313 simul
452 4249 488 4312 et
513 4241 727 4310 tradidimus
752 4239 784 4305 ei
810 4236 935 4304 inclita
959 4235 1183 4304 medietatem
1207 4236 1249 4301 de
1273 4253 1346 4302 una
1369 4237 1469 4322 peoia
1493 4236 1535 4302 de
1559 4239 1658 4303 terra
1681 4255 1762 4303 oum
1786 4236 2040 4304 abellanietum
2065 4245 2103 4309 et

259 4407 411 4472 bacunm
435 4404 555 4485 ibique
579 4397 786 4469 coniuntum
810 4397 871 4481 qui
895 4401 948 4462 est
973 4393 1010 4460 in
1034 4414 1115 4482 pars
1140 4391 1416 4480 septemtrionis:
1434 4409 1473 4456 ec
1490 4390 1695 4475 supradicta
1721 4390 1947 4456 medietatem
1971 4395 2100 4482 totum,

257 4564 349 4629 sicut
372 4561 541 4644 diximus
559 4578 639 4626 cnm
662 4557 782 4623 omnia
807 4553 901 4621 intro
923 4571 961 4619 se
985 4550 1172 4638 ababtibus
1196 4553 1231 4615 et
1255 4550 1329 4616 suis
1351 4546 1593 4633 pertinentiis
1618 4551 1653 4612 et
1677 4564 1754 4610 cum
1780 4547 1857 4612 bice
1881 4546 1923 4612 de
1949 4546 2008 4612 bia
2033 4565 2101 4618 sua

251 4715 284 4780 ei
309 4714 536 4782 tradidimus
563 4712 661 4780 Unde
686 4727 749 4796 pro
774 4707 897 4774 taliter
921 4705 1056 4792 guadia
1080 4704 1181 4771 nobis
1212 4701 1307 4770 dedit
1331 4707 1366 4768 et
1390 4700 1618 4768 mediatorem
1647 4699 1750 4766 nobis
1783 4701 1898 4786 posuit
1924 4699 2099 4768 iohannes

255 4873 430 4954 congnato
454 4885 517 4933 suo
541 4865 615 4932 filio
639 4865 750 4932 amati
772 4863 836 4932 tali
863 4863 1001 4944 ordine,
1026 4864 1065 4926 ut
1088 4859 1211 4925 amodo
1234 4862 1269 4923 et
1294 4875 1403 4942 usque
1427 4856 1547 4922 decem
1571 4856 1659 4922 anui
1683 4855 1846 4940 completi
1863 4856 1977 4924 licead
1996 4857 2100 4923 illum
2134 4814 2136 4822 ,

257 5025 292 5087 et
315 5039 397 5087 suos
421 5019 544 5087 eredes
567 5019 771 5104 supradicta
794 5020 916 5082 nostra
940 5012 1152 5081 tradictione
1177 5029 1239 5078 suo
1263 5009 1447 5095 potestatis
1472 5010 1593 5073 tenere
1610 5011 1646 5072 et
1664 5007 1860 5092 dominare,
1877 5012 1912 5074 et
1928 5008 2048 5076 soboas
2066 5017 2101 5078 et

258 5175 369 5240 omnis
393 5191 455 5240 sue
481 5172 649 5240 utilitatis
674 5170 803 5237 ibidem
829 5169 958 5252 lacere,
983 5173 1018 5235 et
1041 5185 1100 5234 eos
1123 5171 1335 5254 pastenarc,
1359 5169 1453 5235 sicut
1478 5166 1676 5254 meruerit,
1702 5167 1886 5233 arbustum
1911 5170 1946 5229 et
1969 5163 2104 5230 abella-

255 5331 405 5415 nietum;
431 5336 466 5399 et
489 5335 664 5416 quantum
688 5329 812 5396 binum
835 5333 871 5394 et
899 5327 1062 5394 abellane
1088 5323 1293 5393 annualiter
1319 5325 1444 5391 amodo
1467 5326 1503 5389 et
1520 5341 1658 5406 semper
1676 5322 1758 5387 inde
1773 5319 1944 5402 exierint,
1963 5321 2100 5386 laniant

258 5485 327 5554 illis
351 5491 388 5553 et
413 5486 487 5553 suis
512 5485 676 5554 eredibus
700 5482 905 5551 annualiter
921 5481 1011 5547 scire
1036 5497 1119 5565 pars
1136 5478 1246 5564 ipsius
1261 5476 1421 5562 ecclesie,
1439 5480 1478 5544 ut
1494 5474 1626 5542 ibidem
1642 5472 1784 5560 dirigad
1809 5471 1956 5538 missum
1981 5491 2102 5558 suum,

255 5650 288 5707 et
311 5646 426 5709 totum
451 5641 525 5726 ipso
548 5639 673 5706 binum
698 5644 734 5706 et
758 5635 919 5705 abellane
944 5637 1067 5700 secclre
1091 5631 1294 5698 dibidereut
1324 5631 1419 5698 inter
1452 5648 1489 5698 se
1521 5628 1560 5694 in
1594 5629 1736 5696 tertiam
1762 5631 1927 5712 partem:
1955 5628 2104 5694 missum

257 5799 413 5886 predicte
437 5796 583 5865 ecclesie
607 5794 716 5864 tollad
741 5793 821 5859 inde
847 5791 989 5858 tertiam
1013 5792 1179 5874 partem,
1204 5789 1239 5852 et
1263 5784 1335 5854 illis
1357 5787 1424 5853 due
1449 5785 1579 5868 sortiS,
1611 5789 1645 5850 ot
1670 5782 1794 5849 amodo
1818 5787 1853 5850 et
1877 5800 2016 5870 semper
2044 5784 2105 5852 ille
