5310 7080
989 497 1391 568 iurnotttrtcus
2005 491 2067 562 105

256 717 406 805 gincap,
431 718 493 803 qui
518 737 540 786 a
563 717 719 786 iohanne
743 721 882 806 genitor
906 721 1017 807 ipsius
1041 722 1217 790 infantule
1241 722 1273 788 ei
1290 724 1458 790 emissum
1483 723 1564 808 fuit3
1590 725 1625 787 et
1649 739 1715 807 ego
1732 724 1768 787 et
1785 720 1872 788 meis
1896 719 2061 787 eredibus
2079 721 2117 784 et

260 871 400 936 omines
424 875 563 938 nostros
588 874 757 940 abeamus
781 873 841 942 bia
865 893 928 961 per
951 875 1065 961 capite
1090 876 1133 943 de
1158 875 1234 962 ipsa
1256 878 1362 943 rebus
1385 876 1431 942 da
1453 873 1724 958 mammonalopa
1748 891 1858 958 usque
1876 870 2049 957 incapite
2066 870 2114 936 de

256 1021 317 1090 bia
351 1025 462 1109 caba,
487 1026 529 1091 ut
559 1043 638 1090 curn
672 1025 785 1092 omnis
815 1031 935 1094 nostre
967 1027 1204 1114 congruitatis
1228 1027 1310 1094 inde
1344 1028 1532 1115 ingredere
1561 1030 1597 1094 et
1626 1026 1814 1112 regredere
1838 1043 2043 1111 possamus3
2069 1023 2115 1090 de

256 1177 333 1263 ipsa
358 1179 466 1244 rebus
491 1197 573 1245 rero
597 1179 640 1245 de
663 1179 899 1267 mammolopa
923 1180 1101 1250 combenit
1124 1180 1219 1248 inter
1234 1180 1348 1266 nobiS,
1366 1185 1406 1247 ut
1421 1177 1596 1265 equaliter
1620 1183 1757 1266 quanta
1782 1184 1879 1247 terra
1901 1197 1984 1245 curn
2003 1179 2113 1246 binea

254 1334 293 1396 et
317 1332 473 1398 baouum
507 1335 543 1400 et
567 1331 661 1401 casis
693 1351 758 1420 ego
791 1333 892 1401 modo
916 1333 1047 1400 ibidem
1079 1331 1326 1402 dominaturus
1357 1349 1456 1415 sum,
1481 1333 1516 1396 et
1540 1349 1608 1415 que
1632 1330 1760 1397 exinde
1784 1331 1830 1398 ad
1853 1329 2114 1416 pastenandum

258 1483 371 1568 dedit,
398 1483 489 1550 aliut
513 1487 652 1551 tantum
678 1483 724 1552 ad
749 1485 874 1570 equale
898 1485 1082 1551 mensurio
1106 1483 1290 1570 longitudo
1305 1488 1340 1550 et
1357 1483 1507 1552 latitudo
1531 1486 1663 1551 abeant
1678 1487 1714 1550 et
1730 1483 1858 1550 tollant
1873 1483 1948 1569 ipse
1965 1498 2114 1572 sor-eree,

257 1641 295 1704 et
321 1638 400 1722 ipsa
425 1636 605 1704 infantula
627 1655 700 1704 una
723 1656 860 1704 mecum
886 1637 1015 1704 ibidem
1041 1639 1249 1705 coniuntum
1272 1637 1311 1704 in
1326 1639 1490 1724 partibus
1514 1636 1827 1723 septemtrionalis3
1846 1643 1881 1705 et
1897 1639 2013 1705 sinon
2030 1642 2114 1708 abet

265 1793 315 1860 ibi
341 1797 486 1860 tantum
509 1793 551 1859 de
575 1793 781 1880 latitudine,
806 1794 973 1861 tollerent
997 1812 1054 1860 eos
1077 1795 1119 1862 de
1143 1794 1379 1882 longitudine,
1403 1793 1454 1862 ita
1471 1801 1511 1861 ut
1535 1796 1612 1882 ipsa
1638 1795 1866 1881 imperatissa
1889 1802 1924 1863 et
1948 1796 2023 1862 suis
2040 1815 2118 1864 ere-

262 1945 368 2012 dibus
393 1945 521 2014 tollant
546 1950 581 2012 et
604 1947 735 2014 abeant
765 1945 848 2012 inde
881 1944 1008 2014 inclita
1038 1949 1184 2015 tertiam
1216 1953 1354 2033 partem
1378 1968 1479 2018 secus
1502 1951 1572 2018 tine
1596 1969 1696 2037 mea,
1721 1971 1743 2018 a
1768 1952 1828 2018 bia
1852 1969 1921 2034 que
1945 1968 2007 2035 per
2031 1947 2118 2035 pede

256 2099 412 2185 deducit,
438 2105 473 2167 et
498 2119 608 2186 usquo
642 2101 680 2165 in
705 2101 820 2187 capite
845 2100 904 2167 ubi
938 2103 1016 2186 ipsa
1040 2103 1222 2170 mensurio
1254 2105 1413 2172 cecidere
1444 2104 1559 2189 debet,
1593 2103 1727 2190 etipse
1758 2105 1828 2172 alie
1858 2105 1926 2171 due
1950 2103 2118 2170 sortionis

254 2256 385 2322 abeant
409 2273 473 2340 ego
499 2254 691 2323 iamdictus
714 2256 890 2324 madelmo
914 2275 993 2322 cum
1019 2256 1096 2341 ipsa
1120 2260 1220 2324 tucta
1243 2256 1371 2324 domna
1386 2262 1422 2323 et
1438 2276 1519 2324 cum
1535 2258 1611 2343 ipsa
1627 2259 1822 2344 infantula,
1839 2264 1874 2325 et
1889 2277 1954 2344 pro
1969 2261 2115 2326 restau-

254 2407 428 2474 rationem
455 2407 546 2491 quod
571 2425 638 2492 ego
662 2409 749 2476 dare
773 2407 878 2475 debui
902 2409 1016 2476 eidem
1050 2415 1145 2478 tucte
1178 2410 1303 2475 domne
1326 2430 1390 2494 pro
1415 2413 1520 2476 rebus
1544 2409 1627 2496 illa,
1651 2431 1758 2496 quam
1788 2428 1853 2498 ego
1877 2429 1940 2478 seu
1964 2411 2113 2498 genitor

251 2563 288 2623 et
311 2559 492 2644 genetrice
517 2579 595 2628 moa
619 2561 767 2628 alterius
791 2562 978 2648 dederunt,
1003 2565 1096 2630 unde
1119 2582 1184 2649 ego
1208 2562 1341 2650 guadio
1364 2563 1477 2630 eidem
1501 2562 1604 2650 genci
1630 2563 1749 2632 datam
1774 2563 1883 2630 habui
1908 2566 1951 2631 de
1969 2568 2108 2635 restau-

254 2712 407 2780 randum
435 2731 477 2780 ea
503 2715 648 2802 exinde,
675 2721 711 2782 et
735 2718 814 2802 ipsa
847 2717 1028 2785 infantula
1052 2717 1174 2786 statim
1198 2715 1388 2784 sublaxabi
1412 2715 1522 2802 ipsius
1545 2720 1641 2783 tuote
1665 2718 1790 2784 domne
1814 2723 1850 2784 et
1873 2719 2029 2802 predicte
2054 2721 2109 2786 in-

252 2867 389 2932 fantulo
414 2866 543 2934 inclita
568 2868 645 2954 ipsa
669 2870 824 2935 sortione
840 2889 931 2956 mea,
948 2889 1053 2954 quam
1072 2891 1093 2936 a
1109 2875 1209 2955 parte
1233 2869 1346 2955 ipsius
1371 2873 1489 2937 amate
1504 2868 1593 2935 mihi
1609 2871 1783 2953 pertinuit
1799 2871 1841 2937 de
1857 2871 1934 2956 ipsa
1950 2871 2109 2940 sortione

250 3020 292 3086 do
317 3019 393 3104 ipso
416 3023 666 3108 castanietum,
691 3023 782 3108 quod
807 3041 887 3089 cum
905 3041 947 3091 ea
963 3021 1127 3108 superius
1151 3043 1335 3090 commune
1358 3026 1671 3111 compreensimus,
1696 3028 1732 3092 et
1758 3024 1835 3110 ipsa
1859 3027 2014 3092 sortione
2030 3045 2109 3097 mea

250 3178 294 3246 da
317 3180 555 3265 mammolopa
579 3180 760 3265 similiter,
777 3185 813 3246 et
830 3181 941 3266 ipsius
966 3185 1059 3248 tucte
1084 3182 1210 3248 domne
1235 3183 1424 3252 sublaxabi
1451 3185 1607 3251 sortione
1631 3185 1768 3252 meede
1786 3184 1874 3250 illud
1900 3185 1945 3251 da
1969 3185 2105 3252 maiulo

250 3335 338 3418 quod
364 3335 454 3401 mihi
479 3355 501 3403 a
524 3339 623 3420 parte
648 3335 760 3421 ipsius
784 3337 900 3402 amate
924 3336 1116 3421 pertinuit:
1134 3355 1196 3404 seu
1212 3341 1247 3403 et
1263 3337 1468 3406 dibiderunt
1484 3338 1558 3424 ipse
1575 3342 1678 3407 ambo
1701 3357 1838 3454 sorores
1861 3341 1938 3425 ipso
1954 3360 2100 3427 campu,

248 3493 284 3554 et
306 3489 470 3556 fecerunt
495 3489 577 3556 inde
602 3489 670 3556 due
693 3488 800 3556 sortis
823 3509 845 3557 a
870 3495 1015 3576 puteum
1040 3492 1102 3575 qui
1118 3497 1171 3558 est
1194 3509 1347 3576 paucum
1372 3511 1393 3558 a
1417 3493 1539 3556 subtus
1563 3491 1647 3576 poiu
1664 3495 1738 3558 eta
1755 3510 1861 3576 super
1885 3492 1997 3559 alium
2021 3497 2104 3581 poiu

249 3645 422 3729 subtan03
449 3644 527 3710 ideo
551 3645 693 3711 abionte
717 3663 780 3729 per
805 3643 921 3711 media
947 3643 1024 3728 ipsa
1049 3649 1236 3730 terraque
1261 3645 1356 3712 inter
1380 3648 1483 3712 ambo
1506 3648 1584 3732 ipsa
1610 3645 1714 3731 podia
1731 3650 1799 3731 est,
1816 3666 1877 3730 per
1904 3650 2105 3717 trabersum

251 3799 384 3861 rectum
409 3813 519 3879 usque
546 3796 583 3861 in
606 3797 679 3880 bia,
697 3800 733 3862 et
756 3815 801 3862 ex
825 3795 898 3863 alia
921 3799 1024 3882 parte
1048 3801 1184 3863 rectum
1207 3796 1377 3882 usquead
1394 3797 1523 3862 finede
1548 3796 1616 3881 ipsi
1633 3795 1699 3862 tilii
1725 3797 1890 3882 moraldi,
1917 3818 1989 3866 una
2008 3803 2101 3868 sorte

248 3951 409 4014 iecerunt
433 3947 472 4012 in
498 3953 599 4033 parte
632 3949 894 4034 septemtrionis
918 3954 953 4014 et
977 3949 1050 4016 alia
1074 3951 1112 4016 in
1134 3969 1218 4035 pars
1242 3951 1391 4018 meridie
1422 3969 1532 4036 usque
1556 3951 1602 4018 ad
1625 3951 1695 4018 fine
1727 3953 1816 4038 petri
1851 3953 1893 4020 de
1918 3973 2000 4020 urso
2030 3975 2102 4021 mo-

249 4104 371 4185 nach03
398 4101 490 4168 undo
514 4120 579 4187 ego
603 4101 822 4186 compreensi
848 4101 925 4187 ipsa
949 4101 1102 4169 sortione
1127 4124 1284 4190 suprana
1307 4124 1408 4172 secus
1433 4105 1511 4192 ipsa
1534 4107 1594 4174 bia
1618 4127 1686 4193 que
1710 4127 1774 4194 per
1797 4108 1919 4194 capite
1942 4109 2099 4194 deducit,

246 4258 280 4319 et
305 4255 380 4338 ipse
404 4272 541 4321 sorores
565 4259 600 4321 et
624 4255 699 4340 ipse
722 4272 838 4340 gencu
863 4272 936 4320 una
967 4273 1105 4320 mecum
1137 4261 1438 4343 compreensimus
1469 4261 1549 4345 ipsa
1580 4262 1771 4327 sortionem
1794 4283 1816 4328 a
1839 4281 1921 4348 pars
1946 4261 2096 4328 meridie

245 4406 283 4472 in
308 4425 347 4472 oc
373 4407 539 4493 hordine,
557 4411 597 4475 ut
613 4407 691 4493 ipsa
714 4405 941 4494 imperatissa
958 4415 993 4476 et
1009 4413 1083 4478 suis
1099 4414 1265 4480 eredibus
1282 4417 1394 4484 abead
1410 4415 1493 4482 inde
1510 4417 1657 4483 tertiam
1681 4419 1834 4500 partem,
1851 4419 1886 4480 et
1903 4415 1981 4500 ipsa
1998 4417 2099 4482 tucta

246 4561 375 4630 domna
398 4567 433 4630 et
456 4561 532 4628 eius
556 4563 678 4628 eredes
702 4561 775 4630 alia
800 4565 945 4631 tertiam
968 4571 1119 4651 partem,
1136 4570 1172 4634 et
1197 4586 1262 4653 ego
1287 4573 1322 4635 et
1345 4569 1420 4654 ipse
1444 4587 1557 4655 genoe
1581 4587 1645 4654 pro
1672 4586 1756 4654 pars
1781 4567 1894 4652 ipsius
1920 4568 2100 4636 infantule

245 4716 318 4783 alia
344 4715 490 4782 tertiam
515 4720 666 4802 partem:
684 4715 770 4781 illud
795 4716 947 4802 denique
971 4719 1016 4786 da
1041 4718 1173 4787 maiulo
1196 4739 1302 4805 quem
1325 4719 1571 4788 insertionem
1589 4720 1690 4786 nobis
1714 4719 1860 4787 obbenit
1884 4721 1929 4788 da
1946 4721 2014 4807 ipsi
2032 4723 2099 4792 filii

246 4869 415 4953 ntaraldi,
432 4869 638 4937 diuidamus
663 4868 751 4936 illud
776 4869 952 4936 internos
975 4890 1038 4956 per
1061 4871 1301 4940 medietatem:
1320 4875 1421 4959 prius
1435 4873 1545 4941 tollad
1561 4878 1662 4943 ambo
1679 4875 1752 4960 ipse
1770 4893 1907 4943 sorores
1924 4897 2005 4944 cum
2021 4878 2099 4966 ipso

246 5042 363 5109 gencu
380 5024 618 5110 medietatem,
636 5024 740 5110 quale
757 5023 951 5107 boluerint,
969 5029 1004 5090 et
1019 5023 1098 5110 ipsa
1114 5025 1186 5093 alia
1202 5028 1393 5096 medietate
1416 5030 1546 5098 tollant
1569 5031 1652 5098 iude
1670 5051 1750 5119 ego,
1769 5034 1898 5118 etipsa
1923 5032 2096 5103 medietas

241 5197 308 5264 que
326 5179 371 5248 ad
390 5180 465 5266 ipse
483 5179 595 5245 sorori
611 5179 694 5246 inde
710 5179 885 5265 ebenerit,
903 5177 1082 5264 similiter3
1101 5183 1230 5270 etipsa
1247 5184 1438 5251 sortionem
1450 5203 1558 5269 quam
1575 5185 1618 5250 de
1636 5185 1710 5272 ipso
1725 5188 1987 5254 constanietum
2002 5204 2096 5253 oom-

241 5342 494 5423 preenserunt,
517 5334 682 5404 debidere
707 5337 781 5423 ipse
805 5354 940 5422 gencus
964 5355 1044 5405 oum
1069 5335 1147 5425 ipsa
1172 5356 1283 5411 uxore
1308 5357 1373 5408 sua
1396 5339 1544 5426 debead,
1569 5340 1611 5407 de
1636 5339 1711 5428 ipso
1735 5342 1972 5410 castanietum
1995 5340 2098 5408 tollat

240 5489 313 5578 ipse
336 5510 472 5579 genous
497 5493 723 5562 medietatem
739 5492 844 5578 quale
862 5491 1030 5580 boluerit,
1046 5499 1081 5560 et
1098 5492 1175 5579 ipsa
1192 5491 1264 5562 alia
1280 5493 1507 5562 medietatem
1527 5513 1634 5580 quarn
1659 5494 1740 5561 inde
1764 5495 1993 5580 remanserit,
2020 5496 2095 5582 ipse

238 5665 372 5732 gencus
395 5665 476 5713 cum
500 5647 579 5735 ipsa
603 5666 714 5716 uxore
739 5667 805 5716 sua
832 5651 964 5716 abeant
982 5647 1064 5716 inde
1080 5649 1156 5715 tres
1171 5648 1290 5733 sertio,
1307 5649 1343 5712 et
1359 5663 1423 5730 pro
1440 5644 1517 5732 ipsa
1534 5647 1716 5714 infantula
1739 5650 1988 5734 compreendat
2011 5651 2093 5719 inde

238 5800 311 5886 ipse
336 5818 470 5886 genens
494 5809 660 5888 quartam
685 5805 838 5890 partem,
865 5808 900 5871 et
926 5805 1003 5890 ipsa
1027 5804 1183 5872 sortione
1201 5801 1343 5871 illarum
1360 5801 1405 5869 da
1421 5799 1555 5869 matulo
1580 5800 1744 5870 similiter
1767 5802 1931 5870 dibidant
1955 5806 1993 5872 in
2019 5809 2092 5872 tres

427 5958 495 6014 Tou.
516 5975 543 6016 rr
1319 6013 1323 6022 ,
1865 5961 1901 6018 id
