5376 7104
1021 581 1428 656 oletotllllous
2027 584 2096 658 237

291 814 402 900 mine,
426 813 582 898 qualiter
607 832 669 899 per
694 812 808 898 legem
833 812 1034 900 relinquere
1058 817 1094 880 et
1118 811 1276 880 iudicare
1299 829 1465 900 possum,
1500 817 1535 880 et
1564 813 1606 879 de
1639 815 1713 899 ipso
1745 812 1902 880 lrudium
1938 811 2143 880 laciendum

289 964 382 1050 quod
407 965 586 1051 voluerit3
611 969 647 1032 et
669 967 878 1051 potestatem
903 965 1008 1033 abeat
1032 964 1111 1050 ipsa
1135 981 1225 1031 uxor
1250 983 1329 1032 mea
1352 963 1476 1032 diebus
1501 964 1572 1032 vite
1597 983 1659 1032 sue
1690 963 1816 1032 inclita
1845 981 1928 1031 casa
1960 982 2053 1049 mea,
2080 965 2139 1032 ubi

288 1135 355 1203 ego
378 1121 414 1185 et
438 1119 516 1204 ipsa
540 1137 630 1186 uxor
653 1138 733 1186 mea
757 1117 925 1185 residenti
951 1135 1074 1184 sumus
1099 1120 1137 1185 in
1163 1118 1276 1185 locum
1298 1117 1430 1186 casolla
1453 1117 1502 1205 ¹),
1527 1123 1562 1186 et
1585 1119 1810 1187 medietatem
1833 1119 1875 1186 do
1901 1117 2028 1186 inolita
2053 1136 2140 1185 oasa

289 1287 369 1336 mea
393 1269 560 1338 deintus
584 1271 660 1356 ipso
682 1271 867 1338 castellum
891 1269 930 1336 in
954 1269 1120 1338 iamdiete
1144 1289 1225 1338 case
1249 1271 1404 1338 residere
1428 1275 1463 1338 et
1485 1270 1651 1358 abitare,
1682 1275 1717 1338 et
1748 1290 1810 1337 sue
1843 1269 2014 1338 utilitatis
2046 1271 2142 1338 iusta

289 1421 464 1488 rationem
488 1423 619 1490 ibidem
643 1425 774 1508 l'acere;
800 1421 830 1488 si
854 1427 975 1490 autem
1000 1423 1174 1509 nubserit,
1192 1441 1254 1490 seu
1279 1428 1418 1492 mortua
1442 1423 1564 1509 suerit,
1589 1429 1706 1510 scepta
1730 1425 1809 1508 ipsa
1832 1427 2060 1510 suaquarta,
2086 1424 2144 1492 iu-

288 1573 377 1642 clita
401 1574 479 1660 ipsa
503 1577 609 1642 rebus
631 1581 668 1642 et
693 1576 767 1662 ipse
790 1595 870 1644 case
894 1575 1019 1644 stavile
1043 1581 1078 1642 et
1103 1575 1249 1660 movile,
1274 1575 1366 1660 quod
1398 1593 1460 1660 pro
1489 1573 1679 1641 vibondum
1711 1575 1889 1661 tenuerit,
1923 1575 2071 1644 redeant
2096 1577 2138 1644 ad

292 1730 470 1814 potestate
490 1711 609 1814 'ipsius
633 1729 783 1797 iohanni
807 1729 928 1795 elerici
959 1733 994 1796 et
1027 1729 1136 1816 ipsius
1164 1727 1255 1796 mari
1281 1727 1355 1794 tilio
1387 1731 1422 1795 ot
1454 1727 1601 1794 affiliato
1635 1745 1733 1794 meus
1749 1777 1758 1814 ,
1787 1727 2016 1797 diuidendum
2045 1732 2141 1800 iuter

291 1899 330 1947 se
353 1879 528 1964 equaliter
553 1879 626 1948 illis
649 1887 685 1948 et
710 1880 852 1948 illorum
875 1881 996 1948 eredes
1010 1931 1019 1967 ,
1047 1880 1183 1966 etipsa
1207 1879 1321 1946 omnis
1347 1880 1419 1948 alia
1443 1882 1548 1946 rebus
1571 1900 1650 1948 mea
1674 1883 1800 1949 stavile
1825 1885 1860 1949 ot
1886 1883 2015 1951 movile
2039 1883 2142 1952 simi-

288 2033 375 2101 liter
398 2033 541 2101 ebeuiat
563 2033 609 2101 ad
633 2039 805 2120 potestate
830 2033 941 2120 ipsius
966 2034 1112 2102 iohanni
1137 2033 1258 2100 elerici
1282 2037 1317 2101 et
1341 2033 1453 2119 ipsius
1477 2035 1569 2102 mari
1593 2039 1627 2100 ct
1651 2035 1696 2102 ad
1720 2034 1863 2102 illorum
1887 2037 2022 2123 eredes,
2041 2037 2141 2106 divi-

289 2189 444 2256 dendum
467 2188 541 2256 illis
565 2188 660 2256 inter
683 2207 731 2274 se,
756 2187 850 2254 sicut
872 2187 1152 2274 supradiximus
1177 2194 1212 2255 et
1235 2187 1437 2256 laciendum
1461 2187 1544 2254 inde
1568 2188 1687 2255 ouuria
1704 2191 1796 2274 quod
1814 2190 1979 2277 voluerit,
2004 2197 2040 2258 et
2065 2190 2140 2279 ipsc

290 2342 466 2408 iohannes
489 2339 640 2408 clericus
663 2337 737 2404 filio
761 2357 860 2404 meus
884 2341 990 2408 abeat
1013 2357 1075 2407 suo
1099 2340 1284 2426 potestatis
1307 2359 1380 2408 una
1403 2339 1564 2409 iumenta
1587 2343 1718 2410 abente
1741 2343 1934 2428 piloscaciu
1958 2349 2003 2432 ²),
2028 2350 2064 2413 et
2089 2347 2141 2414 sa-

286 2493 453 2560 ciendum
478 2493 560 2560 inde
584 2492 704 2558 omnia
728 2493 821 2577 quod
845 2493 1035 2579 voluerint,
1059 2499 1095 2560 et
1118 2491 1200 2562 deat
1224 2493 1299 2579 ipse
1324 2495 1497 2561 iohannes
1521 2495 1671 2562 clericus
1696 2495 1734 2560 iu
1759 2513 1905 2562 manum
1930 2496 2042 2583 ipsius
2068 2501 2140 2566 ser-

292 2649 397 2718 randi
422 2653 458 2718 et
483 2649 639 2734 iaquinti
663 2649 849 2734 presbiteri
875 2649 1059 2716 duodecim
1083 2649 1163 2717 auri
1188 2648 1283 2734 tari,
1307 2653 1343 2716 et
1374 2647 1447 2735 ipse
1479 2650 1650 2716 iohannes
1681 2649 1832 2717 clericus
1864 2655 1900 2718 et
1934 2655 2009 2739 ipso
2042 2657 2138 2722 marl

290 2803 418 2871 tollant
441 2803 484 2869 de
507 2821 586 2870 mea
609 2821 717 2870 causa
740 2801 884 2868 movilia
906 2819 968 2887 per
992 2801 1230 2887 appretiatum
1246 2805 1324 2867 octo
1339 2802 1421 2868 auri
1445 2803 1516 2870 tari
1541 2804 1623 2870 voni
1648 2803 1686 2868 in
1710 2823 1855 2870 manum
1881 2806 2042 2890 ipsorum
2066 2808 2136 2873 ser-

172 2993 174 2998 ·
285 2958 391 3026 randi
414 2961 450 3024 et
471 2957 626 3043 iaquinti
652 2956 867 3042 presbiteri,
892 2959 931 3023 ut
954 2954 1156 3040 compleant
1178 2974 1215 3022 se
1238 2955 1302 3022 toti
1332 2953 1527 3040 supradicti
1551 2955 1622 3022 tari
1647 2975 1709 3041 pro
1734 2959 1821 3025 meis
1851 2959 1980 3027 salutis
2012 2961 2137 3030 anime

288 3112 434 3199 biginti,
458 3112 560 3179 etde
584 3110 652 3196 ipsi
677 3111 749 3176 tari
773 3109 881 3176 deant
903 3108 972 3175 duo
996 3108 1078 3176 auri
1102 3107 1174 3176 tari
1198 3109 1236 3175 in
1260 3108 1535 3196 congregatione
1558 3113 1679 3177 sancte
1703 3111 1817 3179 mario
1842 3112 1953 3198 plevis
1972 3115 2135 3202 nucerio,

292 3275 330 3335 et
352 3267 421 3354 ipsi
445 3267 566 3334 decem
589 3269 624 3332 et
647 3267 726 3330 octo
750 3261 831 3330 auri
855 3262 926 3330 tari
956 3263 1048 3349 quod
1072 3261 1153 3329 inde
1177 3263 1416 3349 remanserit,
1447 3264 1668 3334 distribuant
1698 3265 1770 3332 illis
1799 3286 1863 3354 pro
1896 3269 1984 3335 meis
2008 3268 2139 3337 salutis

287 3422 424 3507 anime,
448 3425 484 3488 et
506 3418 643 3488 saciant
665 3416 754 3484 mihi
779 3417 943 3502 sebtima,
967 3419 1003 3483 et
1026 3415 1219 3502 trentuale,
1242 3419 1278 3483 et
1302 3423 1449 3486 centum
1468 3417 1557 3504 dies,
1580 3422 1616 3485 et
1637 3417 1810 3505 annuale,
1834 3423 1869 3487 et
1894 3421 1987 3490 sicut
2012 3439 2136 3490 eorum

287 3577 373 3642 deus
397 3573 526 3643 melius
550 3572 794 3660 inspiraberit.
821 3574 888 3640 Seu
904 3575 947 3638 et
972 3569 1110 3657 iudico,
1135 3574 1173 3636 ut
1196 3569 1274 3656 ipsa
1299 3570 1414 3638 maria
1438 3569 1513 3638 filia
1536 3589 1635 3655 mea,
1661 3571 1880 3656 usquedum
1904 3575 2043 3644 benerit
2066 3577 2136 3645 sivi

284 3731 457 3797 maritum
480 3727 731 3814 copulandum,
756 3727 826 3812 ipsi
851 3725 1024 3794 iohannes
1047 3724 1197 3792 clericus
1222 3725 1257 3789 et
1281 3723 1393 3808 mari,
1419 3720 1470 3787 rel
1496 3721 1639 3789 illorum
1661 3724 1796 3810 eredeS,
1821 3725 1923 3792 illam
1950 3730 2088 3798 notrire
2104 3737 2139 3800 et

288 3882 419 3949 bestire
443 3885 479 3948 et
501 3879 669 3965 calciare,
694 3877 787 3945 sicut
808 3878 982 3945 meruerit
998 3881 1168 3944 eteorum
1194 3876 1300 3943 suerit
1323 3873 1571 3963 possivilitate;
1595 3881 1630 3943 et
1652 3877 1794 3963 quando
1819 3879 1898 3964 ipsa
1923 3881 2040 3950 maria
2066 3883 2138 3969 ipsi

286 4035 460 4104 iohannes
483 4035 635 4103 clericus
650 4039 686 4102 et
701 4033 794 4103 mari
809 4035 923 4100 nubta
938 4031 1156 4100 tradiderint
1182 4031 1374 4116 adparens
1396 4035 1530 4119 noster,
1555 4033 1664 4099 deant
1688 4029 1759 4098 illis
1783 4032 1828 4099 ad
1852 4031 1931 4120 ipsa
1956 4038 2073 4106 maria
2096 4039 2139 4105 de

284 4209 394 4260 causa
417 4210 482 4259 sua
506 4191 653 4258 mobilia
676 4189 784 4258 scirsa
807 4189 834 4271 8)
857 4192 893 4256 et
916 4205 1054 4276 pannos
1076 4191 1112 4255 et
1135 4205 1246 4272 rame,
1271 4185 1378 4252 sicuti
1405 4185 1497 4252 alter
1524 4203 1653 4271 parens
1679 4189 1797 4253 noster
1823 4186 1962 4256 dederit
1991 4191 2036 4258 ad
2061 4191 2139 4260 filia
2203 4241 2209 4252 .

289 4363 369 4434 sua,
395 4351 435 4416 ut
459 4349 572 4415 bonus
595 4351 734 4434 pareat,
760 4345 848 4414 etsi
873 4346 952 4431 ipsa
975 4343 1092 4412 maria
1115 4360 1233 4409 sorore
1257 4339 1411 4426 illorum,
1433 4339 1526 4406 sicut
1540 4339 1710 4426 diximus,
1727 4339 1851 4408 dotare
1867 4361 1939 4408 non
1957 4345 2140 4416 boluerint

288 4499 362 4569 illis
385 4501 440 4568 rel
464 4501 609 4567 illorum
633 4500 769 4584 eredes,
794 4499 880 4584 quia
902 4495 1033 4584 iudice,
1058 4501 1098 4564 ut
1121 4517 1144 4565 a
1166 4495 1341 4582 presentis
1365 4495 1467 4562 tollat
1490 4493 1568 4580 ipsa
1591 4493 1708 4561 maria
1732 4495 1807 4562 filia
1823 4501 1946 4565 nostra
1961 4498 2004 4566 de
2021 4501 2140 4568 omnis

290 4659 398 4727 rebus
422 4676 531 4726 causa
553 4660 678 4725 nostra
702 4654 830 4724 stavile
853 4657 889 4722 et
913 4652 1041 4722 mobile
1066 4651 1191 4719 inclita
1215 4651 1382 4736 sortione,
1406 4647 1560 4734 qualiter
1583 4668 1646 4734 per
1669 4649 1784 4736 legem
1807 4652 1985 4720 ominibus
2012 4653 2141 4744 lango-

287 4814 389 4883 bardi
415 4811 574 4881 iudicare
598 4816 634 4881 et
656 4811 860 4897 relinquere
884 4811 979 4896 potet
1009 4808 1055 4876 ad
1079 4826 1151 4876 una
1174 4807 1250 4874 filia
1274 4805 1425 4891 semina,
1450 4804 1511 4890 qui
1543 4807 1582 4872 in
1605 4803 1733 4889 capillo
1763 4804 1979 4892 relinquent.
2006 4810 2075 4878 Seu
2099 4817 2136 4880 et

330 5447 351 5526 l)
375 5445 520 5515 Cosedia,
544 5409 638 5506 vicus
662 5443 747 5524 apud
770 5443 963 5506 Nuceriam.

328 5595 351 5674 ²)
367 5593 562 5671 pitosccoita
587 5592 675 5654 idest
696 5589 808 5670 pullus
831 5589 986 5668 equinus:
1012 5587 1213 5666 intelligitur
1236 5605 1278 5650 ea·
1298 5569 1501 5664 aetatesque
1522 5591 1627 5649 mutat
1648 5584 1732 5665 pilos
1757 5583 1951 5646 nativitatis.
1976 5583 2091 5666 (Deest
2107 5585 2144 5644 in

289 5743 339 5805 Du
363 5742 495 5824 Gange).

330 5889 353 5973 ³)
375 5893 479 5972 scirsa
500 5889 553 5954 vel
575 5891 719 5968 scirpha,
746 5887 835 5950 idem
857 5905 895 5950 ac
917 5884 1024 5966 palca.
1049 5885 1111 5946 Hic
1135 5890 1314 5966 usurpatur
1336 5903 1395 5964 pro
1418 5889 1599 5945 stramento
1623 5883 1698 5943 tori.
