5376 7094
991 529 1397 604 lllPLOMATlCUS

309 1518 581 1587 Seminarium:

327 1671 336 1757 Ι
376 1691 394 1733 (ε
419 1670 524 1738 Anno
547 1667 813 1757 decimoquarto
836 1671 1061 1758 principatus
1083 1671 1314 1758 Guaimairii,
1339 1687 1458 1738 mense
1476 1669 1605 1756 Aprili,
1627 1667 1895 1755 decimaquinta
1910 1666 2121 1736 indictione.

261 1846 282 1888 (ι
308 1823 403 1891 Haec
426 1825 554 1891 charta
577 1822 767 1892 decadem
791 1823 966 1892 locatione
989 1826 1081 1912 agit,
1105 1823 1149 1894 de
1172 1844 1244 1912 qua
1267 1825 1492 1910 antecedens;
1516 1827 1621 1892 etesi
1636 1823 1946 1908 muneratorium,
1963 1821 2039 1889 sive
2057 1821 2118 1890 de-

262 1997 283 2041 «
311 1955 465 2044 01010110
478 1975 575 2042 Ρο111
592 1975 805 2062 presbyteri,
822 1995 895 2061 qua
909 1976 1031 2044 eodem
1047 1981 1149 2064 pacto
1167 1977 1363 2065 iisdemque
1379 1979 1589 2047 muneribus
1604 1976 1717 2048 tradit
1738 1979 1856 2045 terras
1882 1977 1922 2044 in
1947 1974 2021 2044 loco
2048 1979 2123 2046 No-

264 2149 286 2193 «
313 2126 406 2195 bara
428 2127 632 2212 (Nuceriae)
655 2128 886 2196 Constantino
909 2127 982 2196 tilio
1005 2129 1183 2214 quondam
1207 2131 1336 2198 Mauri.

313 2283 405 2350 Idem
429 2282 594 2351 notarius
617 2281 806 2350 Daulerius
830 2283 925 2350 hanc
947 2283 1112 2352 chartam
1134 2285 1311 2352 exaravit.

316 2437 456 2506 Adsunt
480 2435 753 2521 subscriptiones
777 2437 919 2506 testium
944 2457 962 2498 s

313 2561 344 2676 †
368 2607 433 2676 ego
457 2591 553 2660 maio

313 2713 343 2830 †
368 2761 434 2828 ego
458 2742 645 2828 iaquintus
668 2742 831 2810 notarius
855 2761 911 2809 me
935 2743 1130 2828 subscripsi

311 2867 341 2984 †
365 2913 432 2982 ego
455 2899 577 2980 petrus
601 2913 657 2962 me
681 2895 888 2982 subscripsi.

1103 3469 1315 3550 uxum.

1043 3727 1097 3805 A.
1127 3727 1177 3804 D.
1207 3724 1334 3806 1002.

309 3975 344 4113 †
369 4028 409 4091 ln
432 4023 576 4093 nomine
599 4023 734 4092 domini
751 4019 1016 4107 quartodecimo
1032 4036 1127 4088 anuo
1142 4019 1367 4106 principatus
1390 4017 1510 4084 domni
1527 4015 1640 4084 nostri
1657 4016 1841 4104 guaimari
1858 4015 2006 4104 gloriosi
2022 4018 2122 4105 prin·

262 4179 368 4267 cipis,
392 4194 513 4246 mense
537 4175 647 4244 iulius
663 4175 820 4244 secunda
835 4173 906 4260 die,
923 4175 1042 4241 stante
1057 4168 1325 4258 quintadecima
1341 4166 1546 4235 indictione.
1567 4167 1858 4235 memoratorium
1874 4167 2010 4235 tactum
2025 4186 2048 4236 a
2065 4186 2121 4234 mc

261 4330 465 4400 dumnellus
480 4331 655 4417 presbiter
670 4333 707 4398 et
718 4332 829 4398 abbas
843 4327 991 4396 ecclesie
1006 4327 1128 4394 sancte
1144 4321 1273 4408 marie,
1289 4339 1358 4406 que
1382 4321 1586 4386 constructa
1609 4322 1663 4387 est
1687 4318 1785 4385 intus
1809 4319 1903 4386 hanc
1927 4317 2118 4387 salernita-

255 4469 351 4558 ¹nam
374 4488 558 4555 cibitatem
582 4485 677 4553 inter
694 4503 796 4552 muro
811 4488 847 4553 et
862 4482 1053 4567 muricino,
1070 4477 1289 4566 pertinentes
1305 4473 1510 4560 supradicio
1525 4471 1646 4539 domni
1662 4470 1819 4557 principi
1835 4475 1871 4540 01
1888 4471 2037 4540 iohanni
2062 4489 2117 4538 cc·

262 4643 342 4710 miti
365 4657 539 4730 germano
560 4639 713 4726 predicti
728 4637 848 4706 domni
863 4633 1052 4724 principis,
1067 4649 1108 4701 eo
1124 4629 1217 4718 quod
1232 4632 1316 4696 ante
1331 4625 1522 4710 subscripti
1540 4626 1661 4710 100100,
1677 4639 1752 4692 una
1768 4642 1907 4692 mecum
1930 4626 2119 4712 iaquiutus

261 4795 425 4863 notarius
448 4793 659 4862 advocatore
681 4792 838 4878 predicte
861 4786 1023 4873 ecclesie,
1047 4783 1198 4854 tradidit
1212 4735 1372 4852 ademari
1390 4781 1463 4848 filio
1478 4779 1620 4868 guisoni
1635 4779 1704 4847 due
1720 4780 1818 4866 pecie
1833 4779 1877 4849 de
1892 4785 2001 4852 terris
2016 4803 2115 4854 cam-

262 4947 396 5033 pensis,
420 4945 513 5031 quod
536 4963 620 5032 pars
643 4943 800 5032 predicte
824 4939 997 5009 hecclesie
1020 4941 1129 5007 habet
1145 4939 1184 5005 in
1200 4938 1315 5004 locum
1331 4933 1561 5020 bespanicum
1579 4933 1603 5016 ¹)
1627 4931 1719 5000 ulter
1743 4933 1851 5002 flubio
1873 4939 2061 5023 pecentino
2078 4947 2113 5008 et

259 5099 471 5166 coniuntum
494 5117 574 5166 cum
598 5097 674 5184 ipso
697 5095 804 5163 flubio
825 5113 889 5182 per
912 5096 978 5160 hec
1000 5091 1101 5159 linis:
1132 5089 1175 5158 de
1202 5090 1270 5157 due
1301 5087 1415 5174 partis
1438 5086 1648 5155 coniuntum
1672 5093 1726 5156 001
1748 5088 1795 5158 ad
1819 5090 1896 5176 ipso
1919 5091 2027 5159 flubio
2051 5111 2113 5179 pe-

259 5233 424 5318 centino:
450 5255 486 5319 01
507 5249 551 5318 (10
574 5249 648 5319 0110
670 5251 773 5336 parte
796 5247 1005 5316 eoniuntum
1028 5248 1082 5313 est
1105 5243 1151 5313 ad
1174 5243 1244 5311 fine
1268 5229 1425 5327 predicte
1449 5240 1642 5328 hecclesie,
1666 5241 1759 5326 quod
1783 5241 1859 5329 ipse
1883 5244 2043 5315 ademari
2069 5249 2114 5316 ad

261 5401 524 5492 pastenandum
547 5401 678 5470 tultum
701 5401 851 5470 habuit:
877 5398 921 5468 de
936 5397 1010 5469 alia
1026 5401 1126 5485 parte
1142 5396 1352 5465 coniuntum
1368 5397 1422 5464 est
1437 5412 1518 5462 cum
1536 5396 1721 5464 arcaturia
1736 5395 1779 5464 (10
1796 5395 1967 5466 molinum
1983 5401 2115 5470 exinde

299 5835 322 5913 ¹)
344 5835 445 5895 Extra
468 5831 655 5894 Salernum.
