5376 7104
1016 575 1421 648 [llPLOMATICUS
2023 578 2090 647 2287

291 798 501 888 radelghisi,
527 805 610 869 sunt
634 798 717 869 inde
741 803 836 888 passi
861 802 1060 890 nonaginta
1082 801 1272 889 quadtuor3
1289 803 1324 870 et
1340 802 1469 870 abinde
1486 800 1688 870 revolbente
1705 800 1744 868 in
1761 819 1845 889 pars
1868 800 2136 888 septemtrionis

290 959 415 1024 contra
438 953 518 1040 ipsa
541 953 745 1041 padule,'et
768 954 851 1024 inde
874 954 970 1044 passi
993 957 1203 1043 octuaginta
1225 955 1417 1042 quadtuor:
1441 977 1464 1025 a
1487 973 1570 1040 pars
1594 953 1860 1042 septemtrionis
1887 954 2138 1043 1111111111-

291 1108 374 1176 dule
396 1108 636 1196 pertinentem
659 1108 773 1196 ipsius
797 1107 958 1196 ecclesie,
981 1107 1064 1178 inde
1086 1109 1181 1196 passi
1206 1111 1351 1176 centum
1375 1107 1607 1195 septuaginta
1630 1108 1830 1194 quadtuor,
1855 1110 1970 1176 toturn
1992 1126 2141 1177 mensu-

294 1267 412 1332 ratum
435 1261 482 1332 ad
505 1264 598 1332 iusto
620 1280 765 1348 passum
786 1262 957 1348 hominis;
982 1261 1025 1330 de
1050 1263 1115 1330 hec
1139 1279 1221 1330 vero
1244 1263 1352 1330 rebus
1377 1261 1474 1331 inira
1496 1260 1675 1346 predictas
1698 1261 1788 1330 fines
1816 1265 1853 1330 et
1876 1279 2063 1332 mensuras
2087 1261 2144 1330 in-

293 1418 382 1488 clita
407 1418 602 1488 medietate
626 1417 666 1484 in
692 1416 772 1505 ipsa
796 1433 885 1504 pars
909 1413 1060 1484 orientis
1083 1414 1186 1510 nobis
1216 1415 1456 1484 tradiderunt.
1481 1417 1547 1484 Seu
1567 1421 1614 1508 ⁴et
1644 1415 1872 1485 tradiderunt
1904 1419 2006 1484 nobis
2036 1422 2144 1487 extra

294 1574 393 1662 ipsas
416 1591 618 1660 mensurae,
642 1575 820 1658 quantum
843 1571 922 1658 plus
944 1571 1184 1659 potuerimus,
1208 1589 1289 1638 cum
1312 1569 1472 1657 predicta
1496 1570 1686 1640 medietate
1709 1568 1811 1638 exire
1834 1569 2070 1639 laborandum
2104 1571 2145 1638 in

292 1730 368 1815 ipsa
391 1727 533 1816 padule:
560 1729 701 1796 tantum
726 1726 1017 1812 exceptuavimus
1040 1726 1082 1794 de
1113 1724 1190 1812 ipsa
1218 1724 1460 1812 traditionem,
1491 1724 1585 1812 quod
1613 1723 1717 1790 nobis
1747 1740 1820 1791 non
1848 1723 2036 1810 dederunt,
2064 1723 2145 1810 ipsa

294 1881 394 1970 pecia
418 1881 510 1967 quod
534 1883 653 1949 tenuit
676 1882 850 1950 iohannes
874 1879 1085 1966 livoranus3
1109 1897 1193 1948 nam
1218 1878 1293 1966 ipso
1316 1879 1432 1967 aliut,
1456 1878 1550 1946 sicut
1584 1875 1719 1945 dictum
1743 1879 1811 1963 est,
1842 1875 1946 1943 nobis
1983 1875 2145 1946 tradide-

294 2041 378 2105 runt
400 2055 482 2104 cum
507 2035 582 2104 vice
605 2036 648 2104 de
673 2035 753 2122 ipsa
775 2035 837 2104 bia
861 2033 900 2101 in
923 2052 964 2101 oc
987 2033 1157 2120 hordine,
1180 2036 1220 2101 11
1243 2032 1368 2102 amodo
1391 2036 1428 2100 et
1451 2050 1563 2118 usque
1587 2031 1707 2100 decem
1729 2031 1818 2099 anni
1842 2029 1997 2118 conpleti
2018 2049 2082 2100 nos
2106 2035 2145 2099 et

297 2192 429 2260 nostris
453 2193 643 2261 heredibus
668 2191 746 2280 ipsa
769 2210 890 2262 eorum
907 2189 1139 2260 traditionem
1162 2192 1282 2256 nostre
1298 2187 1484 2274 potestatis
1513 2189 1636 2253 tenere
1667 2189 1702 2254 et
1732 2185 1931 2271 dominare,
1945 2189 1981 2254 et
2015 2186 2147 2255 ibidem

296 2338 450 2416 resider'e
475 2351 512 2416 et
534 2346 689 2433 abitare,
712 2349 749 2414 et
770 2349 892 2413 nostre
915 2343 1111 2412 hutilitatis
1136 2341 1269 2412 ibidem
1293 2344 1408 2411 facere
1433 2340 1531 2409 iusta
1554 2340 1707 2426 ratione,
1732 2343 1768 2406 et
1792 2340 2001 2446 annualiter
2027 2361 2142 2428 usque

300 2502 377 2588 ipso
399 2501 634 2568 constitutum
659 2503 735 2570 tota
758 2499 919 2586 predicta
941 2497 1155 2566 tradictione
1178 2494 1388 2566 annualiter
1420 2493 1573 2580 perfecte
1605 2494 1831 2580 laboremus,
1855 2496 2040 2581 potemus,
2064 2515 2145 2582 pro·

297 2658 522 2744 paginemus,
545 2659 596 2741 et,
628 2655 690 2723 ubi
714 2653 906 2741 meruerit,
930 2655 1074 2722 arbores
1097 2654 1133 2718 et
1156 2649 1246 2718 vites
1270 2649 1313 2717 de
1337 2651 1427 2716 bono
1450 2648 1578 2717 ritinio
1601 2647 1733 2716 ibidem
1756 2647 2002 2735 planctemus,
2028 2655 2064 2718 11
2091 2650 2143 2718 111

299 2811 379 2881 11111
401 2810 610 2879 annualiter
633 2811 834 2879 laboremus
858 2810 894 2876 11
918 2809 1144 2894 hoperemus,
1169 2807 1346 2890 quatenus
1370 2801 1542 2888 proficiad
1564 2804 1600 2869 et
1623 2818 1696 2866 non
1719 2800 1922 2888 disperead,
1947 2805 1983 2869 et
2007 2821 2148 2890 semper

218 2995 221 3000 ·
299 2969 387 3035 bene
410 2963 542 3052 paread
566 2962 729 3032 lavorata
752 2966 788 3030 et
811 2961 962 3047 cultata,
978 2963 1026 3046 11,
1046 2957 1107 3026 ubi
1130 2956 1315 3042 meruerit,
1340 2954 1452 3040 clusa,
1476 2956 1513 3021 et
1537 2957 1711 3040 quantum
1734 2952 1954 3038 potuerimus
1971 2973 2033 3040 per
2060 2958 2150 3023 tem·

302 3137 384 3206 pore
419 3117 572 3186 introire
596 3116 634 3182 in
660 3115 738 3202 ipsa
760 3111 888 3202 padule
924 3109 1176 3196 lavorandum,
1201 3107 1398 3177 lavoremus
1422 3107 1504 3175 illut
1538 3111 1574 3174 et
1604 3103 1779 3174 faciamus
1809 3107 1859 3174 ibi
1893 3111 2015 3176 ortona
2038 3109 2074 3175 et
2098 3126 2151 3175 se-

302 3272 477 3340 minemus
502 3267 722 3353 annualiter,
747 3269 821 3334 tam
846 3264 894 3332 ibi
920 3283 1029 3350 quarn
1052 3268 1089 3332 et
1113 3263 1151 3329 in
1175 3263 1253 3350 ipsa
1277 3263 1352 3332 alia
1367 3260 1575 3348 traditione,
1593 3261 1700 3347 quale
1717 3262 1875 3328 semente
1891 3261 1942 3327 ibi
1959 3263 2150 3347 meruerit,

296 3431 335 3493 ot
359 3430 433 3494 tarn
456 3423 536 3510 ipsa
559 3426 679 3490 ortora
702 3439 808 3506 quam
834 3423 869 3486 et
892 3417 967 3505 ipso
990 3416 1205 3486 seminatum
1228 3415 1436 3485 annualiter
1459 3415 1674 3500 studiemus,
1705 3418 1742 3481 et
1772 3414 1815 3481 de
1842 3415 1959 3483 omnis
1983 3414 2146 3483 frudium

299 3585 337 3648 et
362 3579 500 3646 lavores
523 3595 632 3662 quam
655 3573 738 3641 inde
764 3573 910 3658 exierit,
934 3571 977 3639 de
1000 3574 1114 3638 totum
1136 3570 1259 3637 demus
1283 3568 1488 3638 annualiter
1505 3568 1550 3637 ad
1566 3587 1649 3654 pars
1666 3566 1780 3654 ipsius
1796 3567 1943 3636 ecclesie
1961 3568 2054 3635 iusto
2071 3571 2146 3634 ter-

301 3729 456 3800 raticum
479 3733 515 3797 et
539 3726 741 3814 servitium,
766 3723 961 3793 secundum
983 3721 1274 3789 consuetudinem
1296 3722 1339 3789 de
1364 3720 1438 3807 ipso
1460 3720 1588 3808 locum,
1605 3727 1640 3788 et
1657 3740 1720 3806 per
1737 3724 1895 3806 ternpore
1911 3721 1953 3787 de
1971 3719 2154 3788 vindemie

301 3885 510 3955 annualiter
538 3901 652 3968 usque
675 3883 751 3969 ipso
774 3877 1005 3948 constitutum
1029 3879 1201 3948 iaciamus
1223 3875 1315 3944 scire
1338 3894 1420 3962 pars
1444 3875 1557 3962 ipsius
1580 3874 1742 3961 ecclesie,
1765 3877 1806 3942 ut
1829 3873 1959 3944 ibidem
1982 3875 2150 3962 dirigant

306 4041 452 4107 missum
476 4057 594 4123 suum,
618 4039 654 4104 et
679 4053 743 4102 nos
767 4037 884 4102 totum
909 4031 984 4120 ipso
1009 4032 1196 4100 arbustum
1219 4030 1426 4100 annualiter
1449 4033 1530 4116 apto
1553 4035 1710 4116 tempore
1734 4027 2001 4096 rationaviliter
2026 4028 2151 4097 vinde-

303 4192 417 4262 miare
440 4191 647 4277 debeamus
671 4193 707 4258 et
730 4206 834 4276 poma
856 4187 987 4256 exinde
1012 4185 1237 4274 colligamus,
1262 4187 1299 4252 et
1322 4182 1438 4251 omnis
1462 4182 1586 4249 vinum
1609 4187 1644 4249 et
1666 4199 1770 4268 poma
1794 4181 1924 4250 exinde
1951 4182 2071 4269 ibique
2088 4201 2153 4268 per

304 4352 532 4420 medietatem
555 4348 769 4418 dividamus:
795 4365 879 4434 pars
902 4345 1062 4432 predicte
1086 4341 1233 4410 ecclesie
1256 4338 1366 4408 tollad
1390 4337 1472 4404 illut
1494 4336 1735 4423 medietatem,
1761 4343 1796 4406 et
1820 4355 1883 4403 nos
1907 4336 2153 4423 medietatem3

301 4511 339 4575 11
362 4506 440 4593 ipsa
463 4503 652 4573 medietate
676 4520 800 4572 eorum
823 4501 866 4568 de
891 4499 967 4586 ipso
990 4496 1117 4564 vinum
1140 4513 1209 4580 que
1233 4493 1278 4562 ad
1301 4510 1384 4578 pars
1408 4490 1520 4577 ipsius
1542 4489 1690 4574 ecclesie
1713 4490 1796 4558 inde
1820 4491 1973 4578 benerit,
1990 4509 2054 4558 nos
2071 4510 2154 4577 por-

303 4665 419 4730 temus
443 4657 525 4725 illut
549 4673 661 4742 usque
684 4653 871 4722 cellarium
897 4650 1010 4738 ipsius
1031 4649 1201 4718 aecclesie
1223 4647 1315 4734 quod
1337 4649 1446 4716 habet
1462 4648 1501 4760 in
1518 4647 1592 4732 ipso
1617 4647 1732 4712 locum
1754 4643 1915 4732 nuceria,
1941 4644 2156 4713 ubidicitur

302 4807 350 4878 ad
373 4809 498 4897 pariti,
522 4813 559 4877 et
581 4809 767 4876 mittamus
791 4806 874 4875 illut
897 4806 935 4873 in
960 4823 1119 4893 organea
1141 4823 1209 4890 que
1225 4819 1308 4890 pars
1325 4798 1437 4886 ipsius
1462 4797 1631 4867 aecclesie
1655 4797 1756 4865 nobis
1773 4797 2029 4884 assignaberit,
2047 4796 2101 4866 ita
2118 4801 2159 4864 11

307 4958 1072 5051 11111111111111111111111111111111;
1097 4956 1243 5024 missurn
1268 4955 1407 5022 illorum
1433 4971 1501 5040 que
1525 4970 1608 5037 pars
1632 4952 1788 5038 predicte
1813 4951 1961 5020 ecclesie
1986 4952 2159 5021 annuali-

306 5121 360 5186 ter
383 5115 515 5184 ibidem
538 5114 729 5200 direxerit,
753 5131 817 5180 nos
840 5131 921 5181 eum
946 5112 1151 5180 nutriamus
1174 5107 1369 5176 secundum
1394 5109 1553 5174 nostram
1568 5103 1855 5192 possivilitatom,
1872 5103 1982 5171 donec
2000 5119 2064 5190 pro
2081 5101 2158 5188 ipse

307 5269 485 5338 vindemie
508 5273 544 5338 et
568 5269 645 5338 aire
669 5269 721 5338 ibi
744 5269 899 5356 steterit,
923 5257 1159 5338 1111111111
1184 5258 1440 5350 palmentatica
1464 5261 1499 5325 et
1523 5258 1688 5345 airntica,
1714 5260 1808 5326 sicut
1835 5259 2050 5326 consuetudo
2080 5266 2149 5327 cst.

306 5423 354 5493 ad
388 5422 551 5511 conplete
585 5421 662 5511 ipso
685 5424 879 5492 constituto
903 5420 1027 5490 inclita
1050 5417 1212 5506 predicta
1235 5413 1486 5483 tradictionem
1509 5413 1681 5496 hoperata
1704 5413 1797 5480 bona
1814 5415 1865 5498 et,
1881 5411 1942 5478 ubi
1967 5415 2157 5500 meruerit,

305 5579 405 5650 clusa
428 5581 655 5649 remittamus
678 5579 725 5646 ad
748 5579 959 5664 potestatem
975 5575 1018 5642 de
1034 5593 1117 5661 pars
1133 5571 1244 5659 ipsius
1260 5567 1443 5654 aecclesie,
1459 5571 1495 5635 et
1509 5584 1572 5633 nos
1589 5565 1705 5634 licead
1721 5565 1804 5632 inde
1821 5563 1922 5633 exire
1939 5584 2020 5632 cum
2036 5567 2160 5636 omnia

314 5738 441 5804 nostra
465 5733 613 5802 mobilia
636 5735 673 5801 11
697 5732 762 5819 ire,
788 5731 850 5799 ubi
876 5730 1105 5798 voluerimus.
1123 5729 1273 5796 Tantum
1297 5723 1421 5794 amodo
1445 5725 1480 5788 et
1504 5738 1616 5807 usque
1641 5721 1715 5806 ipso
1739 5719 1972 5788 constitutum
1996 5723 2071 5808 ipse
2097 5726 2161 5792 ab·

320 5888 385 5956 bas
409 5887 555 5976 suisque
578 5883 839 5954 successoribus
855 5887 890 5951 11
906 5899 989 5969 pars
1006 5881 1119 5969 ipsius
1143 5880 1310 5950 aecclesie
1333 5875 1514 5945 defensare
1539 5874 1639 5942 nobis
1664 5876 1864 5962 nostrisque
1887 5875 2052 5942 eredibus
2085 5878 2165 5945 tota
