5376 7104
1011 527 1418 603 DlPLOMATlCUS
2020 527 2089 600 267

283 751 350 820 hoc
374 753 429 817 est
453 749 531 834 ipsa
554 751 654 818 terra
675 769 757 817 cum
779 747 886 819 vinea
909 753 945 820 et
969 751 1046 838 ipsa
1069 755 1168 820 terra
1190 771 1271 820 cum
1294 752 1479 822 insitctum
1503 770 1566 840 per
1591 752 1780 822 iamdictas
1803 768 1989 820 mensuras
2011 753 2136 821 tenere

282 903 318 970 et
343 899 507 972 lavorare
531 899 704 988 noluerit,
728 905 792 970 aut
815 920 886 969 non
910 903 1079 991 potuerit,
1104 903 1268 992 inclitum
1291 906 1387 992 illut,
1403 905 1498 974 sicut
1513 903 1687 992 diximus,
1709 906 1894 992 operatum
1910 905 1947 970 et
1962 903 2139 972 cultatum

282 1055 319 1120 et
344 1053 544 1121 studiatum
568 1053 736 1123 remittad
760 1055 805 1123 ad
827 1058 1037 1144 potestatem
1059 1056 1172 1143 ipsius
1196 1057 1366 1126 aecclesie
1398 1062 1435 1126 et
1464 1061 1566 1127 nobis
1597 1057 1762 1127 omnibus
1793 1055 2031 1144 suprascripti
2054 1075 2140 1124 con-

282 1210 419 1294 sortes,
443 1207 499 1275 vel
523 1207 569 1276 ad
591 1209 723 1276 nostris
746 1211 950 1296 heredibus3
974 1213 1011 1278 et
1035 1210 1065 1278 si
1089 1211 1209 1280 taliter
1233 1212 1355 1280 omnia
1378 1211 1621 1298 suprascripta
1644 1209 1746 1277 nobis
1770 1209 1826 1277 vel
1849 1211 1889 1278 in
1912 1227 1997 1296 pars
2021 1210 2138 1297 ipsius

283 1357 434 1428 ecclesie
457 1378 530 1428 non
553 1361 802 1448 adimpleberit
824 1365 861 1430 et
884 1362 1016 1450 aliquit
1041 1363 1124 1432 inde
1147 1364 1423 1450 contradixerit,
1438 1368 1525 1432 tunc
1541 1381 1604 1450 per
1620 1365 1713 1430 bona
1729 1362 2017 1434 conbenientiam
2041 1380 2136 1430 com·

283 1529 417 1598 ponere
440 1515 615 1601 obligavit
637 1534 675 1584 se
698 1515 774 1602 ipse
798 1516 970 1586 iohannes
992 1519 1028 1584 et
1050 1534 1131 1584 suos
1153 1519 1321 1608 heredes,
1344 1523 1450 1588 natos
1473 1522 1681 1605 nascentes,
1712 1519 1752 1586 in
1777 1536 1863 1605 pars
1887 1518 2001 1606 ipsius
2025 1516 2137 1585 eccle·

282 1665 336 1733 sie
360 1667 505 1754 eiusque
529 1670 728 1738 rectoribus
749 1673 786 1738 et
808 1670 911 1738 nobis
936 1669 1069 1758 uiginti
1093 1670 1175 1739 auri
1199 1670 1328 1739 solidos
1352 1669 1585 1740 costantinus.
1610 1672 1658 1738 De
1680 1689 1771 1757 qua,
1801 1673 1843 1737 ut
1866 1669 1989 1739 omnia
2012 1688 2140 1756 supra-

281 1821 416 1906 scripta
439 1822 479 1888 in
502 1839 586 1907 pars
611 1821 724 1908 ipsius
748 1820 919 1890 aecclesie
947 1825 984 1890 et
1010 1819 1112 1889 nobis
1136 1821 1301 1890 omnibus
1325 1823 1585 1910 suprascripti,
1611 1822 1668 1892 vel
1691 1821 1738 1890 ad
1761 1823 1896 1891 nostris
1918 1821 2138 1910 heredibuS,

281 1971 355 2057 ipse
380 1975 554 2044 iohannes
582 1977 618 2042 et
641 1993 723 2044 suos
745 1977 892 2045 heredes
916 1976 1183 2065 adimplendum
1211 1980 1248 2044 et
1276 1976 1405 2063 aliquit
1434 1975 1515 2044 inde
1540 1992 1612 2042 non
1644 1933 1924 2062 remobendum,
1955 1978 2138 2063 perbona

280 2129 567 2196 conbenientiam
591 2127 726 2216 gnadia
746 2130 849 2196 nobis
876 2129 1040 2197 omnibus
1065 2131 1302 2217 suprascripti
1326 2134 1507 2198 consortes
1530 2133 1567 2200 et
1591 2129 1680 2197 mihi
1708 2129 1868 2216 predicto
1891 2129 2045 2216 eupraxi
2070 2131 2133 2199 ab·

281 2281 355 2350 bati
378 2281 502 2366 dedit,
533 2285 569 2348 et
598 2281 829 2350 mediatorem
858 2283 961 2350 nobis
992 2283 1110 2371 posuit
1139 2282 1389 2371 semedipsum.
1419 2285 1679 2351 Verumtamen
1711 2284 1778 2351 hoc
1806 2300 2069 2370 memoramus,
2097 2286 2136 2351 ut

282 2435 391 2520 quale
415 2441 573 2525 tempore
596 2440 642 2508 da
665 2440 733 2526 ipsi
757 2438 940 2509 duodecim
963 2440 1051 2509 anni
1074 2437 1113 2504 in
1136 2442 1244 2507 antea
1267 2441 1374 2508 rebus
1395 2441 1476 2525 ipsa
1498 2441 1621 2506 tenere
1637 2405 1674 2506 et
1689 2439 1852 2506 lavorare
1867 2438 2040 2524 noluerit,
2068 2443 2136 2507 aut

281 2606 356 2657 non
380 2591 552 2680 potuerit,
570 2592 735 2661 inclitum
750 2591 832 2661 illut
846 2611 910 2680 per
926 2592 1023 2680 ipsas
1045 2611 1232 2664 mensuras
1255 2595 1443 2681 cultatum,
1459 2597 1496 2664 et
1511 2595 1735 2680 hoperatum,
1760 2595 1797 2660 et
1813 2590 2026 2678 studiatum,
2044 2589 2139 2660 sicut

283 2743 455 2832 diximus
480 2746 666 2815 remittant
689 2747 734 2816 ad
758 2750 968 2833 potestatem
989 2747 1033 2816 de
1056 2767 1141 2835 pars
1163 2747 1275 2836 ipsius
1298 2745 1445 2816 ecclesie
1473 2749 1510 2814 et
1533 2743 1579 2814 ad
1603 2747 1776 2831 potestate
1799 2746 1925 2812 nostra
1946 2743 1990 2812 de
2012 2767 2036 2832 y
2060 2763 2137 2812 om-

208 2949 211 2954 .
281 2895 395 2964 nibus
418 2898 653 2986 suprascripti
678 2903 857 2968 consortes
880 2901 987 2988 risus,
1011 2899 1206 2988 rodericus,
1230 2900 1440 2986 madelmus,
1463 2903 1500 2969 et
1522 2903 1644 2987 petrus
1668 2901 1763 2972 etde
1779 2901 1912 2969 nostris
1928 2901 2135 2992 heredibus,

282 3050 489 3119 laciendum
512 3070 576 3138 per
599 3057 718 3141 partes
742 3053 784 3122 de
809 3071 875 3122 sua
897 3056 991 3122 sorte
1015 3053 1108 3141 quod
1130 3054 1301 3142 voluerit,
1326 3059 1362 3123 ct
1383 3055 1500 3141 ipsum
1530 3058 1705 3126 iohannes
1728 3056 1785 3124 vel
1807 3072 1889 3124 suos
1911 3056 2060 3126 heredes
2084 3056 2130 3124 li-

279 3205 370 3276 cead
397 3205 480 3276 inde
503 3207 606 3276 exire
628 3226 710 3277 cum
732 3208 854 3278 omnia
877 3227 944 3278 sua
966 3228 1075 3280 causa
1098 3209 1245 3278 mobilia
1268 3215 1305 3278 et
1334 3209 1482 3300 pergad,
1506 3209 1568 3279 ubi
1591 3209 1755 3278 voluerit.
1780 3211 1825 3276 Et
1846 3210 1912 3277 hoc
1927 3208 2129 3295 recolimus,

281 3365 323 3430 ut
346 3359 389 3430 de
412 3360 528 3428 omnis
551 3361 674 3430 vinum
696 3365 733 3430 et
755 3362 934 3450 frudium,
959 3363 1051 3450 quod
1075 3360 1177 3432 nobis
1199 3366 1245 3432 ab
1270 3363 1385 3450 ipsum
1408 3366 1674 3450 pastenatorem
1696 3361 1737 3429 in
1758 3364 1853 3430 sorte
1875 3361 2039 3448 venerit,
2064 3361 2134 3429 tol-

280 3512 340 3582 lad
364 3510 454 3580 illud
477 3532 561 3599 pars
584 3513 697 3598 ipsius
721 3515 867 3584 ecclesie
890 3515 1136 3600 medietatem,
1159 3517 1196 3582 et
1218 3531 1282 3583 nos
1304 3531 1426 3582 omnes
1448 3513 1646 3602 supradicti
1670 3469 1853 3582 consortes
1876 3511 2133 3600 medietatem,
2186 3573 2189 3580 ,

280 3669 317 3734 et
340 3665 383 3733 de
408 3664 476 3752 ipsi
501 3669 574 3736 tari
600 3669 692 3756 quod
716 3673 762 3738 ab
785 3687 867 3738 eum
889 3689 955 3756 pro
979 3669 1054 3756 ipse
1078 3672 1244 3737 castanee
1259 3687 1322 3754 per
1338 3686 1473 3736 annum
1489 3669 1662 3754 tollimus,
1687 3685 1798 3734 unum
1814 3665 1898 3733 inde
1913 3665 2023 3734 tollad
2038 3685 2126 3752 pars

282 3818 396 3905 ipsius
419 3821 582 3906 ecclesie,
606 3825 642 3890 et
666 3840 778 3890 unum
800 3841 865 3890 nos
887 3823 953 3891 toti
977 3826 1174 3908 consortes3·
1194 3825 1230 3890 et
1253 3825 1441 3908 postquam
1464 3821 1672 3891 ammissum
1704 3821 1816 3890 luerit
1845 3821 1947 3889 nobis
1968 3838 2032 3907 per
2056 3818 2133 3890 illis

282 3990 347 4059 per
371 3973 615 4059 supradictum
638 3975 824 4045 hordinem
850 3979 956 4045 rebus
973 3975 1066 4064 ipsa,
1090 3973 1319 4044 medietatem
1336 3973 1384 4042 sit
1400 3973 1514 4061 ipsius
1536 3973 1697 4063 ecclesie,
1713 3973 1994 4044 etmedietatem
2009 3972 2132 4042 denos

283 4127 433 4213 predicti
458 4132 640 4196 consortes
663 4133 699 4198 et
722 4129 765 4198 de
788 4129 921 4199 nostris
944 4129 1150 4216 heredibus,
1174 4131 1210 4196 et
1232 4126 1440 4216 supradicta
1462 4125 1690 4216 tradictione,
1714 4145 1823 4212 quam
1845 4126 1879 4196 ei
1899 4125 2128 4212 tradidimus,

279 4285 333 4349 est
358 4283 396 4350 in
420 4283 537 4369 ipsum
561 4281 675 4350 locum
698 4283 813 4352 albole
837 4302 883 4352 ex
901 4283 965 4352 illa
980 4301 1063 4371 pars
1079 4301 1175 4369 aqua
1191 4283 1235 4352 de
1250 4281 1364 4352 albole
1380 4283 1420 4351 in
1436 4285 1539 4370 parte
1555 4280 1695 4352 salerno.
1712 4280 1811 4359 Quod
1826 4278 1953 4368 scripsi
1971 4296 2036 4368 ego
2052 4297 2131 4368 my·

277 4435 413 4506 raudus
437 4434 602 4508 notarius
624 4435 789 4508 feliciter.

326 4562 356 4679 †
380 4592 455 4678 Ego
478 4593 678 4662 romoaldus
700 4589 892 4662 castaldus.
1010 4605 1014 4613 ·

322 4719 352 4834 †
377 4749 451 4834 Ego
473 4748 638 4819 romualt.

1050 5200 1328 5284 DCXCIII.

1050 5434 1105 5511 A.
1134 5431 1184 5510 D.
1213 5429 1335 5512 1016.

332 5689 446 5764 Quam
467 5691 600 5761 clorio
621 5693 728 5764 liuius
749 5699 840 5764 onai
861 5699 1003 5783 penitus
1026 5699 1112 5764 essct
1133 5713 1249 5783 croso,
1272 5695 1514 5764 camararium
1530 5689 1757 5778 praebeamus:

320 5791 356 5931 †
381 5865 400 5910 «
425 5844 530 5912 Anno
552 5847 718 5916 vicesimo
740 5855 863 5918 octavo
885 5847 1109 5936 principatus
1132 5851 1343 5942 Guaimarii,
1358 5857 1395 5923 et
1409 5851 1522 5940 primo
1545 5863 1641 5919 anno
1663 5839 1807 5913 loannis
1829 5835 1897 5905 filii
1912 5835 2004 5923 eius,
2020 5853 2119 5905 men-
