5334 7098
988 549 1395 622 DlPLOMATlCUS
2003 557 2072 628 165

261 775 338 862 ipsa
375 773 553 862 alphanus
576 771 633 840 vel
655 772 733 840 eius
757 772 904 842 heredes
928 774 975 842 da
1000 775 1068 862 ipsi
1093 774 1214 844 decern
1238 774 1327 843 anni
1351 771 1516 860 completi
1540 773 1579 840 in
1603 776 1711 842 antea
1732 773 1775 840 de
1799 793 1840 842 ac
1864 778 1963 844 terra
1980 774 2116 847 exierit

264 925 380 996 aliubi
403 923 449 992 ad
473 922 696 1011 abitaudum,
721 929 785 993 aut
808 926 839 993 si
862 925 972 995 talem
995 925 1119 994 fecerit
1141 926 1259 1014 culpa,
1283 925 1378 995 unde
1400 925 1446 994 ad
1469 923 1645 1012 palatium
1669 925 1827 996 cecidere
1850 926 2037 1017 debuerit,
2060 930 2117 998 in-

258 1077 348 1148 clita
372 1080 480 1146 rebus
503 1077 581 1165 ipsa
604 1097 696 1147 vona
719 1079 882 1148 laborata
903 1083 940 1146 et
963 1079 1063 1148 clusa
1086 1081 1247 1148 rebertar
1270 1079 1316 1148 ad
1339 1043 1463 1146 nostra
1485 1082 1707 1165 potestatem,
1731 1079 1777 1150 ad
1800 1079 2003 1150 iaciendum
2025 1083 2109 1154 indo

259 1229 381 1300 omnia
405 1230 497 1316 quod
521 1229 754 1299 boluerimus:
781 1235 900 1319 preter
924 1232 955 1300 si
979 1231 1076 1300 inira
1100 1227 1325 1300 tribus'anni
1349 1231 1387 1296 in
1410 1248 1478 1298 ano
1502 1234 1599 1299 terra
1624 1231 1759 1324 reborsi
1782 1233 1891 1302 luerit
1906 1233 1951 1303 ad
1968 1236 2111 1306 abitan-

258 1382 358 1466 dum,
383 1381 549 1451 inclitum
572 1381 655 1451 illut
676 1383 888 1470 perbeniant
913 1384 959 1451 ad
990 1383 1133 1452 illorum
1165 1387 1375 1472 potestatem
1404 1381 1598 1450 tenendum
1626 1386 1662 1448 ot
1691 1382 1925 1452 laborandum
1950 1385 2039 1455 illud
2070 1389 2110 1456 in

260 1535 357 1604 omui
380 1534 506 1602 ordine
528 1540 564 1604 et
587 1536 740 1620 ratione,
764 1537 858 1606 sicut
879 1539 1044 1624 superius
1061 1536 1214 1624 legitur,
1231 1539 1372 1604 tantum
1386 1535 1417 1602 si
1433 1534 1543 1604 suerit
1558 1534 1771 1622 laboratum,
1788 1535 1895 1606 liceat
1910 1554 1974 1604 nos
1989 1541 2108 1625 ipsum

261 1702 398 1756 annum
422 1687 497 1774 ipso
520 1687 679 1776 frugium
703 1688 786 1758 inde
809 1689 944 1758 tollere.
969 1691 1012 1759 de
1035 1709 1106 1777 qua
1129 1709 1193 1776 per
1217 1692 1309 1758 bona
1331 1687 1593 1757 combenientia
1615 1688 1750 1776 guadia
1773 1690 1864 1758 mihi
1887 1692 1962 1777 ipse
1985 1689 2112 1777 alpha-

258 1855 328 1906 nus
351 1839 447 1925 dedi,
471 1843 509 1909 et
532 1841 762 1910 mediatorem
777 1842 868 1908 mihi
883 1844 1000 1930 posuit
1016 1844 1107 1912 mari
1124 1842 1167 1910 de
1183 1842 1258 1928 ipso
1275 1841 1388 1910 locum
1405 1841 1520 1909 tilium
1537 1841 1704 1928 ursilupi3
1729 1847 1765 1910 et
1786 1861 1849 1929 per
1873 1845 1952 1931 ipsa
1974 1845 2112 1932 guadia

258 1992 434 2080 obligabit
457 2013 494 2063 se
517 1999 553 2064 et
569 2012 651 2063 suos
672 1995 832 2084 heredes,
849 2001 889 2065 ut
903 1997 933 2064 si
949 1997 1070 2065 omnia
1093 1995 1339 2096 suprascripta
1355 1994 1458 2061 nobis
1474 2011 1546 2060 nou
1561 1993 1810 2080 adimpleberit
1825 1999 1862 2063 et
1880 1996 2011 2082 aliquit
2027 1998 2111 2066 inde

258 2146 533 2236 contradixerit,
557 2167 621 2235 per
644 2135 906 2218 combe‘nientia
928 2165 1137 2235 componere
1160 2143 1337 2231 obligabit
1361 2161 1399 2210 se
1422 2147 1457 2211 et
1480 2143 1561 2211 suos
1586 2145 1734 2232 heredes
1758 2145 1850 2214 mihi
1867 2149 2010 2234 meique
2035 2168 2112 2218 ero·

258 2302 363 2372 dibus
385 2302 541 2389 triginta
564 2303 645 2372 auri
670 2302 798 2371 solidos
821 2301 1096 2387 constantinus,
1120 2305 1156 2368 et
1182 2299 1301 2367 omnia
1335 2299 1582 2388 suprascripta
1604 2319 1667 2387 per
1690 2301 1816 2369 inbitis
1840 2301 1943 2371 nobis
1966 2306 2110 2392 compli-

259 2459 361 2540 rent;
386 2459 422 2524 et
445 2454 475 2522 si
501 2453 563 2522 ille
587 2452 643 2522 vel
668 2471 749 2520 suos
769 2454 893 2522 'eredes
916 2455 954 2521 in
978 2452 1054 2539 ipsa
1069 2455 1174 2520 rebus
1191 2451 1346 2520 residere
1362 2457 1398 2520 et
1414 2453 1552 2520 abitare
1568 2453 1734 2540 boluerit,
1751 2457 1961 2541 potestatem
1975 2457 2108 2525 abeant

260 2605 394 2675 ibidem
418 2605 574 2674 residere
596 2608 633 2674 et
656 2604 816 2690 abitare;
841 2608 877 2672 et
900 2603 929 2670 si
954 2604 1000 2672 da
1026 2603 1094 2690 ipsi
1118 2604 1238 2672 docem
1261 2605 1346 2674 anni
1373 2606 1536 2692 completi
1559 2607 1599 2674 in
1622 2611 1730 2676 antea
1753 2611 1859 2676 rebus
1883 2609 1961 2694 ipsa
1984 2613 2109 2681 tenere

258 2759 295 2825 et
318 2755 481 2826 laborare
505 2775 578 2824 non
602 2757 758 2826 boluerit
780 2758 819 2825 in
842 2757 1083 2844 suprascripto
1107 2757 1245 2843 ordine,
1269 2759 1396 2826 inolita
1418 2759 1664 2847 suprascripta
1687 2760 1855 2829 tradictio
1878 2777 1969 2830 vona
1984 2775 2131 2848 opera·

126 2994 129 2998 ‚
258 2914 310 2997 ta,
335 2913 371 2978 et
393 2913 508 2996 surta,
532 2915 569 2979 et
591 2911 743 2998 cultata,
766 2915 802 2978 et
825 2909 1037 2996 laboratum,
1061 2915 1098 2978 et
1120 2909 1307 2978 circoitum
1325 2910 1479 2998 clusum,
1497 2917 1609 2980 totum
1625 2930 1756 2980 vonum
1771 2913 1918 3001 factum,
1942 2916 2110 2985 remittas

267 3061 312 3130 ad
335 3065 460 3130 nostra
482 3065 713 3149 potestatem,
738 3060 939 3131 laciendum
965 3061 1047 3130 inde
1070 3062 1191 3130 omnia
1220 3063 1314 3148 quod
1346 3063 1580 3150 boluerimus,
1605 3067 1641 3131 et
1671 3063 1743 3132 illis
1773 3065 1881 3136 liceat
1904 3068 1986 3136 inde
2009 3069 2112 3138 exire

259 3232 340 3282 cum
363 3215 479 3282 omnis
502 3233 568 3284 sua
590 3216 739 3284 mobilia
761 3234 824 3302 per
848 3216 1053 3303 supradicta
1076 3215 1209 3302 guadia
1232 3219 1268 3284 et
1289 3215 1451 3304 obligata
1473 3235 1582 3302 pana,
1605 3222 1641 3285 et
1665 3218 1739 3303 ipse
1757 3219 1929 3288 mediator
1946 3226 2111 3308 apposuit
2206 3243 2214 3260 ·

257 3371 295 3436 ct
320 3368 497 3455 obligabit
521 3367 625 3435 nobis
648 3368 694 3438 ad
718 3367 981 3456 pignerandum
1003 3369 1118 3434 omnis
1141 3369 1248 3435 rebus
1272 3370 1308 3434 et
1331 3385 1478 3437 causam
1502 3385 1603 3437 suam
1618 3367 1780 3454 legitimo
1795 3373 1831 3438 et
1847 3371 2057 3457 inlegitimo.
2075 3384 2113 3446 et

260 3523 358 3588 hunc
383 3523 526 3590 brebem
550 3521 678 3608 scripsi
703 3539 769 3608 ego
793 3523 967 3589 iohannes
991 3522 1166 3590 notarius

307 3645 337 3760 †
364 3693 430 3760 ego
453 3673 654 3742 romoaldus
677 3692 733 3742 me
755 3674 948 3760 subscripsi

308 3797 340 3912 †
365 3843 432 3912 ego
454 3824 638 3923 dauferius
659 3824 821 3896 notarius
843 3841 900 3891 mo
922 3825 1114 3908 subscripsi

309 3948 339 4064 †
365 3993 432 4064 ego
455 3981 579 4065 petrus
601 3976 766 4045 notarius
789 3993 844 4044 me
867 3975 1072 4060 subscripsi.

1021 4645 1339 4728 DCXXXII.

1035 4907 1089 4983 A.
1119 4905 1169 4983 D.
1198 4903 1321 4986 1010.

292 5153 329 5291 †
354 5205 394 5271 ln
418 5205 563 5271 nomine
586 5202 716 5271 domini
742 5201 909 5270 vicesimo
932 5200 1086 5268 secundo
1110 5218 1204 5271 anno
1227 5199 1450 5286 principatus
1473 5198 1593 5266 domni
1616 5200 1730 5266 nostri
1755 5199 1954 5286 guaimarii
1971 5198 2107 5285 glorio-

246 5373 286 5425 so
305 5357 486 5444 princeps,
510 5371 631 5422 mense
656 5355 825 5440 martiuS,
848 5355 975 5422 octaba
992 5351 1199 5419 indictione.
1217 5353 1363 5422 Declaro
1378 5370 1444 5440 ego
1460 5352 1634 5420 iohannes
1649 5350 1745 5418 lilius
1760 5349 1938 5437 quondam
1954 5349 2105 5418 iohanni

246 5511 310 5595 qui
330 5509 400 5576 suit
415 5508 594 5594 notarius,
618 5507 787 5593 quoniam
803 5525 865 5593 por
882 5506 986 5576 firma
1001 5506 1143 5574 cartula
1156 5505 1379 5573 donaverunt
1395 5502 1503 5572 michi
1520 5495 1687 5570 mulieres
1703 5503 1846 5570 nomine
1862 5501 1970 5570 auria
1983 5518 2106 5572 mona-

247 5663 316 5730 cha
331 5660 410 5730 illia
426 5659 606 5745 quondam
621 5659 727 5744 (deest
745 5659 887 5740 norma)
902 5657 1030 5726 relicta
1046 5657 1196 5726 iohanni
1214 5655 1289 5722 illio
1306 5656 1479 5742 iaquinti,
1491 5661 1527 5724 et
1542 5655 1704 5726 dardana
1720 5654 1796 5723 lilia
1812 5655 1969 5741 ipsorum
1980 5652 2107 5723 iohan-

248 5814 338 5884 niet
355 5813 459 5883 aurie
484 5831 545 5900 per
568 5829 780 5882 consensum
796 5811 839 5881 de
857 5809 1044 5881 mundoalt
1059 5815 1095 5880 et
1111 5810 1322 5898 parentibus
1339 5809 1413 5878 suis
1430 5807 1555 5877 inclita
1572 5813 1703 5894 quarta
1719 5813 1872 5895 partem,
1888 5828 1997 5895 quam
2016 5809 2107 5894 legi-
