5310 7080
979 549 1380 625 meminimus

1061 951 1296 1035 DXGIV.

1030 1212 1085 1288 A.
1114 1210 1165 1288 D.
1194 1209 1322 1290 1007.

298 1445 332 1584 †
357 1499 396 1563 ln
414 1499 558 1568 nominc
573 1499 706 1568 domini
724 1503 848 1569 octabo
863 1501 1000 1570 decimo
1015 1519 1109 1571 anno
1125 1503 1350 1591 principatus
1368 1502 1487 1570 domni
1504 1501 1617 1570 nostri
1634 1501 1815 1589 guaimari
1832 1503 1979 1590 gloriosi
2002 1506 2104 1590 prin·

135 1663 136 1666 ’
254 1650 351 1734 cipis,
376 1669 497 1718 mense
521 1623 739 1739 februarius,
765 1652 893 1738 quinta
917 1653 1126 1722 indictione.
1152 1657 1442 1724 memoratorium
1458 1655 1554 1724 lactu
1571 1675 1593 1723 a
1608 1673 1664 1722 me
1689 1654 1863 1724 iohannes
1885 1654 2037 1724 clericus
2061 1657 2102 1724 fi-

258 1803 325 1870 lius
350 1804 464 1870 amori
487 1803 694 1892 presbiteri,
719 1823 760 1872 eo
784 1806 876 1892 quod
899 1813 983 1876 ante
1008 1807 1189 1894 presentia
1212 1807 1304 1894 petri
1329 1807 1449 1875 clerici
1473 1811 1509 1875 et
1533 1807 1674 1876 abbatis
1698 1804 1846 1874 ecclesie
1870 1807 1986 1875 sancti
2011 1810 2104 1894 petri

257 1955 419 2041 cappella
443 1955 587 2044 palatii,
613 1961 648 2024 et
673 1956 804 2024 ibidem
828 1947 965 2026 adesset
989 1959 1182 2046 subscripti
1206 1963 1335 2046 testea,
1360 1979 1422 2046 per
1446 1959 1824 2029 bona'combenientia
1850 1979 1958 2046 quam
1982 1963 2018 2027 et
2042 1978 2106 2046 per

258 2106 336 2174 eius
360 2107 637 2176 demandatione
660 2106 794 2175 tradidi
818 2111 910 2194 petri
935 2109 1008 2176 filio
1032 2112 1210 2197 quondam
1233 2113 1382 2200 godiczi,
1406 2133 1479 2182 una
1504 2131 1641 2181 mecum
1665 2113 1803 2180 adesset
1825 2115 1899 2179 toto
1916 2112 2103 2180 adbocato-

257 2281 328 2330 rem
354 2260 468 2348 ipsius
492 2262 670 2350 cappella,
694 2267 794 2332 terra
817 2283 930 2333 vacua
954 2266 1195 2350 pertinentem
1219 2263 1332 2350 ipsius
1356 2264 1505 2332 ecclesie
1529 2263 1571 2331 de
1597 2265 1713 2332 locum
1737 2264 1871 2332 uliaria
1895 2264 2026 2331 finibus
2051 2282 2107 2332 sa-

255 2413 466 2499 lernitanis,
491 2415 582 2501 quod
606 2433 671 2501 ego
695 2412 733 2479 in
757 2415 969 2482 beneficium
992 2414 1132 2484 retineo
1155 2417 1201 2485 da
1224 2435 1310 2504 pars
1334 2417 1448 2504 ipsius
1472 2419 1619 2486 ecclesie
1642 2436 1706 2504 per
1730 2436 1769 2484 ec
1793 2417 1876 2484 finis
1899 2423 1936 2484 et
1958 2435 2100 2484 mensu-

253 2565 332 2632 ria:
360 2585 382 2632 a
406 2582 491 2652 pars
515 2568 709 2636 occidentis
733 2567 803 2635 dne
826 2569 933 2636 dubio
956 2570 1162 2656 grancaria,
1187 2575 1223 2638 et
1247 2570 1475 2655 aliquantum
1499 2573 1673 2656 pertange
1698 2568 1736 2634 in
1760 2569 1831 2635 fine
1855 2569 1968 2655 ipsius
1991 2571 2101 2638 eccle-

253 2717 314 2802 sie,
338 2721 424 2783 sunt
449 2718 546 2786 circa
570 2738 634 2787 ora
656 2720 699 2786 de
723 2721 799 2806 ipso
822 2721 1015 2808 grancario
1038 2739 1157 2808 passos
1181 2720 1448 2808 quinquaginta
1471 2721 1564 2808 du0;
1589 2727 1625 2788 et
1648 2721 1694 2788 da
1718 2719 1802 2788 inde
1832 2720 2038 2790 rebolbente
2062 2723 2102 2788 in

253 2887 331 2952 pars
354 2871 519 2958 orientiS,
544 2873 702 2957 qualiter
726 2874 878 2940 rebolbit
901 2877 977 2961 ipso
1000 2875 1120 2961 dubio,
1143 2893 1265 2962 passos
1288 2874 1492 2960 duodecim;
1517 2877 1553 2940 et
1576 2873 1622 2941 da
1646 2871 1728 2940 inde
1751 2873 1903 2942 saliente
1928 2881 1964 2942 et
1988 2876 2105 2942 rebol-

253 3023 352 3091 bente
377 3028 416 3092 11
441 3046 525 3113 pars
550 3029 839 3115 septemptrionis
863 3030 961 3098 circa
985 3029 1084 3096 ribus
1107 3028 1169 3115 qni
1193 3048 1231 3096 se
1254 3029 1444 3116 coniungit
1467 3046 1548 3094 cum
1571 3027 1648 3114 ipso
1670 3025 1790 3113 liubin,
1816 3031 1955 3096 rectum
1979 3048 2103 3116 passos

251 3198 326 3266 sex,
351 3185 388 3248 et
414 3184 476 3252 ubi
501 3186 683 3270 complunt
707 3185 775 3272 ipsi
802 3204 866 3254 sex
888 3185 985 3278 passi
1008 3185 1257 3271 prebaricante
1281 3183 1357 3270 ipso
1380 3183 1480 3250 ribus
1504 3183 1543 3248 in
1559 3197 1643 3266 pars
1659 3180 1806 3248 orientis
1823 3179 2092 3267 aliquantulum

251 3339 425 3422 pertange
448 3336 487 3403 in
511 3337 582 3404 fine
605 3337 763 3424 predicte
785 3337 947 3424 ecclesie,
971 3341 1008 3404 et
1031 3335 1174 3404 abiente
1197 3335 1295 3404 circa
1318 3334 1390 3404 alio
1406 3333 1507 3402 ribus
1522 3330 1619 3421 passi
1636 3332 1770 3418 biginti
1788 3350 1872 3402 sex:
1891 3353 1913 3402 a
1930 3353 2014 3420 pars
2029 3336 2100 3402 ori-

249 3486 355 3574 entis,
380 3490 475 3558 sicut
498 3491 670 3560 discernit
694 3491 811 3559 media
835 3511 930 3578 sepe,
954 3489 1111 3578 qualiter
1136 3508 1200 3576 per
1223 3493 1337 3555 totum
1359 3489 1496 3554 reboltc
1520 3487 1708 3573 discernit,
1731 3491 1816 3554 sunt
1840 3490 1934 3574 passi
1961 3492 2103 3574 septua-
2221 3587 2223 3591 Ι

248 3639 349 3722 pinta
372 3659 463 3708 sex:
490 3661 512 3710 a
536 3661 621 3728 pars
644 3643 910 3729 septemtrionis
934 3647 1019 3710 sunt
1041 3640 1135 3728 passi
1160 3640 1418 3727 quadraginta,
1443 3643 1560 3708 toturn
1585 3644 1830 3708 mensuratum
1847 3639 1892 3707 ad
1914 3642 2007 3708 iusto
2022 3659 2104 3728 pas-

250 3809 328 3859 sum
353 3792 478 3878 omini;
503 3813 543 3862 ec
567 3813 650 3864 vero
673 3795 877 3880 supradicta
901 3798 1015 3880 terra,
1038 3792 1194 3882 qualiter
1217 3792 1380 3880 superius
1405 3791 1489 3860 linis
1513 3792 1626 3878 posite
1650 3795 1795 3860 suntet
1820 3793 2002 3860 mensuria
2025 3793 2103 3879 ipsa

250 3948 439 4033 percurrit,
463 3953 576 4014 totum
600 3953 636 4016 ct
660 3948 825 4016 inclitum
849 3947 931 4016 illut
954 3947 1068 4034 ipsius
1092 3948 1185 4034 petri
1209 3946 1425 4016 tradidimus
1444 3966 1518 4017 una
1536 3967 1618 4015 cum
1635 3948 1711 4035 ipso
1728 3947 1972 4016 adbocatorem
1987 3944 2102 4033 ipsius

250 4099 415 4185 cappelle.
442 4100 535 4168 unde
559 4119 623 4187 pro
645 4101 767 4169 taliter
790 4101 924 4189 gnadia
947 4099 1049 4168 nobis
1075 4097 1150 4186 ipse
1172 4102 1296 4184 petrus
1311 4098 1409 4166 dedit
1425 4101 1463 4166 et
1480 4097 1712 4166 mediatorem
1729 4097 1832 4165 nobis
1847 4100 1965 4183 posuit
1978 4104 2100 4184 petrus

249 4253 342 4319 lilius
364 4256 543 4340 quondam
566 4257 673 4338 (deest
697 4256 834 4334 nenton)
857 4258 920 4341 qui
944 4257 1080 4322 dicitur
1103 4253 1272 4339 desenda,
1296 4252 1363 4320 tali
1387 4251 1534 4336 ordine,
1560 4257 1599 4318 ut
1625 4243 1747 4319 amodo
1770 4256 1807 4319 et
1830 4269 1941 4338 usque
1964 4251 2098 4338 biginti

252 4409 342 4476 anni
367 4411 532 4497 completi
558 4412 671 4481 licead
695 4412 754 4481 illc
778 4419 813 4482 et
836 4413 910 4480 suis
934 4411 1099 4480 eredibus
1122 4413 1157 4476 et
1180 4405 1316 4474 omines
1340 4421 1445 4491 quem
1470 4402 1602 4470 ibidem
1620 4403 1800 4489 miserint,
1816 4406 1890 4470 tota
1905 4408 2027 4473 nostra
2042 4423 2099 4471 su-

248 4562 413 4650 pradicta
435 4563 651 4634 tradictione
674 4583 737 4634 sue
760 4565 945 4651 potestatis
967 4567 1091 4631 tenere
1115 4565 1150 4629 et
1174 4561 1377 4643 dominare,
1402 4564 1438 4626 et
1453 4559 1572 4626 fobeas
1589 4564 1626 4624 et
1642 4558 1758 4624 omnis
1775 4575 1842 4624 sua
1858 4555 2017 4626 utilitate
2033 4557 2102 4626 ibi-

247 4717 326 4783 dem
350 4717 482 4803 sacere,
507 4723 543 4786 et
567 4736 626 4787 eos
649 4722 760 4785 totum
784 4691 1017 4804 pastenarent
1041 4717 1259 4800 arbustum,
1284 4713 1377 4781 sicut
1400 4713 1575 4781 meruerit
1598 4717 1634 4778 et
1658 4711 1717 4778 ubi
1742 4712 1932 4800 meruerit,
1955 4715 2102 4782 cannie-

250 4873 324 4935 tum
349 4875 384 4939 et
409 4871 595 4940 salicetum
618 4872 733 4958 adque
756 4871 894 4958 pomis,
918 4873 954 4940 et
978 4873 1155 4956 quantum
1179 4869 1336 4936 trudium
1360 4874 1396 4936 et
1412 4869 1550 4952 binum,
1575 4869 1612 4933 et
1634 4865 1799 4951 quicquit
1823 4866 1954 4934 exinde
1976 4865 2100 4934 tollere

250 5023 300 5091 uel
323 5027 431 5093 abere
454 5026 640 5111 potuerint
664 5025 789 5095 amodo
812 5027 849 5093 ct
872 5042 985 5110 usquc
1009 5023 1129 5090 decem
1152 5025 1239 5090 anni
1262 4980 1443 5111 completi,
1468 5027 1583 5090 totum
1603 5020 1685 5088 illut
1701 5019 1771 5088 sibi
1788 5023 1949 5107 aberent,
1965 5021 2100 5089 tacien-

248 5179 330 5245 dum
354 5198 424 5267 que
448 5180 653 5246 noluerint:
680 5182 821 5247 tantum
844 5179 887 5246 de
911 5177 1003 5264 quod
1027 5177 1233 5247 annualiter
1256 5177 1389 5246 ibidem
1412 5173 1672 5245 seminaberint
1694 5175 1818 5244 amodo
1833 5179 1869 5242 et
1892 5192 2004 5260 usque
2027 5174 2097 5259 ipsi

248 5333 367 5402 decem
384 5335 472 5404 anni
492 5335 671 5422 completi,
689 5335 797 5404 deant
812 5334 895 5403 inde
912 5333 1043 5402 ibidem
1059 5333 1104 5401 ad
1119 5351 1201 5418 pars
1217 5332 1329 5419 ipsius
1343 5330 1490 5399 ecclesie
1506 5329 1719 5398 terraticum
1734 5329 1927 5397 secundum
1950 5346 2100 5397 consue·

250 5487 407 5555 tudinem
431 5491 475 5557 de
498 5489 574 5577 ipso
597 5489 726 5576 locum,
742 5488 787 5558 ad
803 5488 967 5576 completi
984 5489 1052 5574 ipsi
1068 5489 1188 5555 decem
1211 5485 1299 5555 armi
1325 5485 1387 5553 illc
1409 5489 1528 5554 autem
1552 5488 1588 5551 et
1612 5484 1688 5550 suis
1712 5482 1878 5552 eredibus
1902 5483 2034 5550 abeant
2059 5483 2099 5550 in

250 5647 323 5712 tota
349 5644 428 5729 ipsa
451 5646 550 5712 terra
573 5641 670 5710 infra
691 5640 850 5728 predicte
872 5641 955 5710 dnis
978 5645 1014 5709 et
1037 5638 1217 5708 mensurie
1240 5640 1428 5708 arbustum
1451 5641 1586 5707 tactum
1610 5641 1792 5725 operatum
1810 5639 1846 5704 ct
1863 5639 2019 5722 surtum,
2035 5652 2098 5704 seu

246 5799 452 5867 cannietum
477 5802 513 5867 et
536 5797 722 5866 salicetum
747 5803 784 5868 et
807 5796 940 5884 pomis,
963 5800 1078 5865 totum
1101 5797 1232 5862 bonum
1256 5796 1409 5882 iactum,
1432 5796 1524 5863 sicut
1546 5791 1588 5862 de
1611 5799 1730 5862 tantos
1754 5809 1867 5860 annos
1891 5793 2065 5860 meruerit
2085 5811 2094 5877 ;

435 5956 504 6010 ion.
525 5971 551 6010 rr
1871 5949 1904 6004 la
