5376 7104
1018 559 1423 634 urruousrrcus
2011 551 2097 653 ,ecs

293 781 474 870 presbiter
498 784 534 848 et
558 782 669 850 abbas
694 780 844 850 ecclesie
870 782 986 852 sancti
1010 783 1166 872 nicolay,
1192 786 1253 872 qui
1278 783 1386 854 situm
1401 789 1455 854 est
1471 783 1510 851 in
1526 784 1642 852 locum
1657 780 1767 851 beteri
1786 795 1929 865 asuper
1944 793 2150 880 mare,per·

294 934 475 1002 tinentem
498 931 650 1001 ecclesia
680 933 760 1020 ipsa
782 933 825 1002 de
850 934 1046 1003 lambertus
1070 940 1105 1004 et
1129 936 1504 1026 landoarixcomitibus
1526 935 1692 1026 germani
1721 933 1788 1002 dlii
1814 930 1993 1022 quondam
2016 926 2149 999 alberti

295 1082 436 1172 comiti,
462 1102 535 1154 una
557 1103 695 1153 mecum
720 1088 812 1154 esset
835 1090 957 1172 petrus
980 1087 1229 1156 advocatorem
1255 1088 1367 1176 ipsius
1391 1089 1550 1158 ecclesie.
1582 1089 1695 1164 Quam
1718 1091 1753 1155 et
1776 1103 1840 1153 nos
1863 1085 1960 1153 risus
1986 1086 2022 1152 et
2051 1081 2151 1150 rode·

294 1234 394 1302 ricus
417 1235 584 1324 germani
608 1236 676 1304 filii
700 1225 878 1324 quondam
904 1239 1073 1330 marcidi,
1099 1243 1135 1308 et
1159 1239 1359 1310 madelmus
1381 1240 1480 1309 filius
1506 1240 1686 1327 quondam
1712 1236 1884 1327 iaquinti,
1901 1241 1936 1306 et
1951 1238 2075 1324 petrus
2090 1252 2152 1302 ne-

295 1403 358 1473 pos
384 1385 490 1454 istius
514 1386 682 1455 madelmi
707 1407 749 1456 ao
772 1387 869 1456 filius
892 1389 1071 1475 quondam
1095 1392 1205 1478 sergi,
1229 1391 1323 1476 quod
1344 1391 1387 1460 de
1412 1391 1637 1478 imperatissa
1660 1408 1834 1478 germana
1858 1387 1962 1458 istius
1983 1387 2148 1458 madelmi

294 1539 441 1628 genuit,
464 1541 530 1609 toti
555 1540 593 1608 in
618 1541 723 1609 simul
747 1545 830 1610 ante
853 1543 1045 1630 subscripti
1069 1543 1205 1612 idoneis
1227 1545 1430 1612 hominibus
1435 1593 1647 1612 ........
1674 1541 1823 1612 iohanni
1839 1541 1901 1629 qui
1918 1542 1986 1610 suit
2002 1539 2150 1611 natibus

296 1693 340 1761 de
367 1692 484 1760 locum
500 1713 644 1781 pecara,
660 1696 843 1764 territorio
858 1695 901 1763 de
917 1695 1051 1782 amalfi,
1074 1699 1110 1764 et
1124 1695 1221 1766 filius
1237 1698 1417 1785 mauroni,
1440 1699 1483 1768 de
1502 1701 1610 1766 rebus
1624 1699 1827 1785 pertinente
1844 1695 1958 1784 ipsius
1973 1693 2149 1764 hecclesie

296 1850 334 1914 et
357 1847 598 1934 pertinentem
621 1848 724 1914 nobis
748 1847 913 1915 omnibus
937 1849 1173 1936 suprascripti
1195 1853 1365 1937 parentes
1390 1856 1499 1937 atque
1523 1853 1703 1919 consortes
1727 1849 1856 1936 quies.
1879 1899 1887 1916 .
1907 1831 1943 1915 .'.
1965 1900 1972 1915 .
1994 1899 2002 1915 .
2023 1901 2030 1916 .
2048 1848 2086 1916 in
2102 1850 2152 1914 lo-

295 2018 378 2067 curn
401 2002 523 2072 albore
546 2019 593 2069 ex
617 2002 682 2071 illa
704 2019 789 2090 pars
815 2002 1036 2072 salernitane
1060 2004 1205 2090 finibus,
1229 2003 1290 2090 qui
1315 2007 1369 2071 est
1391 2004 1580 2074 medietate
1597 2004 1837 2090 pertinentem
1850 2002 1965 2090 ipsius
1982 2001 2148 2089 ecclesie,

296 2157 332 2222 et
355 2154 544 2224 medietate
567 2155 669 2222 nobis
691 2156 854 2224 omnibus
877 2154 1138 2244 suprascripti3
1164 2156 1258 2224 unde
1281 2156 1325 2224 de
1348 2157 1427 2242 ipsa
1449 2159 1572 2226 nostra
1602 2156 1793 2226 medietate
1823 2159 1878 2224 est
1909 2154 2151 2244 pertinentem

295 2307 399 2376 nobis
422 2311 489 2377 risi
514 2329 560 2378 ex
564 2361 776 2378 ........
802 2311 993 2380 medietate
1016 2316 1053 2380 et
1075 2312 1178 2380 nobis
1201 2308 1372 2378 madelmi
1399 2315 1435 2378 et
1458 2309 1551 2396 petri
1576 2309 1783 2396 medietate,
1806 2315 1842 2379 et
1865 2310 1908 2378 de
1931 2309 2000 2378 ista
2021 2309 2152 2377 medie

295 2463 372 2528 tate
396 2463 489 2547 quod
513 2463 616 2530 nobis
639 2461 806 2534 madelmi
830 2467 866 2532 et
889 2463 982 2552 petri
1008 2462 1090 2531 inde
1113 2463 1286 2550 pertinet,
1310 2480 1376 2550 ego
1399 2460 1596 2530 madelmus
1619 2463 1752 2530 habere
1768 2461 1850 2531 inde
1866 2461 1975 2531 debeo
1989 2465 2063 2530 tres
2079 2480 2152 2528 sor-

295 2615 355 2700 tis,
368 2618 403 2683 et
428 2617 504 2702 ipse
528 2620 650 2702 petrus
674 2635 697 2684 a
718 2633 804 2703 pars
830 2617 947 2703 ipsius
963 2616 1088 2684 uxoris
1112 2634 1175 2684 sue
1199 2615 1283 2684 inde
1299 2615 1456 2703 pertinet
1478 2617 1648 2702 quartam
1664 2618 1817 2703 partem.
1842 2618 2064 2705 Quapropter
2087 2634 2151 2686 nos

296 2785 420 2834 omnes
443 2785 517 2834 una
541 2786 620 2834 cum
645 2767 761 2854 ipsum
785 2767 951 2836 abbatem
974 2765 1187 2835 tradidimus
1211 2765 1323 2854 ipsius
1356 2768 1505 2836 iohanni
1537 2769 1581 2838 de
1612 2770 1690 2857 ipsa
1717 2773 1817 2838 terra
1840 2770 1968 2838 baciba
1991 2769 2029 2835 in
2052 2772 2151 2839 omni

205 2995 209 2999 ,
296 2919 386 2987 facie
408 2937 472 3005 per
495 2907 682 2989 mensuras
706 2940 778 2989 ana
801 2920 899 3006 passi
925 2919 1132 3007 sexaginta,
1155 2921 1248 2988 sicut
1269 2937 1333 3007 per
1357 2919 1454 2986 omni
1477 2926 1581 3009 parte
1604 2921 1650 2990 ad
1674 2923 1745 2990 fine
1762 2925 1887 2992 nostra
1902 2923 2151 3010 coniungitur,

296 3073 411 3140 etiam
436 3075 471 3140 et
495 3071 710 3141 tradidimus
732 3075 767 3141 ei
791 3091 865 3142 una
887 3076 990 3160 pecia
1014 3074 1057 3142 de
1080 3077 1179 3143 terra
1202 3093 1285 3141 cum
1309 3075 1550 3144 castanietum
1580 3079 1744 3144 nostrum
1766 3076 2007 3162 pertinentem
2030 3075 2151 3161 ibique

296 3222 498 3310 propinquo
522 3243 585 3312 per
609 3243 650 3294 as
673 3227 763 3296 fines
786 3245 987 3296 mensuras:
1014 3226 1209 3314 incipiente
1232 3248 1254 3296 a
1276 3228 1392 3314 capite
1415 3227 1458 3296 de
1490 3226 1666 3297 vallonem
1690 3228 1751 3314 qui
1781 3227 1864 3296 inde
1887 3247 1964 3298 esse
1985 3227 2150 3315 videtur,

296 3379 332 3444 et
358 3377 546 3447 salientem
572 3396 684 3466 usque
707 3382 963 3448 tractorarium
988 3376 1016 3462 ¹)
1039 3380 1123 3447 inde
1148 3396 1269 3467 passos
1291 3379 1496 3467 sexaginta:
1523 3382 1559 3446 et
1583 3380 1629 3448 ab
1651 3378 1735 3446 inde
1758 3377 1963 3446 revolbente
1985 3398 2049 3466 per
2074 3381 2151 3467 ipso

296 3531 468 3618 cristone,
492 3531 596 3617 quasi
620 3532 658 3598 in
682 3537 784 3619 parte
807 3531 968 3618 orientis,
992 3531 1075 3599 inde
1099 3550 1220 3618 passos
1243 3537 1387 3600 centum
1413 3533 1556 3619 biginti:
1589 3535 1626 3601 et
1649 3534 1697 3602 ab
1720 3531 1803 3600 inde
1826 3485 2150 3621 descendenteper

298 3685 556 3753 tractorarium
580 3683 697 3771 ipsum
714 3689 750 3753 et
765 3687 1016 3772 coniugentem
1038 3685 1077 3751 in
1093 3683 1165 3754 alio
1180 3683 1434 3753 tractorarium
1450 3687 1536 3751 sunt
1553 3684 1636 3752 inde
1655 3701 1779 3770 passos
1802 3681 2034 3770 septuaginta
2057 3653 2159 3754 octo:¹

296 3843 332 3907 et
356 3838 439 3906 inde
462 3838 614 3908 saliente
636 3857 700 3926 per
724 3838 796 3906 alio
818 3837 1075 3908 tractorarium
1098 3842 1182 3906 sunt
1205 3836 1288 3906 inde
1312 3853 1435 3923 passos
1458 3837 1705 3924 quadraginta
1728 3840 1817 3904 octo:
1843 3841 1879 3906 et
1902 3835 1948 3904 ab
1961 3833 2044 3904 inde
2060 3857 2149 3924 qua-

297 3991 382 4060 liter
406 3991 491 4060 salit
514 4011 578 4078 per
603 3991 679 4078 ipso
703 3990 880 4060 ballonem
905 3997 940 4058 et
962 3989 1151 4078 coniungit
1174 3991 1214 4057 in
1238 3991 1356 4079 priore
1380 3991 1462 4058 fine.
1481 3991 1595 4066 Quam
1611 3995 1646 4058 et
1662 3990 1877 4060 tradidimus
1893 3991 1927 4060 ei
1942 3991 2058 4058 omnis
2074 3991 2149 4061 alia

295 4144 498 4214 castanieta
522 4145 614 4231 quod
639 4144 759 4232 ibique
783 4145 823 4212 in
847 4146 922 4232 ipso
946 4145 1062 4212 locum
1085 4146 1276 4232 babemus,
1300 4163 1380 4213 cum
1405 4147 1483 4214 rice
1507 4145 1550 4213 de
1573 4143 1643 4210 biis
1667 4144 1754 4232 suis,
1777 4144 1844 4213 tali
1867 4146 2030 4230 hordine,
2054 4148 2094 4212 ut
2110 4165 2148 4214 a·

295 4299 398 4367 modo
422 4304 458 4366 et
481 4316 594 4385 usque
618 4297 801 4366 duodecim
826 4300 914 4366 anni
938 4297 1101 4386 completi
1126 4298 1173 4367 ad
1195 4297 1292 4366 illius
1317 4296 1372 4367 vel
1396 4299 1439 4366 de
1463 4297 1563 4366 illius
1586 4297 1736 4366 heredes
1759 4296 1807 4364 sit
1822 4299 2033 4385 potestatem
2063 4295 2146 4364 illut

294 4452 487 4521 tenendum
512 4456 548 4521 et
571 4451 838 4540 dominandum,
863 4457 899 4521 et
913 4453 1010 4520 lobee
1026 4455 1061 4520 et
1078 4453 1192 4520 omnis
1208 4471 1271 4522 sue
1287 4449 1485 4520 hutilitatis
1508 4450 1641 4518 ibidem
1658 4450 1776 4518 lacere
1791 4449 1887 4518 iusta
1902 4449 2094 4536 rationem,
2111 4453 2148 4518 et

295 4605 451 4674 reditum
475 4605 607 4674 ibidem
631 4605 835 4674 laciendum
860 4606 898 4671 in
921 4623 990 4691 quo
1013 4607 1046 4672 ei
1070 4605 1323 4692 comparuerit,
1347 4606 1383 4673 et
1406 4605 1539 4672 ibidem
1562 4601 1720 4671 residere
1735 4604 1771 4670 et
1787 4601 1942 4688 abitare,
1958 4605 1995 4670 et
2011 4605 2051 4670 in
2068 4603 2145 4690 ipso

295 4761 462 4829 vacibum
485 4779 548 4846 per
573 4759 761 4830 iamdictas
784 4776 971 4827 mensuras
993 4761 1184 4844 pastenare
1207 4758 1313 4826 vinea
1329 4757 1371 4825 de
1388 4761 1478 4825 bono
1501 4759 1631 4826 vitinio
1655 4777 1718 4826 seu
1740 4757 1868 4845 pomis,
1884 4761 1949 4826 aut
1971 4757 2002 4824 si
2026 4775 2144 4829 canne
2205 4769 2211 4774 '

295 4915 350 4981 uel
374 4913 478 4984 salici
503 4913 552 4983 ibi
578 4917 661 5000 apte
684 4914 846 5000 paruerit
869 4911 1138 4998 planctandum,
1162 4916 1198 4979 et
1220 4909 1301 4978 illut
1324 4909 1534 4979 annualiter
1552 4910 1730 4997 lavorare,
1755 4913 1791 4978 et
1812 4909 2000 4998 studiaret‚
2015 4915 2052 4980 et
2066 4930 2145 4980 sur-

295 5071 414 5152 geret,
441 5065 535 5132 sicut
557 5063 742 5151 meruerit,
768 5068 803 5132 et
826 5063 1013 5131 circuitum
1038 5061 1120 5130 illut
1142 5061 1314 5150 eluderet,
1339 5066 1376 5130 et
1400 5062 1439 5128 in
1464 5063 1544 5150 ipsa
1566 5063 1669 5150 pecie
1693 5062 1736 5132 de
1758 5067 1856 5132 terra
1873 5063 2145 5132 cumcastanie-

291 5222 367 5286 tum
394 5219 532 5288 faceret
555 5220 740 5288 insitetum
765 5219 807 5287 de
834 5217 961 5288 inserti
989 5223 1025 5287 et
1049 5217 1194 5286 robiolis
1226 5235 1288 5286 seu
1320 5215 1458 5286 zenzale
1482 5216 1532 5302 ²),
1563 5214 1656 5284 sicut
1681 5217 1881 5304 meruerit3
1915 5216 1959 5284 ad
1984 5215 2143 5302 conpleto

314 5511 512 5518 u-....-.-...-.
524 5513 533 5517 -
542 5513 629 5518 ..m-...0
638 5513 665 5519 ι..
671 5514 710 5520 ..(-

331 5719 353 5798 ’1
377 5721 621 5792 troctororium,
647 5740 664 5781 e
688 5739 767 5782 voce
792 5709 944 5792 trotlc'ro,
970 5717 1056 5780 valet
1079 5719 1194 5782 semita
1216 5718 1302 5799 apud
1324 5719 1469 5796 vulgum.

330 5866 352 5944 ²)
375 5865 609 5928 Castanearum
632 5885 751 5945 genus.

477 6015 545 6068 l'ou.
567 6030 602 6069 rr.
