5318 7102
621 442 667 511 ld
1317 444 1679 517 cartrutaaln

569 663 614 734 Ut
640 661 793 756 episcopi
820 661 958 733 abbates
984 686 1044 756 per
1070 662 1271 734 sinodochia
1288 665 1311 758 ¹)
1339 665 1374 736 in
1402 665 1610 738 monasteria
1636 689 1757 738 eorum
1784 665 1961 760 ospitales,
1987 663 2045 736 ubi
2063 665 2255 758 antiquitus
2272 665 2349 750 luit,
2367 665 2414 737 l-

616 817 722 900 ciant,
751 825 785 888 ct
811 841 1030 912 summopere
1058 825 1193 907 curent,
1222 827 1261 892 ut
1286 821 1500 893 nullatemus
1527 820 1824 915 pretermittantur
1848 821 1888 916 ²).

566 975 610 1050 Ut
634 973 725 1045 bassi
753 981 787 1044 et
812 973 954 1046 castaldi
981 976 1091 1048 nostri
1118 978 1154 1047 in
1180 978 1307 1050 nostris
1334 977 1539 1049 ministeriis
1565 976 1657 1048 sicut
1673 974 1773 1046 decet
1789 973 1970 1064 honorem,
1991 984 2025 1048 et
2041 974 2142 1071 plena
2160 973 2343 1062 iustitiam,
2365 985 2419 1048 aut

614 1131 644 1204 si
670 1153 812 1228 presens
838 1155 915 1202 esse
941 1154 1009 1204 non
1036 1139 1197 1227 possunt,
1226 1157 1308 1204 suos
1334 1133 1517 1205 advocatos
1543 1132 1711 1220 habeant,
1741 1133 1800 1227 qui
1826 1157 1947 1206 eorum
1974 1157 2029 1204 res
2055 1145 2134 1206 ante
2161 1131 2280 1204 comiti
2307 1132 2418 1204 delen-

613 1290 695 1360 dere
721 1292 866 1386 possint,
895 1301 930 1363 et
956 1293 1121 1385 quicquid
1148 1293 1180 1362 ei
1207 1292 1376 1386 queritur,
1405 1291 1574 1363 iustitiam
1600 1292 1739 1363 saciant.

565 1447 747 1536 Volumus,
776 1457 814 1521 ut
840 1451 994 1522 aduocati
1021 1450 1056 1522 in
1077 1450 1256 1546 ,presentia
1282 1451 1400 1522 comiti
1427 1448 1612 1542 eligantur,
1642 1471 1709 1518 non
1738 1447 1920 1518 habentem
1947 1445 2072 1518 malam
2098 1445 2239 1532 samam,
2269 1455 2324 1520 set
2346 1447 2420 1520 talis

613 1607 800 1700 eligantur,
829 1608 940 1700 qualis
966 1608 1021 1680 lex
1047 1607 1143 1680 iubet
1169 1607 1299 1702 eligere
1325 1605 1363 1702 ³).

565 1765 733 1838 Volumus
751 1766 854 1836 ctiam
873 1773 974 1859 atque
995 1764 1167 1850 iubemus,
1187 1765 1449 1848 Ammonemus,
1471 1771 1508 1834 ut
1527 1762 1671 1836 comites
1689 1771 1723 1833 ct
1741 1785 1862 1834 eorum
1882 1761 2015 1834 iudices
2033 1785 2102 1833 non
2121 1761 2300 1834 dimittant
2316 1771 2417 1834 testes

609 1923 787 2007 habentes,
817 1923 906 1994 mala
932 1921 1023 1992 lama
1048 1921 1287 1992 testimonium
1315 1918 1508 2014 prohibere,
1537 1930 1590 1992 set
1616 1920 1702 1993 tales
1728 1921 1913 2016 eligantur,
1935 1921 1992 2013 qui
2019 1920 2263 1992 testimonium
2288 1921 2412 1994 bonum

609 2079 755 2152 babeant
781 2079 872 2150 inter
897 2101 991 2165 suos,
1020 2099 1189 2172 pagenses
1216 2078 1364 2171 primum
1383 2079 1496 2172 ipsum
1515 2079 1649 2152 iudices
1667 2078 1899 2173 inquirantur.
1921 2079 1963 2150 Et
1980 2077 2070 2150 sicut
2088 2078 2129 2150 ab
2146 2102 2246 2172 yssos
2259 2068 2283 2174 ⁸)
2304 2078 2413 2153 iudice

608 2238 738 2310 rectius
764 2237 943 2330 inquirere
968 2236 1157 2331 potuerint,
1186 2237 1234 2308 ita
1260 2234 1401 2308 saciant.
1433 2237 1508 2308 Non
1536 2237 1696 2309 voluntas
1724 2237 1895 2310 malorum
1921 2238 2103 2310 hominum
2121 2236 2321 2308 adsensum
2346 2261 2417 2332 pre·

610 2405 745 2483 ventes,
774 2403 871 2468 utet
897 2393 962 2489 ipsi
989 2417 1119 2480 comes,
1148 2393 1203 2466 vel
1230 2418 1349 2466 eorum
1378 2393 1511 2466 iudices
1538 2417 1625 2487 quos
1652 2405 1822 2469 noverunt
1848 2421 1970 2468 causas
1996 2397 2038 2467 de
2065 2394 2248 2489 quainter
2275 2417 2333 2466 eos
2351 2396 2419 2490 agi·

610 2564 680 2639 tur,
709 2561 824 2647 aperta
850 2575 926 2622 esse
953 2553 1027 2623 sine
1054 2549 1291 2622 blandimento
1319 2552 1426 2646 ipsius
1445 2553 1503 2645 qui
1524 2575 1663 2624 causam
1690 2553 1829 2642 habent,
1858 2555 1987 2626 saciant
2008 2555 2049 2624 ad
2067 2554 2189 2625 eadem
2207 2576 2349 2626 oausam
2365 2575 2419 2624 re·

612 2710 701 2797 nire,
730 2717 907 2780 eteorum
934 2707 1196 2801 inquisitionem
1224 2707 1314 2779 siant
1340 2705 1493 2796 definita3
1523 2720 1557 2784 ct
1584 2712 1755 2800 iuvemus,
1785 2716 2080 2787 uttcstimonium
2107 2713 2320 2786 abinvicem
2345 2733 2418 2783 eue-

610 2877 787 2965 parentur,
816 2869 907 2942 sicut
933 2870 987 2940 lex
1012 2869 1119 2954 iubet,
1137 2869 1217 2964 quia
1234 2870 1263 2940 si
1282 2870 1328 2942 ita
1347 2879 1480 2966 agatur,
1511 2835 1611 2944 multi
1630 2870 1708 2942 salsi
1726 2880 1833 2944 testes
1851 2884 1996 2969 possunt
2022 2875 2198 2956 convinci,
2228 2871 2257 2944 si
2284 2895 2352 2946 non
2369 2869 2419 2940 ln·

608 3037 799 3123 terrogatcs
826 3027 955 3099 luerint
981 3038 1015 3100 et
1042 3028 1277 3102 condixiuncti
1303 3023 1341 3124 5).

562 3186 630 3260 Sed
657 3186 722 3258 hoc
749 3188 924 3273 volumus,
952 3195 989 3258 ut
1015 3187 1133 3258 comiti
1159 3189 1307 3282 pleniter
1333 3188 1466 3261 iustitia
1492 3187 1534 3256 de
1560 3186 1753 3258 latronibus
1779 3188 1909 3262 iaciant
1927 3182 1965 3286 ⁰),
1994 3213 2193 3284 percorum
2213 3187 2416 3276 ministeria,

612 3346 655 3418 Et
668 3355 706 3418 ut
720 3345 960 3416 malefactores
978 3367 1046 3415 non
1064 3343 1213 3438 patiatur
1226 3344 1324 3437 quias
1342 3346 1495 3418 residere
1510 3345 1571 3417 sed
1586 3369 1721 3440 semper
1735 3369 1807 3434 eos,
1824 3347 1859 3418 in
1874 3356 2040 3441 quantum
2054 3347 2185 3432 balent,
2202 3346 2371 3417 inferrent
2380 3347 2416 3438 1).

573 3504 617 3575 Ut
645 3513 723 3574 ante
749 3502 899 3596 vigarios
925 3503 1022 3574 nulla
1048 3499 1245 3573 criminaria
1272 3506 1407 3578 actione
1433 3504 1630 3592 deliniatur,
1660 3508 1734 3582 Nisi
1760 3516 1896 3581 tantum
1922 3508 2058 3580 labores
2083 3528 2205 3577 causas
2221 3497 2261 3598 8),
2289 3525 2356 3597 que
2372 3503 2419 3576 la-

561 4063 564 4070 Ι
611 3973 634 4052 1)
658 3997 672 4030 «
700 3973 778 4036 cod.
803 3974 913 4035 Esten.
932 3993 996 4054 per
1016 3973 1227 4038 senodochia.
1251 3975 1370 4054 Nempe
1392 3976 1470 4038 otim
1491 3979 1659 4042 certabant
1680 3997 1753 4042 eum
1774 3981 1940 4058 Episcopi,
1964 3985 2034 4040 tum
2046 3977 2210 4052 Monocbi,
2233 3980 2270 4036 ut
2291 3975 2422 4055 quisque

572 4139 587 4176 a
608 4136 806 4198 preceperunt,
831 4139 868 4181 oc
885 4121 1136 4200 percprtooracm
1157 4119 1328 4200 HospItute
1345 4139 1431 4199 pone
1453 4139 1515 4185 sua
1535 4122 1656 4201 tempta
1672 4121 1919 4186 ucMoncstertu
1933 4121 2098 4185 haberent.
2117 4141 2132 4178 a
2148 4117 2243 4200 (blut.
2268 4134 2341 4198 pag.
2363 4114 2417 4178 101

571 4269 650 4326 nota
672 4265 735 4343 83).

611 4408 634 4490 ι)
657 4409 742 4472 Mur.
767 4411 880 4474 LXIII.

610 4553 636 4636 ³)
660 4559 745 4619 nur.
770 4525 880 4620 mnu

613 4705 637 4783 ⁸)
660 4703 687 4764 Il
709 4703 793 4763 Mur.
817 4703 881 4762 ha:
906 4701 993 4765 sicut
1013 4701 1054 4765 ab
1076 4699 1146 4764 illis
1164 4697 1294 4778 iudices
1323 4698 1411 4764 recti
1432 4698 1601 4780 inquirere
1623 4699 1803 4780 potuerint.
1836 4699 1863 4760 Il
1895 4701 2026 4782 Copista
2055 4698 2108 4761 del
2132 4699 2248 4762 codice
2279 4699 2421 4762 Carense

573 4850 699 4912 scrisse
723 4848 764 4911 ab
788 4863 883 4928 yssos
905 4847 1023 4910 invece
1047 4845 1079 4906 di
1102 4847 1143 4910 ab
1165 4845 1265 4926 ipsos.

616 4995 640 5074 ὅ)
661 4993 746 5056 Mur.
770 4993 895 5055 LXVII.

613 5139 638 5222 ο)
660 5142 687 5202 Il
710 5141 794 5202 Mur.
820 5139 882 5199 ha:
915 5145 950 5200 et
980 5135 1009 5199 si
1036 5135 1098 5199 hcc
1126 5133 1295 5210 velumus,
1324 5141 1364 5198 ut
1385 5148 1495 5199 omncs
1523 5134 1563 5198 de
1592 5135 1776 5200 latronibus
1805 5135 1935 5216 plenam
1959 5136 2126 5217 justitiam
2155 5135 2302 5210 taciant3
2333 5130 2419 5196 uella

574 5291 658 5350 Nota
679 5287 730 5366 89)
751 5302 825 5366 pag.
850 5283 921 5346 102.
947 5282 1020 5344 dice
1043 5281 1137 5362 pert:
1163 5301 1178 5338 «
1202 5280 1321 5342 certitu
1342 5281 1380 5341 to
1403 5279 1481 5342 coc.
1505 5278 1615 5341 Estco.
1639 5277 1697 5342 sed
1719 5283 1754 5343 et
1774 5279 1835 5344 hoc
1857 5281 2019 5358 volumus,
2042 5287 2081 5345 ut
2101 5277 2236 5346 comites
2259 5277 2300 5342 de
2321 5277 2420 5345 latre·

576 5461 590 5494 u
614 5435 712 5499 nibus
735 5439 799 5495 etc.
826 5455 854 5493 n.

613 5579 637 5661 1)
658 5581 742 5641 Mur.
767 5577 907 5640 LXVIII.

616 5727 640 5810 ⁸)
662 5728 783 5790 Invece
808 5725 840 5786 di
857 5724 927 5790 ttici
950 5730 1077 5788 tantm
1098 5721 1231 5785 labores
1254 5733 1369 5782 causas
1390 5717 1413 5777 it
1436 5716 1520 5778 Mur.
1545 5716 1598 5777 ha:
1621 5714 1686 5780 nisi
1707 5721 1835 5781 tantum
1856 5717 2000 5783 leviores
2023 5734 2150 5784 causae.
