5334 7098
568 443 636 514 lu
687 549 692 554 ⁸
1207 413 1379 517 counit
1414 444 1673 516 clvuusis

514 687 578 756 per
604 667 680 754 ipsa
704 669 761 738 bia
785 687 1007 740 communem
1027 688 1137 756 usque
1153 669 1322 739 iamdicta
1336 669 1395 736 bia
1412 685 1569 754 suprana
1585 664 1724 754 antica,
1736 684 1804 752 que
1820 669 1873 733 est
1888 664 2007 751 priore
2027 665 2148 750 finem,
2165 662 2248 732 inde
2261 673 2345 753 passi

515 823 660 889 centum
684 819 927 908 quadraginta
950 821 1138 912 quadtuor,
1163 823 1406 888 mensuratum
1430 819 1475 887 ad
1499 837 1641 905 passum
1656 819 1866 887 deecclesia
1881 819 1997 885 sancti
2013 815 2147 884 mathei
2163 815 2207 882 de
2223 819 2350 890 ambie-

515 973 672 1059 piscopio
696 972 929 1042 salernitano:
954 992 1017 1058 per
1042 971 1108 1041 iste
1132 970 1216 1038 finis
1231 975 1266 1038 et
1282 971 1474 1039 mensuriis
1490 971 1572 1039 illut
1587 970 1731 1039 illorum
1747 971 1980 1056 tradideram,
2005 970 2104 1036 fobee
2119 973 2155 1037 et
2170 970 2282 1037 omnis
2297 991 2355 1042 sue

521 1125 767 1196 hutilitatibus
784 1127 835 1194 ibi
852 1126 1052 1196 laciendum
1077 1128 1172 1194 iusta
1188 1125 1340 1212 ratione,
1356 1128 1391 1191 et
1407 1142 1469 1192 sue
1484 1124 1667 1210 potestatis
1684 1123 1765 1192 illut
1778 1123 1984 1210 tenendum,
2000 1127 2036 1191 et
2050 1121 2080 1189 si
2098 1120 2286 1210 voluerint,
2308 1123 2356 1194 ibi

519 1281 762 1366 residendum,
786 1285 822 1348 et
845 1283 884 1364 in
907 1282 1096 1350 medietate
1120 1280 1162 1346 de
1179 1279 1257 1366 ipsa
1272 1282 1378 1346 rebus
1394 1297 1505 1364 usque
1521 1277 1641 1344 decem
1657 1277 1745 1344 anni
1763 1276 1915 1362 conpleti
1939 1275 2197 1363 pastenandum
2221 1275 2300 1347 illut
2320 1281 2358 1348 de

522 1437 613 1500 bono
630 1433 761 1501 ritineo
778 1439 813 1500 et
829 1433 1036 1500 cannietum
1054 1435 1090 1500 et
1107 1432 1294 1501 salicetum
1311 1451 1373 1500 seu
1389 1433 1514 1518 pomis,
1532 1435 1568 1499 et
1585 1433 1664 1517 ipsa
1687 1429 1762 1500 alia
1784 1429 1974 1498 medietate
1994 1481 2118 1498 .....
2135 1431 2359 1516 pastenarent

520 1591 556 1653 et
579 1587 768 1670 operarent
792 1585 977 1652 arbustum
1010 1589 1045 1652 et
1076 1585 1165 1652 vites
1195 1585 1237 1652 de
1268 1587 1358 1652 bono
1380 1584 1512 1654 vitineo
1536 1604 1599 1652 seu
1623 1585 1733 1670 pomis
1753 1634 1964 1652 ........
1989 1585 2096 1652 vinea
2118 1587 2154 1652 et
2177 1586 2360 1653 arbustum

518 1741 650 1807 iactum
675 1739 842 1808 abuerint
857 1741 932 1808 sive
948 1741 1159 1808 cannietum
1174 1744 1210 1809 et
1227 1740 1413 1808 salicetum
1430 1741 1483 1806 vel
1505 1791 1685 1808 .......
1702 1760 1785 1827 pars
1802 1741 1914 1827 ipsius
1929 1741 2086 1827 cappelle
2101 1745 2137 1808 et
2153 1739 2226 1808 illis
2241 1746 2278 1809 et
2293 1742 2366 1810 suis

519 1893 685 1960 eredibus
708 1895 866 1962 diuidere
891 1895 968 1981 ipsa
992 1899 1089 1964 terra
1113 1915 1194 1962 cum
1218 1896 1324 1964 vinea
1339 1913 1402 1982 per
1418 1893 1587 1981 medium,
1603 1901 1639 1963 et
1655 1895 1733 1982 ipsa
1749 1896 1822 1964 alia
1846 1901 1945 1963 terra
1968 1915 2048 1962 cum
2066 1898 2254 1963 arbustum
2279 1897 2369 1964 diui-

519 2051 644 2120 derent
670 2051 708 2118 in
733 2054 876 2121 tertiam
900 2073 998 2138 pars,
1025 2056 1061 2119 et
1084 2052 1126 2119 de
1150 2053 1228 2138 ipsa
1244 2052 1351 2118 binea
1367 2049 1572 2118 cannietum
1588 2048 1644 2116 vel
1660 2048 1845 2118 salicetum
1867 2067 1930 2118 seu
1946 2049 2070 2156 pomis.
2080 2049 2369 2136 conprehendere

521 2224 605 2290 pars
629 2205 740 2290 ipsius
763 2203 908 2270 ecclesie
933 2202 1159 2270 medietatem
1176 2207 1211 2270 et
1228 2201 1301 2270 illis
1318 2201 1474 2270 traderet
1498 2201 1577 2288 ipsa
1601 2201 1675 2270 alia
1698 2200 1907 2288 medietate,
1932 2207 1968 2270 et
1991 2203 2034 2270 de
2060 2204 2137 2290 ipsa
2161 2208 2262 2273 terra
2288 2223 2370 2271 cum

522 2359 707 2425 arbustum
731 2356 1017 2442 conprehendere
1040 2374 1124 2442 pars
1149 2355 1263 2440 ipsius
1285 2355 1430 2424 ecclesie
1454 2357 1522 2424 due
1546 2357 1671 2442 sortis,
1700 2361 1736 2424 et
1759 2356 1901 2423 illorum
1932 2357 2016 2424 inde
2048 2358 2205 2426 traderet
2238 2358 2374 2426 inclita

519 2509 665 2578 tertiam
690 2527 774 2594 pars
797 2529 877 2574 cum
901 2509 977 2575 vice
1001 2509 1043 2575 de
1067 2507 1137 2575 biis
1160 2508 1246 2594 suis,
1272 2509 1367 2575 etin
1391 2509 1486 2576 omni
1503 2511 1653 2577 hordine
1670 2515 1705 2578 et
1721 2515 1894 2597 tenorem,
1910 2514 2001 2580 sicut
2026 2513 2099 2598 ipso
2123 2514 2271 2581 brebem
2289 2529 2378 2580 con·

526 2664 631 2748 tinet,
656 2663 828 2748 scriptum
851 2681 914 2748 por
938 2660 1105 2729 alderisio
1130 2662 1284 2746 notario,
1309 2667 1345 2729 et
1362 2662 1491 2730 ibidem
1509 2665 1679 2750 scriptum
1698 2665 1813 2751 ipsum
1838 2669 1960 2752 petrus
1983 2669 2095 2735 abbas
2118 2671 2154 2736 et
2177 2667 2301 2754 ipsum
2327 2674 2384 2738 to-

519 2821 611 2900 tum3
630 2819 666 2882 et
681 2834 747 2901 ego
771 2815 950 2901 prodictus
974 2834 1117 2882 amorus
1141 2816 1315 2900 presbiter
1332 2819 1367 2882 et
1383 2815 1477 2898 aliis3
1501 2821 1536 2884 et
1559 2817 1642 2884 dum
1666 2817 1741 2904 ipso
1765 2820 1907 2886 brebem
1931 2820 2000 2886 luit
2025 2819 2209 2907 relectum,
2234 2826 2274 2890 et
2301 2840 2386 2890 ma·

523 2987 599 3056 gna
616 2987 700 3055 pars
723 2969 765 3035 dc
789 2971 894 3035 robus
918 2970 995 3056 ipsa
1018 2988 1082 3055 pro
1099 2969 1288 3036 inundatio
1304 2988 1477 3054 aquarum
1494 2989 1562 3056 que
1579 2971 1627 3038 ibi
1644 2973 1950 3058 superabundavit
1965 2973 2033 3041 fuit
2048 2979 2083 3042 et
2099 2975 2329 3063 dragonavit
2341 2977 2383 3060 ¹),

524 3140 594 3208 que
619 3121 827 3189 nullatenus
851 3122 916 3209 ipsi
943 3126 1044 3209 pater
1068 3128 1103 3190 et
1127 3121 1213 3188 filiis
1237 3141 1274 3190 se
1297 3140 1396 3211 posse
1427 3124 1605 3211 conplire,
1636 3131 1821 3214 asserunt,
1846 3132 1886 3196 ut
1909 3130 2133 3198 medietatem
2157 3133 2270 3199 rebus
2300 3129 2388 3216 ipsa

522 3273 618 3342 infra
643 3253 907 3360 predicte'flnis
930 3279 966 3341 et
990 3273 1179 3342 mensuriis
1203 3276 1391 3360 assignare
1423 3276 1460 3342 in
1491 3295 1574 3362 pars
1605 3276 1717 3364 ipsius
1749 3281 1899 3350 ecelesia
1930 3284 2140 3369 arbustum,
2176 3283 2279 3352 sicut
2319 3300 2394 3370 per

522 3423 596 3510 ipso
619 3427 760 3492 brebem
786 3426 935 3513 obligati
961 3429 1067 3510 sunt3
1092 3429 1263 3512 ceperunt
1286 3427 1358 3494 illis
1382 3445 1567 3514 opsecrare
1592 3430 1707 3518 ipsum
1731 3435 1897 3502 abbatem
1902 3484 2142 3502 .........
2168 3433 2394 3523 predictum

523 3579 785 3666 advocatorem,
810 3584 851 3647 ut
873 3579 1152 3648 misericordiam
1177 3581 1375 3648 faceremus
1397 3599 1532 3669 eorum,
1548 3589 1726 3669 quatenus
1742 3585 1782 3652 in
1798 3585 1866 3654 due
1889 3587 1995 3655 sortis
2012 3587 2055 3656 de
2073 3589 2150 3674 ipsa
2173 3592 2290 3657 rebus
2309 3590 2396 3660 lar·

523 3733 675 3818 gitatem
698 3733 873 3799 haberent
904 3734 1022 3800 lacere
1044 3733 1151 3801 tinea
1174 3752 1234 3800 sou
1258 3735 1370 3819 pomis
1402 3741 1510 3821 atque
1533 3738 1681 3824 salices,
1705 3745 1741 3808 et
1765 3743 1803 3810 in
1834 3741 1912 3827 ipsa
1935 3741 2079 3809 tertiam
2108 3761 2192 3829 pars
2217 3743 2267 3811 de
2298 3743 2396 3829 ipsa

523 3887 630 3952 rebus
653 3889 1090 3971 pastenarentarbustum
1114 3906 1176 3955 seu
1200 3890 1311 3972 pomis
1335 3888 1390 3956 vel
1415 3891 1634 3977 caumatum,
1651 3895 1782 3959 etcum
1798 3893 1995 3962 diutissime
2019 3894 2109 3964 talia
2131 3901 2401 3982 opsecrantes

525 4039 664 4108 viscera
687 4039 833 4126 pietatis
855 4041 1005 4126 permoti
1029 4058 1165 4125 sumus,
1182 4047 1217 4110 et
1233 4041 1442 4110 solutionem
1466 4041 1540 4128 ipse
1565 4044 1675 4112 abbas
1699 4061 1771 4111 una
1795 4045 1979 4113 nobiscum
2002 4051 2038 4115 et
2061 4067 2142 4117 cum
2166 4049 2243 4135 ipso
2264 4049 2403 4120 advo-

527 4195 683 4260 catorem
706 4211 829 4260 eorum
853 4192 1012 4260 dedimus
1035 4194 1123 4262 talia
1148 4193 1363 4282 laciendum,
1389 4199 1430 4262 ut
1454 4197 1492 4263 in
1518 4197 1594 4284 ipse
1616 4195 1684 4268 due
1701 4198 1806 4268 sortis
1821 4201 1864 4268 de
1881 4199 1959 4288 ipsa
1975 4204 2081 4270 rebus
2098 4204 2194 4273 infra
2209 4205 2408 4291 predicte

526 4345 609 4412 linis
633 4352 668 4414 et
694 4346 885 4413 mensuriis
909 4350 1141 4434 pastenarent
1164 4352 1199 4415 et
1221 4349 1417 4435 hoperarnt
1439 4349 1544 4418 vinea
1559 4351 1601 4417 de
1624 4351 1713 4416 bono
1729 4353 1858 4420 vitinio
1879 4370 1943 4434 seu
1966 4355 2153 4424 salicetum
2177 4363 2213 4426 et
2235 4359 2406 4445 pomiS,

527 4503 562 4566 et
587 4500 625 4566 in
650 4499 728 4587 ipsa
750 4500 895 4568 tertiam
920 4517 1003 4585 pars
1025 4499 1067 4566 de
1091 4497 1169 4586 ipsa
1194 4502 1299 4567 rebus
1322 4505 1553 4586 pastenareni
1569 4504 1753 4570 arbustum
1776 4522 1857 4571 cum
1881 4505 1972 4574 vites
1987 4509 2030 4576 de
2047 4512 2137 4577 bono
2153 4511 2307 4581 vitineo
2327 4531 2408 4580 seu

528 4653 734 4722 cannietum
758 4656 794 4720 et
808 4653 920 4738 pomis
937 4672 999 4720 seu
1017 4653 1155 4738 insites,
1171 4651 1303 4737 ubique
1320 4653 1358 4720 in
1374 4653 1494 4721 eadem
1511 4654 1617 4718 rebus
1632 4656 1812 4738 potuerint
1827 4657 1957 4744 lacere,
1972 4662 2009 4726 et
2024 4665 2138 4729 totum
2153 4682 2211 4732 eos
2228 4668 2416 4738 euitare

530 4807 567 4873 et
584 4806 774 4890 hoperaret
797 4802 1001 4870 annualiter
1025 4803 1149 4870 amodo
1171 4807 1207 4870 et
1230 4820 1341 4887 usque
1364 4820 1427 4870 sex
1442 4803 1530 4869 anni
1546 4804 1699 4890 conpleti
1715 4805 1757 4874 de
1772 4825 1879 4893 super
1894 4813 1928 4877 et
1944 4809 1987 4877 de
2002 4815 2137 4901 supter,
2155 4816 2252 4885 sicut
2279 4819 2413 4890 locus

532 4957 608 5042 ipse
634 4953 819 5037 meruerit,
844 4959 883 5022 ut
906 4956 1037 5021 bonum
1060 4954 1194 5039 paread
1218 4952 1417 5021 laboratum
1432 4958 1467 5022 et
1483 4955 1671 5042 cultatum;
1694 4961 1730 5025 et
1751 4977 1857 5046 aquo
1871 4966 2021 5047 parutus
2037 4965 2157 5054 fuerit,
2174 4971 2215 5034 ut
2231 4967 2290 5038 de
2312 4971 2421 5059 ipsa

531 5107 638 5176 vinea
662 5109 783 5176 vinum
808 5107 941 5192 exead,
967 5107 1101 5176 saciant
1125 5125 1189 5174 nos
1212 5105 1267 5174 vel
1290 5127 1375 5194 pars
1395 5105 1509 5194 ¹ipsius
1533 5109 1690 5195 cappelle
1714 5112 1806 5180 scire
1823 5132 1886 5200 per
1909 5132 2046 5184 annum
2061 5118 2104 5187 de
2121 5119 2348 5214 vindemie,
2374 5131 2432 5198 ut

532 5262 584 5329 ibi
608 5279 743 5346 eamus,
767 5263 830 5329 aut
853 5259 1053 5347 dirigamus
1076 5259 1219 5327 missum
1247 5264 1420 5346 nostrum,
1437 5265 1471 5328 et
1487 5261 1559 5330 illis
1578 5262 1682 5333 vinea
1705 5262 1783 5352 ipsa
1806 5267 2026 5339 vindemiare
2049 5276 2085 5340 et
2108 5291 2212 5360 poma
2235 5279 2429 5351 exinde

536 5514 612 5524 -...,
619 5515 986 5526 .-..--·-.--..-------

576 5691 601 5763 ¹)
623 5690 707 5763 Quid
730 5710 791 5770 per
814 5689 1035 5769 dracunculi?
1057 5689 1144 5749 Haec
1170 5707 1227 5750 vox
1251 5691 1346 5752 deest
1369 5691 1402 5751 iu
1426 5693 1473 5751 llu
1498 5693 1618 5770 Ganga
1646 5696 1783 5759 sortasse
1807 5696 1907 5760 valet:
1932 5699 2014 5777 fines
2035 5703 2192 5783 disrupit.

2528 808 2537 977 ἱ
