5310 7080
1253 549 1424 619 culilll
1459 551 1726 624 clivensis

1348 986 1610 1068 DCXVII.

1342 1247 1396 1324 A.
1426 1245 1476 1324 D.
1505 1242 1634 1326 1009.

603 1483 639 1624 †
665 1538 705 1605 ln
729 1535 872 1604 nomine
896 1537 1029 1605 domini
1056 1554 1151 1608 anno
1177 1536 1344 1606 vicesimo
1371 1537 1485 1624 primo
1509 1538 1732 1625 principatus
1763 1536 1883 1606 domni
1912 1539 2024 1606 nostri
2055 1537 2234 1608 waimarii
2260 1539 2393 1626 gloriosi

558 1688 749 1777 principis,
773 1709 893 1758 mense
917 1691 1082 1774 martius,
1109 1689 1260 1776 septima
1284 1689 1492 1758 indictione.
1518 1690 1666 1776 ideoque
1688 1709 1754 1776 ego
1777 1690 1966 1760 serrandus
1990 1690 2086 1759 filius
2110 1691 2312 1778 maiprandi
2329 1712 2398 1760 mea

563 1842 748 1913 uoluntate
772 1863 835 1930 per
857 1847 952 1912 hanc
976 1846 1153 1914 cartulam
1174 1847 1258 1914 ante
1274 1841 1465 1929 subscripti
1483 1847 1590 1912 testes
1608 1844 1835 1914 benumdedit
1849 1845 1917 1914 tibi
1934 1845 2059 1913 baroni
2077 1844 2150 1913 filio
2166 1845 2340 1931 quondam
2357 1847 2402 1914 io-

559 1997 673 2064 hanni
698 2015 770 2065 una
794 1996 896 2082 pecia
919 1996 962 2064 de
985 2001 1084 2064 terra
1107 2015 1188 2064 cum
1210 1997 1448 2066 castanietum
1471 2001 1506 2064 et
1528 1979 1747 2082 quertietum
1770 2001 1807 2065 et
1829 1999 1983 2067 bacuum
2012 2013 2083 2064 uno
2110 1997 2288 2083 leniente,
2311 1999 2394 2083 quod

558 2149 646 2216 abeo
670 2149 709 2216 in
733 2151 853 2216 actum
876 2147 1062 2216 calbanico
1085 2146 1147 2216 ubi
1171 2165 1256 2235 posa
1279 2151 1441 2236 bocatur,
1466 2152 1604 2218 rotense
1629 2149 1782 2236 finibus3
1808 2154 1862 2217 est
1885 2149 1988 2235 quasi
2013 2147 2213 2233 permedio
2237 2148 2313 2215 loco
2328 2146 2397 2212 lon-

556 2301 681 2387 gitudo
704 2302 799 2387 passi
824 2301 1012 2368 duocentos
1035 2303 1123 2388 duo;
1147 2302 1332 2388 decapite
1356 2301 1586 2370 coniunctum
1610 2305 1664 2369 est
1687 2303 1732 2370 ad
1757 2320 1868 2370 unum
1892 2299 2046 2370 termine
2070 2301 2114 2370 ad
2138 2299 2295 2367 sortione
2318 2317 2398 2386 pan-

556 2455 639 2522 doni
663 2454 736 2520 filio
760 2473 894 2540 meum3
919 2473 941 2522 a
964 2453 1252 2540 septentrionalis
1276 2453 1345 2521 fine
1368 2454 1482 2522 medic
1507 2453 1666 2539 ballone3
1691 2475 1713 2522 a
1738 2454 1887 2522 meridie
1903 2454 1974 2522 fine
1990 2454 2034 2520 de
2056 2458 2235 2520 consortes
2252 2456 2398 2536 nostros,

558 2604 652 2672 sicut
675 2605 909 2673 terminatum
932 2611 968 2672 et
991 2605 1215 2692 coniungunt
1229 2619 1232 2636 ·
1246 2606 1285 2672 in
1316 2604 1403 2690 pede
1431 2605 1534 2672 ambo
1557 2603 1624 2689 ipsi
1648 2601 1794 2672 balloni.
1823 2603 1969 2670 insimul
1993 2609 2029 2671 et
2054 2603 2284 2671 benumdedit
2298 2601 2395 2670 tibia

557 2775 667 2843 supra
690 2757 768 2844 ipsa
790 2763 883 2826 sorte
907 2759 1061 2843 pandoni
1086 2758 1160 2826 illio
1184 2776 1314 2845 meum,
1339 2759 1400 2844 qui
1425 2761 1479 2824 est
1502 2756 1548 2827 da
1571 2756 1687 2845 ipsum
1710 2758 1862 2826 termine
1879 2756 1917 2823 in
1934 2776 2044 2845 supra
2060 2775 2170 2844 usque
2186 2757 2232 2826 ad
2254 2755 2319 2825 alii
2334 2761 2400 2825 ter—

559 2912 640 2982 miti
666 2930 787 3000 passos
811 2913 1097 3001 quinquaginta3
1121 2917 1166 2983 da
1190 2917 1268 3001 ipsa
1292 2915 1476 2982 mensuria
1500 2913 1538 2978 in
1562 2931 1671 2998 supra
1693 2914 1728 2979 et
1751 2911 1797 2980 da
1820 2911 1889 2997 ipsi
1918 2911 2050 2980 balluni
2074 2912 2117 2980 de
2140 2913 2317 2996 quantum
2341 2925 2400 2976 ιιιι-

558 3067 755 3152 decumque
777 3069 842 3134 aut
865 3067 1186 3154 quomodocumque
1210 3086 1273 3154 per
1296 3065 1553 3152 qualecumque
1577 3065 1716 3132 ratione
1741 3061 1872 3130 ibidem
1895 3063 2124 3130 coniunctum
2150 3062 2266 3145 abuit,
2291 3068 2402 3148 sceptu

557 3221 688 3303 quarta
712 3223 815 3306 parte
838 3219 993 3286 sortione
1016 3219 1108 3304 quod
1131 3219 1205 3306 ipse
1229 3219 1345 3306 pando
1370 3218 1420 3286 ibi
1445 3216 1566 3302 abuit3
1599 3234 1684 3284 nam
1715 3217 1777 3284 illo
1799 3213 1892 3282 aliut
1914 3217 2028 3281 toturn
2058 3222 2094 3281 et
2126 3215 2296 3283 inolitum
2326 3233 2399 3281 cum

561 3372 639 3457 ipsa
662 3372 764 3458 pecie
787 3379 942 3460 supteno
966 3392 1027 3459 per
1050 3374 1291 3460 suprascripte
1315 3373 1398 3439 finis
1421 3377 1457 3440 et
1480 3370 1671 3438 mensariis
1695 3371 1857 3438 inclitum
1882 3370 1984 3438 illum
2008 3389 2090 3436 cum
2114 3371 2235 3439 omnia
2252 3371 2347 3440 infra
2370 3387 2404 3436 se

558 3525 718 3612 abantea,
744 3526 978 3611 omnibusque
1002 3527 1078 3592 suis
1102 3524 1345 3612 pertinentia,
1370 3530 1407 3592 et
1429 3543 1509 3591 cum
1526 3523 1602 3590 bice
1619 3523 1661 3590 de
1679 3522 1738 3590 bia
1754 3541 1833 3609 sua,
1858 3524 1970 3590 totum
1987 3523 2161 3608 funditus,
2178 3526 2217 3589 ut
2238 3522 2406 3604 diximus,

558 3693 624 3763 ego
648 3677 853 3747 nominatus
875 3677 942 3745 seri
969 3678 1033 3744 tibi
1059 3677 1294 3763 suprascripti
1318 3676 1444 3744 baroni
1468 3675 1708 3762 benumdedit‚
1734 3677 1778 3744 ad
1802 3677 1973 3743 securiter
1996 3681 2032 3744 et
2047 3693 2186 3760 semper
2202 3679 2238 3743 et
2255 3674 2405 3743 firmiter¹

556 3833 598 3896 tu
622 3827 748 3916 tuique
774 3828 939 3896 eredibus
964 3829 1126 3896 inclitum
1150 3827 1239 3894 illud
1262 3827 1452 3914 abendam,
1477 3826 1734 3913 poxidendum,
1759 3826 2035 3914 dominandum,
2059 3826 2179 3894 omnia
2203 3827 2335 3896 exinde
2359 3829 2407 3897 fa·

555 3979 722 4048 ciendum
746 3980 840 4067 quod
863 3980 1061 4065 bolueritiS,
1086 3980 1228 4066 absque*
1242 3977 1495 4065 cuiuscumque
1520 3979 1776 4048 contrarietate
1799 3978 1854 4046 vel
1879 3979 2124 4066 requisitione.
2144 3985 2180 4048 et
2197 3997 2263 4066 pro
2282 3981 2406 4047 conflr-

555 4133 725 4203 mandam
749 4137 785 4200 et
809 4129 1098 4199 stabiliscendam
1121 4132 1214 4200 hanc
1238 4149 1317 4198 mea
1341 4130 1559 4200 bindictione
1582 4132 1700 4219 recepi
1722 4152 1745 4202 a
1769 4135 1805 4200 te
1828 4135 1911 4202 auri
1936 4133 2007 4202 tari
2032 4133 2114 4200 boni
2139 4132 2262 4201 decem
2286 4136 2323 4200 et
2345 4149 2406 4199 no-

554 4285 634 4353 bem
660 4285 699 4352 in
724 4283 841 4350 omnis
865 4282 1132 4368 deliberatione,
1157 4283 1250 4349 sicut
1267 4281 1362 4350 inter
1378 4300 1440 4348 nos
1455 4285 1653 4370 combenit3
1679 4303 1722 4352 ea
1738 4303 1821 4352 vero
1836 4284 1977 4353 ratione
1993 4303 2055 4370 per
2072 4288 2165 4352 bona
2180 4250 2406 4353 combenien-

551 4437 607 4508 tia
631 4435 750 4508 wadia
773 4454 839 4523 ego
863 4435 1127 4522 suprascriptus
1149 4434 1216 4501 feri
1240 4433 1307 4501 tibi
1331 4433 1497 4503 iamdicto
1515 4438 1646 4504 baruni
1661 4436 1771 4524 dedit,
1797 4441 1832 4505 et
1856 4437 2086 4536 mediatorem
2110 4437 2178 4504 tibi
2201 4439 2321 4523 posuit
2336 4457 2405 4504 mc-

554 4590 692 4684 ipsum,
716 4594 752 4658 et
775 4610 838 4677 per
870 4590 993 4658 eadem
1023 4589 1144 4658 wadia
1173 4593 1237 4658 etc.
1264 4590 1412 4657 Sintula
1434 4591 1548 4654 iruulta
1579 4591 1736 4675 triplicia
1759 4589 1952 4670 solidorum
1983 4592 2070 4657 auri
2098 4595 2405 4659 constantiniano-

554 4763 650 4811 rnm.
676 4750 712 4812 et
735 4743 858 4813 taliter
882 4743 1038 4812 scribere
1063 4745 1269 4830 rogabimus
1292 4748 1327 4811 te
1353 4741 1538 4809 mirandus
1563 4744 1738 4828 notarim,
1762 4746 1881 4812 actum
1905 4747 1996 4810 rota.

598 4871 629 4986 †
653 4917 720 4986 ego
742 4899 880 4967 cicerus

595 5023 626 5139 †
652 5069 717 5138 ego
742 5051 956 5120 romoaldus.
