5376 7104
961 598 1367 676 [llPLOMATlGUS
1972 603 2063 681 255:

237 879 302 932 sue
317 864 527 950 potestatem
541 863 648 932 abere
663 860 742 948 ipsa
753 865 852 931 terra
868 879 949 929 cum
965 861 1085 947 biuea‚
1101 861 1199 930 sobee
1214 865 1250 929 et
1263 879 1384 931 omnes
1400 879 1462 930 sue
1479 860 1632 932 utilitati
1649 862 1756 932 iuxta
1768 861 1945 930 rationem
1959 860 2093 930 ibidem

237 1014 370 1102 lacere,
383 1020 420 1084 et
434 1014 569 1083 omines
584 1015 630 1083 ad
647 1013 883 1084 laborandum
899 1013 1031 1082 ibidem
1048 1013 1203 1100 mittere,
1217 1017 1253 1082 et
1269 1032 1332 1118 per
1349 1018 1506 1101 tempium
1521 1014 1674 1102 ‚quando
1686 1016 1871 1100 meruerit,
1885 1013 2094 1086 annualiter

239 1171 317 1237 tota
333 1169 413 1254 ipsa
428 1168 536 1237 binea
551 1167 715 1238 laborare
727 1168 833 1256 bona,
846 1167 946 1236 sicud
959 1167 1055 1236 locus
1068 1171 1142 1253 ipse
1154 1168 1339 1252 meruerit,
1353 1173 1530 1256 quatenus
1541 1167 1730 1256 proficiant
1741 1169 1776 1235 et
1789 1185 1861 1235 non
1873 1168 2092 1256 dispereant;

237 1325 275 1390 ct
297 1325 472 1409 quantum
488 1319 646 1389 frudium
669 1321 799 1391 exinde
823 1322 947 1390 fecerit
959 1325 995 1390 et
1011 1321 1159 1410 exierit,
1184 1325 1298 1391 totum
1312 1341 1375 1391 sue
1388 1322 1463 1390 sint
1478 1321 1665 1408 potestatis
1682 1320 1808 1390 amodo
1824 1323 1861 1387 et
1876 1320 2001 1388 diebus
2018 1321 2093 1392 bite

240 1495 304 1544 sue
311 1525 321 1561 ,
340 1474 544 1545 faciendum
569 1473 700 1544 exinde
723 1475 801 1562 ipsa
825 1494 936 1563 grusa
951 1475 994 1544 de
1009 1476 1086 1564 ipso
1102 1475 1259 1546 frudium
1274 1477 1395 1546 omnia
1411 1476 1504 1564 quod
1519 1473 1694 1562 boluerit‚²
1710 1474 1787 1542 sine
1802 1473 2094 1546 contrarietatem

239 1631 294 1700 vel
319 1628 589 1717 requisitionem
611 1632 769 1698 nostram
791 1628 846 1696 vel
871 1629 914 1697 de
938 1630 1070 1698 nostris
1093 1631 1273 1700 credibus:
1300 1635 1441 1700 tantum
1465 1633 1675 1718 potestatem
1698 1633 1734 1698 et
1751 1628 1935 1698 licentiam
1958 1631 2093 1699 abeant

239 1784 319 1872 ipsa
341 1803 454 1872 grusa
477 1787 513 1852 et
537 1783 651 1853 serbis
674 1783 762 1869 suiS,
788 1785 929 1870 quando
953 1783 1156 1870 perrexerit
1182 1783 1301 1871 ibique
1326 1785 1420 1853 foras
1445 1784 1484 1851 in
1508 1785 1587 1871 ipsa
1611 1784 1732 1870 rebus,
1758 1783 1796 1850 in
1825 1802 1899 1852 una
1930 1781 1974 1849 de
2008 1782 2086 1869 ipse

238 1937 335 2008 casis
358 1936 501 2007 abitare
525 1940 561 2005 et
583 1935 739 2005 residere
762 1935 887 2004 amodo
910 1940 946 2004 et
970 1937 1096 2006 diebus
1121 1938 1292 2026 bilorna,
1317 1943 1353 2008 et
1375 1955 1522 2006 causam
1545 1953 1648 2004 suam
1677 1933 1824 2004 mobilia
1855 1934 1905 2002 ibi
1942 1953 2092 2022 ponere:

239 2095 378 2178 tamen,
403 2089 450 2157 ud
473 2091 627 2176 parutus
649 2088 710 2174 sit,
734 2090 770 2157 et
793 2089 981 2158 fecerimus
1004 2109 1069 2158 nos
1092 2081 1147 2160 rel
1170 2096 1307 2160 nostros
1332 2091 1453 2160 eredes
1477 2091 1516 2158 in
1540 2087 1619 2176 ipsa
1642 2091 1762 2176 rebus,
1777 2088 2095 2174 ubiboluerimus‚

238 2261 339 2330 casa,
362 2247 455 2311 tunc
472 2245 685 2329 potestatem
708 2244 841 2313 abeant
865 2245 943 2332 ipsa
966 2264 1077 2333 grusa
1100 2243 1251 2312 introire
1274 2246 1310 2312 et
1332 2243 1471 2313 abitare
1494 2261 1576 2309 curn
1593 2242 1797 2309 hominibus
1812 2241 1902 2328 suia,
1919 2200 2016 2328 quod
2036 2259 2091 2308 se-

239 2413 324 2462 cum
348 2393 517 2482 portabit,
536 2393 575 2460 in
592 2393 670 2481 ipsa
686 2413 770 2464 casa
793 2394 939 2483 franite,
963 2397 1056 2482 quod
1071 2414 1134 2464 nos
1150 2395 1348 2484 fecerimus
1366 2396 1517 2465 introire
1533 2415 1614 2463 cum
1630 2414 1739 2465 causa
1755 2395 1901 2464 mobilia
1916 2399 1952 2462 et
1968 2395 2095 2482 exire,

240 2547 400 2634 qualiter
424 2549 592 2636 boluerit;
616 2554 653 2618 et
666 2569 728 2636 per
745 2555 915 2637 tempum,
940 2550 982 2618 de
1006 2549 1184 2618 bindemie
1208 2552 1420 2636 potestatem
1444 2549 1602 2617 habeant
1624 2549 1703 2635 ipsa
1727 2559 1839 2636 gr'usa
1864 2527 2092 2618 bindemiare

242 2699 376 2769 ibidem
399 2702 438 2770 in
462 2701 684 2788 palmentum
708 2707 882 2790 nostrum,
907 2721 1017 2789 usque
1041 2703 1126 2770 dum
1151 2720 1214 2770 nos
1236 2703 1427 2771 fecerimus
1450 2721 1513 2770 nos
1530 2705 1568 2770 in
1595 2702 1673 2789 ipsa
1696 2701 1911 2772 tradictione
1934 2703 2095 2789 palmen-

243 2857 320 2921 tum
344 2853 515 2924 trabitum
541 2854 770 2924 coniunctum
794 2817 873 2923 cum
897 2873 981 2923 casa
1004 2855 1153 2940 trabita,
1177 2854 1269 2941 quod
1293 2872 1357 2921 nos
1379 2853 1542 2922 stetimus
1566 2855 1759 2940 trabicare,
1784 2854 1831 2922 ad
1855 2856 2035 2923 abendum
2058 2861 2095 2925 et

190 2993 193 2998 ’
241 3009 445 3078 faciendum
470 3009 549 3096 ipsa
572 3027 684 3096 grusa
707 3014 742 3078 et
766 3009 959 3078 tenendum
984 3009 1109 3078 diebus
1133 3009 1206 3077 bite
1229 3027 1306 3095 sue;
1331 3009 1537 3078 cannietum
1571 3027 1656 3075 rere
1685 3010 1748 3094 qui
1782 3008 1821 3076 in
1851 3010 2094 3098 suprascripta

243 3161 494 3231 tradictionem
517 3166 583 3249 est,
601 3181 665 3250 per
682 3167 851 3249 tempum,
875 3162 1017 3247 quando
1041 3161 1226 3247 meruerit,
1250 3161 1427 3230 faciamus
1450 3179 1514 3229 nos
1537 3161 1592 3229 vel
1607 3165 1746 3229 nostros
1763 3163 1885 3230 eredes
1902 3163 1993 3230 scire
2011 3165 2090 3250 ipsa

240 3332 369 3401 grum,
394 3317 434 3382 ut
456 3311 599 3401 dirigad
623 3313 674 3380 ibi
700 3311 822 3379 missos
845 3330 947 3398 sum,
970 3317 1006 3379 et
1029 3311 1263 3380 communiter
1288 3312 1515 3380 abscidamus
1545 3317 1657 3380 totum
1687 3313 1762 3400 ipso
1792 3314 2026 3402 cannietum,
2058 3320 2095 3385 et

240 3466 449 3536 dibidamus
472 3467 548 3553 ipse
571 3483 687 3535 caune
710 3484 773 3551 per
795 3465 1034 3534 medietatem.
1061 3466 1129 3551 lta,
1146 3465 1210 3552 sic,
1229 3465 1276 3532 ud
1292 3465 1361 3534 iarn
1378 3466 1661 3576 supradiximus
1685 3469 1816 3538 abeant
1840 3473 1876 3538 et
1899 3469 2092 3538 deteneaut

246 3621 326 3708 ipsa
348 3639 461 3708 grusa
485 3622 526 3689 in
550 3619 612 3687 illo
634 3619 785 3687 hordine
808 3622 844 3686 et
868 3619 1006 3686 ratione
1029 3617 1151 3685 diebus
1175 3619 1248 3688 rite
1271 3638 1346 3708 sue,
1371 3619 1472 3688 sicud
1495 3640 1606 3707 supra
1628 3621 1776 3709 legitur3
1802 3624 1847 3693 ad
1863 3623 1921 3692 die
1937 3619 2021 3690 ber'o
2036 3627 2098 3691 ho·

248 3773 317 3842 biti
342 3775 399 3842 sui
422 3773 551 3843 inclita
573 3773 781 3860 supradicta
804 3769 1015 3841 tradictione
1038 3791 1101 3858 per
1126 3772 1295 3842 iamdicto
1318 3773 1401 3843 linis
1424 3779 1460 3874 et
1483 3793 1669 3846 mensuras
1691 3779 1852 3848 rebertar
1869 3778 1914 3846 ad
1939 3782 2097 3848 nostram

248 3932 287 3997 et
310 3929 353 3998 de
377 3928 509 3997 nostris
532 3926 695 3995 credibus
717 3930 941 4015 potestatem,
965 3927 1167 3996 laciendum
1191 3929 1321 3996 exinde
1346 3929 1467 3999 omnia
1489 3929 1583 4016 quod
1604 3930 1833 4000 voluerimus.
1866 3932 1963 4001 Unde
1987 3933 2026 4000 in
2056 3952 2099 4001 eo

244 4082 397 4151 hordine
413 4099 476 4168 per
490 4097 582 4150 vona
597 4079 860 4149 combenientia
883 4081 1077 4148 secundum
1092 4083 1152 4150 lex
1166 4086 1203 4150 et
1217 4082 1432 4152 consuetudo
1449 4089 1569 4153 nostre
1592 4101 1821 4154 romanorum
1844 4085 1979 4172 guadia
2003 4085 2093 4154 milri

248 4236 332 4322 ipsa
356 4252 468 4320 grusa
490 4231 586 4302 dedit
608 4249 683 4301 una
706 4250 788 4299 cum
811 4231 966 4302 iohanne
981 4231 1187 4302 atrianensc
1203 4234 1413 4304 adbocatore
1427 4254 1532 4304 suum
1548 4236 1664 4303 filium
1680 4237 1860 4324 macrobi,
1877 4241 1912 4306 et
1928 4237 2099 4306 mediato·

246 4407 323 4458 rem
347 4389 439 4457 mibi
462 4389 581 4476 posuit
603 4387 803 4476 predictum
826 4386 999 4458 iohannes
1023 4389 1229 4459 atrianense
1253 4389 1350 4460 filius
1365 4391 1517 4479 predicti
1534 4392 1712 4477 mauroni3
1729 4393 1765 4460 et
1781 4409 1845 4478 per
1860 4390 1984 4460 eadem
2007 4411 2099 4479 gua-

245 4540 311 4611 dio
334 4539 508 4628 obligavit
531 4559 568 4610 se
591 4542 670 4628 ipsa
692 4558 817 4628 grusa,
842 4540 890 4609 ud
906 4543 937 4612 si
953 4541 1084 4630 aliquit
1107 4542 1150 4610 de
1172 4545 1295 4616 omnia
1317 4545 1562 4633 suprascripta
1583 4544 1708 4616 diebus
1731 4545 1805 4613 vite
1827 4563 1960 4632 sueque
1982 4564 2094 4634 gruso

245 4693 423 4780 quesierit
446 4693 577 4763 exinde
601 4695 782 4763 remobere
806 4699 870 4764 aut
892 4701 1069 4785 contrare,
1095 4701 1182 4766 tunc
1198 4716 1261 4786 per
1278 4717 1371 4770 vona
1394 4697 1658 4770 combenientia
1680 4719 1744 4788 per
1765 4700 1844 4788 ipsa
1857 4699 1993 4788 guadia
2009 4702 2102 4770 obli·

242 4849 352 4938 gabit
376 4866 413 4916 se
437 4847 518 4936 ipsa
540 4866 652 4936 grusa
675 4847 721 4916 ad
744 4849 1024 4935 componendum
1039 4849 1148 4919 michi
1166 4853 1305 4942 meique
1328 4856 1494 4925 credibus
1519 4855 1651 4944 biginti
1676 4857 1758 4926 auri
1782 4854 1910 4924 solidos
1934 4862 2102 4926 constan-

250 5001 360 5090 tines,
385 5005 422 5070 et
444 5003 523 5088 ipsa
546 5019 644 5088 casa,
668 5019 774 5088 quem
796 5017 861 5068 nos
883 5002 1045 5072 stetimus
1069 5003 1245 5076 trabicare
1260 5008 1371 5095 ipsius
1387 5027 1508 5096 gruse,
1533 5007 1633 5078 sicud
1648 5009 1859 5098 prelegitur‚
1884 5009 2103 5080 trabicemus

248 5171 317 5224 nos
342 5153 442 5226 illam
465 5156 559 5224 bona
582 5153 628 5224 ad
651 5154 749 5223 calce
772 5159 808 5224 et
831 5160 931 5242 petre
955 5155 998 5226 de
1024 5156 1212 5246 longitudo
1236 5161 1343 5249 pedes
1365 5163 1672 5251 quadtuordecim,
1697 5167 1732 5231 et
1750 5163 1824 5233 lata
1840 5163 1944 5252 pedes
1961 5140 2097 5248 decem,

250 5306 301 5377 ad
326 5307 451 5376 iuxsto
474 5307 598 5395 pedem
623 5326 769 5378 manum
792 5307 918 5396 omini,
941 5313 978 5380 et
1001 5311 1133 5382 abeant
1148 5315 1184 5380 et
1200 5312 1391 5384 deteneaut
1414 5313 1492 5404 ipsa
1514 5333 1627 5404 grusa
1651 5316 1729 5404 ipsa
1744 5335 1840 5404 casa,
1856 5317 1955 5385 sicud
1971 5294 2100 5404 supra-

246 5459 423 5551 diximus,
450 5481 514 5550 per
537 5462 779 5551 suprascripta
801 5462 936 5551 guadia
959 5467 996 5534 et
1018 5464 1178 5554 obligata
1201 5485 1307 5556 pena.
1333 5469 1377 5538 Et
1400 5488 1467 5559 ego
1491 5469 1657 5542 alderissi
1681 5473 1842 5540 notarius
1867 5489 1936 5540 unc
1954 5449 2100 5540 brebem

251 5615 387 5684 scribsi
409 5619 446 5686 et
469 5617 632 5687 interlui.

284 5739 564 5857 †Qmm

282 5891 329 6010 †
354 5923 437 6010 Ego
454 5925 589 6012 petrus
