<?xml version="1.0" encoding="UTF-8"?>
<!DOCTYPE html PUBLIC "-//W3C//DTD XHTML 1.0 Transitional//EN"
    "http://www.w3.org/TR/xhtml1/DTD/xhtml1-transitional.dtd">
<html xmlns="http://www.w3.org/1999/xhtml" xml:lang="en" lang="en">
 <head>
  <title>
</title>
<meta http-equiv="Content-Type" content="text/html;charset=utf-8" />
  <meta name='ocr-system' content='tesseract 3.04.00' />
  <meta name='ocr-capabilities' content='ocr_page ocr_carea ocr_par ocr_line ocrx_word'/>
</head>
<body>
  <div class='ocr_page' id='page_1' title='image "./codexdiplomatic05aragoog_0104.png"; bbox 0 0 5310 7080; ppageno 0'>
   <div class='ocr_carea' id='block_1_1' title="bbox 984 554 2058 630">
    <p class='ocr_par' dir='ltr' id='par_1_1' title="bbox 984 554 2058 630">
     <span class='ocr_line' id='line_1_1' title="bbox 984 554 2058 630; baseline -0.026 -4"><span class='ocrx_word' id='word_1_1' title='bbox 984 554 1386 626; x_wconf 75' lang='lat' dir='ltr'>lill&#39;LOMATlCUS</span> <span class='ocrx_word' id='word_1_2' title='bbox 2012 560 2058 630; x_wconf 69' lang='lat'>(33</span> 
     </span>
    </p>
   </div>
   <div class='ocr_carea' id='block_1_2' title="bbox 247 775 2192 5731">
    <p class='ocr_par' dir='ltr' id='par_1_2' title="bbox 252 775 2178 1781">
     <span class='ocr_line' id='line_1_2' title="bbox 252 775 2103 866; baseline 0.002 -21"><span class='ocrx_word' id='word_1_3' title='bbox 252 779 350 845; x_wconf 90' lang='lat' dir='ltr'>tibus</span> <span class='ocrx_word' id='word_1_4' title='bbox 369 779 526 862; x_wconf 87' lang='lat' dir='ltr'>predicte</span> <span class='ocrx_word' id='word_1_5' title='bbox 544 781 661 846; x_wconf 78' lang='lat' dir='ltr'>vestre</span> <span class='ocrx_word' id='word_1_6' title='bbox 674 777 848 845; x_wconf 89' lang='lat' dir='ltr'>hecclesie</span> <span class='ocrx_word' id='word_1_7' title='bbox 864 779 980 846; x_wconf 90' lang='lat' dir='ltr'>sancti</span> <span class='ocrx_word' id='word_1_8' title='bbox 997 778 1145 862; x_wconf 79' lang='lat' dir='ltr'>maximi</span> <span class='ocrx_word' id='word_1_9' title='bbox 1162 795 1304 845; x_wconf 87' lang='lat' dir='ltr'>necesse</span> <span class='ocrx_word' id='word_1_10' title='bbox 1320 776 1429 844; x_wconf 82' lang='lat' dir='ltr'>fuerit</span> <span class='ocrx_word' id='word_1_11' title='bbox 1445 775 1520 844; x_wconf 89' lang='lat' dir='ltr'>alia</span> <span class='ocrx_word' id='word_1_12' title='bbox 1536 777 1672 842; x_wconf 89' lang='lat' dir='ltr'>duobus</span> <span class='ocrx_word' id='word_1_13' title='bbox 1688 775 1878 866; x_wconf 88' lang='lat' dir='ltr'>scribtora,</span> <span class='ocrx_word' id='word_1_14' title='bbox 1896 781 1954 865; x_wconf 92' lang='lat' dir='ltr'>qui</span> <span class='ocrx_word' id='word_1_15' title='bbox 1974 783 2012 848; x_wconf 90' lang='lat' dir='ltr'>in</span> <span class='ocrx_word' id='word_1_16' title='bbox 2030 800 2103 852; x_wconf 88' lang='lat' dir='ltr'>una</span> 
     </span>
     <span class='ocr_line' id='line_1_3' title="bbox 255 927 2102 1017; baseline 0.003 -22"><span class='ocrx_word' id='word_1_17' title='bbox 255 928 436 997; x_wconf 90' lang='lat' dir='ltr'>bolumine</span> <span class='ocrx_word' id='word_1_18' title='bbox 453 929 577 998; x_wconf 90' lang='lat' dir='ltr'>scribti</span> <span class='ocrx_word' id='word_1_19' title='bbox 593 935 691 1017; x_wconf 87' lang='lat' dir='ltr'>sunt,</span> <span class='ocrx_word' id='word_1_20' title='bbox 710 949 820 998; x_wconf 91' lang='lat' dir='ltr'>unum</span> <span class='ocrx_word' id='word_1_21' title='bbox 836 950 881 998; x_wconf 84' lang='lat' dir='ltr'>ex</span> <span class='ocrx_word' id='word_1_22' title='bbox 899 930 972 997; x_wconf 89' lang='lat' dir='ltr'>illis</span> <span class='ocrx_word' id='word_1_23' title='bbox 988 930 1242 1014; x_wconf 90' lang='lat' dir='ltr'>continentem,</span> <span class='ocrx_word' id='word_1_24' title='bbox 1260 929 1416 1014; x_wconf 81' lang='lat' dir='ltr'>qualiter</span> <span class='ocrx_word' id='word_1_25' title='bbox 1439 927 1630 996; x_wconf 87' lang='lat' dir='ltr'>radoaldus</span> <span class='ocrx_word' id='word_1_26' title='bbox 1654 927 1749 996; x_wconf 89' lang='lat' dir='ltr'>filius</span> <span class='ocrx_word' id='word_1_27' title='bbox 1772 935 1969 1000; x_wconf 88' lang='lat' dir='ltr'>ermecausi</span> <span class='ocrx_word' id='word_1_28' title='bbox 1993 935 2102 1004; x_wconf 91' lang='lat' dir='ltr'>dona-</span> 
     </span>
     <span class='ocr_line' id='line_1_4' title="bbox 261 1043 2102 1171; baseline 0.003 -23"><span class='ocrx_word' id='word_1_29' title='bbox 261 1081 369 1150; x_wconf 87' lang='lat' dir='ltr'>barad</span> <span class='ocrx_word' id='word_1_30' title='bbox 394 1083 551 1168; x_wconf 80' lang='lat' dir='ltr'>gualteri</span> <span class='ocrx_word' id='word_1_31' title='bbox 575 1043 695 1150; x_wconf 87' lang='lat' dir='ltr'>comiti</span> <span class='ocrx_word' id='word_1_32' title='bbox 719 1083 791 1150; x_wconf 86' lang='lat' dir='ltr'>filio</span> <span class='ocrx_word' id='word_1_33' title='bbox 814 1083 968 1168; x_wconf 85' lang='lat' dir='ltr'>danseri,</span> <span class='ocrx_word' id='word_1_34' title='bbox 986 1088 1025 1150; x_wconf 90' lang='lat' dir='ltr'>ut</span> <span class='ocrx_word' id='word_1_35' title='bbox 1042 1081 1164 1150; x_wconf 88' lang='lat' dir='ltr'>liceret</span> <span class='ocrx_word' id='word_1_36' title='bbox 1180 1081 1281 1147; x_wconf 90' lang='lat' dir='ltr'>illum</span> <span class='ocrx_word' id='word_1_37' title='bbox 1297 1081 1424 1149; x_wconf 88' lang='lat' dir='ltr'>eteius</span> <span class='ocrx_word' id='word_1_38' title='bbox 1446 1081 1592 1148; x_wconf 87' lang='lat' dir='ltr'>heredes</span> <span class='ocrx_word' id='word_1_39' title='bbox 1615 1081 1711 1148; x_wconf 89' lang='lat' dir='ltr'>omni</span> <span class='ocrx_word' id='word_1_40' title='bbox 1739 1086 1896 1171; x_wconf 88' lang='lat' dir='ltr'>tempore</span> <span class='ocrx_word' id='word_1_41' title='bbox 1919 1087 2040 1156; x_wconf 85' lang='lat' dir='ltr'>labare</span> <span class='ocrx_word' id='word_1_42' title='bbox 2067 1094 2102 1155; x_wconf 88' lang='lat' dir='ltr'>et</span> 
     </span>
     <span class='ocr_line' id='line_1_5' title="bbox 256 1231 2104 1321; baseline 0.005 -21"><span class='ocrx_word' id='word_1_43' title='bbox 256 1235 384 1302; x_wconf 89' lang='lat' dir='ltr'>ducere</span> <span class='ocrx_word' id='word_1_44' title='bbox 410 1254 505 1319; x_wconf 90' lang='lat' dir='ltr'>aqua</span> <span class='ocrx_word' id='word_1_45' title='bbox 527 1255 591 1321; x_wconf 91' lang='lat' dir='ltr'>per</span> <span class='ocrx_word' id='word_1_46' title='bbox 615 1235 693 1321; x_wconf 89' lang='lat' dir='ltr'>ipsa</span> <span class='ocrx_word' id='word_1_47' title='bbox 715 1239 814 1304; x_wconf 90' lang='lat' dir='ltr'>terra</span> <span class='ocrx_word' id='word_1_48' title='bbox 838 1238 915 1304; x_wconf 89' lang='lat' dir='ltr'>eius</span> <span class='ocrx_word' id='word_1_49' title='bbox 930 1237 975 1304; x_wconf 91' lang='lat' dir='ltr'>da</span> <span class='ocrx_word' id='word_1_50' title='bbox 992 1233 1100 1320; x_wconf 90' lang='lat' dir='ltr'>balle,</span> <span class='ocrx_word' id='word_1_51' title='bbox 1115 1233 1161 1301; x_wconf 91' lang='lat' dir='ltr'>da</span> <span class='ocrx_word' id='word_1_52' title='bbox 1177 1232 1271 1299; x_wconf 89' lang='lat' dir='ltr'>unde</span> <span class='ocrx_word' id='word_1_53' title='bbox 1286 1232 1385 1299; x_wconf 92' lang='lat' dir='ltr'>modo</span> <span class='ocrx_word' id='word_1_54' title='bbox 1401 1231 1520 1300; x_wconf 91' lang='lat' dir='ltr'>lebata</span> <span class='ocrx_word' id='word_1_55' title='bbox 1542 1237 1608 1318; x_wconf 89' lang='lat' dir='ltr'>est,</span> <span class='ocrx_word' id='word_1_56' title='bbox 1633 1238 1668 1301; x_wconf 88' lang='lat' dir='ltr'>et</span> <span class='ocrx_word' id='word_1_57' title='bbox 1685 1254 1794 1320; x_wconf 89' lang='lat' dir='ltr'>usquc</span> <span class='ocrx_word' id='word_1_58' title='bbox 1818 1237 1857 1302; x_wconf 94' lang='lat' dir='ltr'>in</span> <span class='ocrx_word' id='word_1_59' title='bbox 1880 1239 1951 1306; x_wconf 89' lang='lat' dir='ltr'>fine</span> <span class='ocrx_word' id='word_1_60' title='bbox 1977 1243 2104 1308; x_wconf 84' lang='lat' dir='ltr'>sossco·</span> 
     </span>
     <span class='ocr_line' id='line_1_6' title="bbox 253 1376 2102 1480; baseline 0.004 -28"><span class='ocrx_word' id='word_1_61' title='bbox 253 1386 353 1470; x_wconf 91' lang='lat' dir='ltr'>aldi,</span> <span class='ocrx_word' id='word_1_62' title='bbox 381 1384 551 1454; x_wconf 89' lang='lat' dir='ltr'>scribtum</span> <span class='ocrx_word' id='word_1_63' title='bbox 575 1388 617 1455; x_wconf 90' lang='lat' dir='ltr'>de</span> <span class='ocrx_word' id='word_1_64' title='bbox 645 1405 739 1455; x_wconf 88' lang='lat' dir='ltr'>anno</span> <span class='ocrx_word' id='word_1_65' title='bbox 762 1387 887 1472; x_wconf 88' lang='lat' dir='ltr'>quinto</span> <span class='ocrx_word' id='word_1_66' title='bbox 910 1376 1030 1453; x_wconf 87' lang='lat' dir='ltr'>domni</span> <span class='ocrx_word' id='word_1_67' title='bbox 1056 1385 1229 1470; x_wconf 82' lang='lat' dir='ltr'><strong>ademari,</strong></span> <span class='ocrx_word' id='word_1_68' title='bbox 1253 1385 1296 1450; x_wconf 91' lang='lat' dir='ltr'>de</span> <span class='ocrx_word' id='word_1_69' title='bbox 1322 1402 1440 1452; x_wconf 88' lang='lat' dir='ltr'>mense</span> <span class='ocrx_word' id='word_1_70' title='bbox 1463 1385 1676 1470; x_wconf 91' lang='lat' dir='ltr'>decembrio,</span> <span class='ocrx_word' id='word_1_71' title='bbox 1700 1392 1805 1456; x_wconf 87' lang='lat' dir='ltr'>sexta</span> <span class='ocrx_word' id='word_1_72' title='bbox 1828 1389 2036 1480; x_wconf 82' lang='lat' dir='ltr'>indictione,</span> <span class='ocrx_word' id='word_1_73' title='bbox 2065 1400 2102 1461; x_wconf 89' lang='lat' dir='ltr'>et</span> 
     </span>
     <span class='ocr_line' id='line_1_7' title="bbox 257 1537 2103 1632; baseline 0.007 -30"><span class='ocrx_word' id='word_1_74' title='bbox 257 1537 413 1604; x_wconf 87' lang='lat' dir='ltr'>hibidem</span> <span class='ocrx_word' id='word_1_75' title='bbox 430 1540 553 1607; x_wconf 90' lang='lat' dir='ltr'>scribti</span> <span class='ocrx_word' id='word_1_76' title='bbox 572 1540 831 1625; x_wconf 87' lang='lat' dir='ltr'>ragemprando</span> <span class='ocrx_word' id='word_1_77' title='bbox 846 1539 1000 1625; x_wconf 87' lang='lat' dir='ltr'>notarie,</span> <span class='ocrx_word' id='word_1_78' title='bbox 1018 1545 1053 1606; x_wconf 89' lang='lat' dir='ltr'>et</span> <span class='ocrx_word' id='word_1_79' title='bbox 1071 1540 1146 1624; x_wconf 86' lang='lat' dir='ltr'>ipse</span> <span class='ocrx_word' id='word_1_80' title='bbox 1163 1537 1344 1622; x_wconf 87' lang='lat' dir='ltr'>radoaldo,</span> <span class='ocrx_word' id='word_1_81' title='bbox 1361 1541 1397 1604; x_wconf 90' lang='lat' dir='ltr'>et</span> <span class='ocrx_word' id='word_1_82' title='bbox 1414 1537 1548 1605; x_wconf 78' lang='lat' dir='ltr'>radolio</span> <span class='ocrx_word' id='word_1_83' title='bbox 1573 1537 1647 1604; x_wconf 89' lang='lat' dir='ltr'>fllio</span> <span class='ocrx_word' id='word_1_84' title='bbox 1669 1541 1776 1606; x_wconf 92' lang='lat' dir='ltr'>leoni.</span> <span class='ocrx_word' id='word_1_85' title='bbox 1797 1543 1874 1627; x_wconf 90' lang='lat' dir='ltr'>Ipso</span> <span class='ocrx_word' id='word_1_86' title='bbox 1894 1545 1999 1630; x_wconf 88' lang='lat' dir='ltr'>aliut,</span> <span class='ocrx_word' id='word_1_87' title='bbox 2017 1565 2103 1632; x_wconf 88' lang='lat' dir='ltr'>qua·</span> 
     </span>
     <span class='ocr_line' id='line_1_8' title="bbox 256 1689 2147 1781; baseline 0.006 -28"><span class='ocrx_word' id='word_1_88' title='bbox 256 1690 335 1756; x_wconf 87' lang='lat' dir='ltr'>liter</span> <span class='ocrx_word' id='word_1_89' title='bbox 359 1689 511 1758; x_wconf 86' lang='lat' dir='ltr'>andreas</span> <span class='ocrx_word' id='word_1_90' title='bbox 538 1689 632 1757; x_wconf 89' lang='lat' dir='ltr'>filius</span> <span class='ocrx_word' id='word_1_91' title='bbox 656 1691 755 1776; x_wconf 88' lang='lat' dir='ltr'>altei,</span> <span class='ocrx_word' id='word_1_92' title='bbox 773 1695 808 1758; x_wconf 87' lang='lat' dir='ltr'>et</span> <span class='ocrx_word' id='word_1_93' title='bbox 822 1691 981 1776; x_wconf 77' lang='lat' dir='ltr'>odelgeri</span> <span class='ocrx_word' id='word_1_94' title='bbox 1007 1708 1119 1777; x_wconf 89' lang='lat' dir='ltr'>nepus</span> <span class='ocrx_word' id='word_1_95' title='bbox 1136 1690 1220 1775; x_wconf 87' lang='lat' dir='ltr'>eius</span> <span class='ocrx_word' id='word_1_96' title='bbox 1242 1709 1306 1777; x_wconf 93' lang='lat' dir='ltr'>pro</span> <span class='ocrx_word' id='word_1_97' title='bbox 1329 1709 1380 1774; x_wconf 90' lang='lat' dir='ltr'>se,</span> <span class='ocrx_word' id='word_1_98' title='bbox 1403 1695 1439 1758; x_wconf 90' lang='lat' dir='ltr'>et</span> <span class='ocrx_word' id='word_1_99' title='bbox 1461 1697 1584 1776; x_wconf 90' lang='lat' dir='ltr'>petrus</span> <span class='ocrx_word' id='word_1_100' title='bbox 1608 1710 1779 1778; x_wconf 87' lang='lat' dir='ltr'>germano</span> <span class='ocrx_word' id='word_1_101' title='bbox 1803 1711 1867 1760; x_wconf 91' lang='lat' dir='ltr'>suo</span> <span class='ocrx_word' id='word_1_102' title='bbox 1891 1694 1929 1760; x_wconf 91' lang='lat' dir='ltr'>in</span> <span class='ocrx_word' id='word_1_103' title='bbox 1953 1715 2103 1781; x_wconf 88' lang='lat' dir='ltr'>persona</span> <span class='ocrx_word' id='word_1_104' title='bbox 2144 1707 2147 1714; x_wconf 87' lang='lat'>&#39;</span> 
     </span>
    </p>

    <p class='ocr_par' dir='ltr' id='par_1_3' title="bbox 247 1840 2192 5731">
     <span class='ocr_line' id='line_1_9' title="bbox 253 1840 2099 1932; baseline 0.004 -23"><span class='ocrx_word' id='word_1_105' title='bbox 253 1843 406 1927; x_wconf 81' lang='lat' dir='ltr'>gualieri</span> <span class='ocrx_word' id='word_1_106' title='bbox 429 1842 549 1910; x_wconf 90' lang='lat' dir='ltr'>comiti</span> <span class='ocrx_word' id='word_1_107' title='bbox 572 1843 768 1911; x_wconf 89' lang='lat' dir='ltr'>donaberat</span> <span class='ocrx_word' id='word_1_108' title='bbox 790 1845 1019 1929; x_wconf 87' lang='lat' dir='ltr'>ermengnari</span> <span class='ocrx_word' id='word_1_109' title='bbox 1045 1846 1186 1910; x_wconf 89' lang='lat' dir='ltr'>bassum</span> <span class='ocrx_word' id='word_1_110' title='bbox 1210 1840 1322 1927; x_wconf 89' lang='lat' dir='ltr'>ipsius</span> <span class='ocrx_word' id='word_1_111' title='bbox 1344 1840 1512 1927; x_wconf 85' lang='lat' dir='ltr'>guaiferi,</span> <span class='ocrx_word' id='word_1_112' title='bbox 1537 1845 1578 1906; x_wconf 90' lang='lat' dir='ltr'>ut</span> <span class='ocrx_word' id='word_1_113' title='bbox 1603 1841 1727 1910; x_wconf 88' lang='lat' dir='ltr'>liceret</span> <span class='ocrx_word' id='word_1_114' title='bbox 1752 1846 1867 1930; x_wconf 89' lang='lat' dir='ltr'>ipsum</span> <span class='ocrx_word' id='word_1_115' title='bbox 1893 1848 2049 1932; x_wconf 82' lang='lat' dir='ltr'>guaiferi</span> <span class='ocrx_word' id='word_1_116' title='bbox 2065 1855 2099 1917; x_wconf 88' lang='lat' dir='ltr'>et</span> 
     </span>
     <span class='ocr_line' id='line_1_10' title="bbox 255 1991 2100 2083; baseline 0.003 -22"><span class='ocrx_word' id='word_1_117' title='bbox 255 1996 330 2061; x_wconf 85' lang='lat' dir='ltr'>eius</span> <span class='ocrx_word' id='word_1_118' title='bbox 352 1997 499 2064; x_wconf 88' lang='lat' dir='ltr'>heredes</span> <span class='ocrx_word' id='word_1_119' title='bbox 513 1997 609 2062; x_wconf 92' lang='lat' dir='ltr'>omni</span> <span class='ocrx_word' id='word_1_120' title='bbox 634 2001 789 2081; x_wconf 91' lang='lat' dir='ltr'>tempore</span> <span class='ocrx_word' id='word_1_121' title='bbox 812 1995 932 2062; x_wconf 85' lang='lat' dir='ltr'>labare</span> <span class='ocrx_word' id='word_1_122' title='bbox 949 1999 983 2062; x_wconf 91' lang='lat' dir='ltr'>ct</span> <span class='ocrx_word' id='word_1_123' title='bbox 999 1995 1127 2062; x_wconf 88' lang='lat' dir='ltr'>ducere</span> <span class='ocrx_word' id='word_1_124' title='bbox 1151 2013 1244 2079; x_wconf 90' lang='lat' dir='ltr'>aqua</span> <span class='ocrx_word' id='word_1_125' title='bbox 1268 2013 1330 2080; x_wconf 91' lang='lat' dir='ltr'>per</span> <span class='ocrx_word' id='word_1_126' title='bbox 1348 1991 1426 2079; x_wconf 87' lang='lat' dir='ltr'>ipsa</span> <span class='ocrx_word' id='word_1_127' title='bbox 1442 1997 1540 2061; x_wconf 87' lang='lat' dir='ltr'>terra</span> <span class='ocrx_word' id='word_1_128' title='bbox 1564 2013 1686 2061; x_wconf 89' lang='lat' dir='ltr'>eorum</span> <span class='ocrx_word' id='word_1_129' title='bbox 1709 1995 1748 2061; x_wconf 93' lang='lat' dir='ltr'>in</span> <span class='ocrx_word' id='word_1_130' title='bbox 1765 1998 1871 2083; x_wconf 89' lang='lat' dir='ltr'>balle,</span> <span class='ocrx_word' id='word_1_131' title='bbox 1890 1999 1983 2066; x_wconf 90' lang='lat' dir='ltr'>unde</span> <span class='ocrx_word' id='word_1_132' title='bbox 1999 2001 2100 2068; x_wconf 89' lang='lat' dir='ltr'>modo</span> 
     </span>
     <span class='ocr_line' id='line_1_11' title="bbox 259 2147 2098 2238; baseline 0.004 -25"><span class='ocrx_word' id='word_1_133' title='bbox 259 2149 416 2216; x_wconf 88' lang='lat' dir='ltr'>decurrit</span> <span class='ocrx_word' id='word_1_134' title='bbox 439 2149 484 2216; x_wconf 93' lang='lat' dir='ltr'>da</span> <span class='ocrx_word' id='word_1_135' title='bbox 509 2151 579 2215; x_wconf 83' lang='lat' dir='ltr'>fine</span> <span class='ocrx_word' id='word_1_136' title='bbox 603 2149 777 2216; x_wconf 89' lang='lat' dir='ltr'>benedicti</span> <span class='ocrx_word' id='word_1_137' title='bbox 803 2167 913 2234; x_wconf 88' lang='lat' dir='ltr'>usque</span> <span class='ocrx_word' id='word_1_138' title='bbox 937 2149 975 2214; x_wconf 92' lang='lat' dir='ltr'>in</span> <span class='ocrx_word' id='word_1_139' title='bbox 999 2150 1059 2216; x_wconf 89' lang='lat' dir='ltr'>bia</span> <span class='ocrx_word' id='word_1_140' title='bbox 1082 2148 1249 2234; x_wconf 91' lang='lat' dir='ltr'>pulbica,</span> <span class='ocrx_word' id='word_1_141' title='bbox 1278 2153 1314 2215; x_wconf 90' lang='lat' dir='ltr'>et</span> <span class='ocrx_word' id='word_1_142' title='bbox 1345 2147 1453 2214; x_wconf 91' lang='lat' dir='ltr'>istum</span> <span class='ocrx_word' id='word_1_143' title='bbox 1475 2147 1640 2216; x_wconf 89' lang='lat' dir='ltr'>similiter</span> <span class='ocrx_word' id='word_1_144' title='bbox 1671 2151 1713 2216; x_wconf 92' lang='lat' dir='ltr'>de</span> <span class='ocrx_word' id='word_1_145' title='bbox 1736 2151 1858 2218; x_wconf 89' lang='lat' dir='ltr'>eodem</span> <span class='ocrx_word' id='word_1_146' title='bbox 1881 2157 2037 2238; x_wconf 90' lang='lat' dir='ltr'>tempore</span> <span class='ocrx_word' id='word_1_147' title='bbox 2062 2159 2098 2222; x_wconf 89' lang='lat' dir='ltr'>et</span> 
     </span>
     <span class='ocr_line' id='line_1_12' title="bbox 259 2302 2100 2394; baseline 0.003 -24"><span class='ocrx_word' id='word_1_148' title='bbox 259 2324 376 2373; x_wconf 88' lang='lat' dir='ltr'>mense</span> <span class='ocrx_word' id='word_1_149' title='bbox 400 2305 572 2372; x_wconf 88' lang='lat' dir='ltr'>scribtum</span> <span class='ocrx_word' id='word_1_150' title='bbox 588 2311 624 2374; x_wconf 89' lang='lat' dir='ltr'>et</span> <span class='ocrx_word' id='word_1_151' title='bbox 639 2326 660 2374; x_wconf 92' lang='lat' dir='ltr'>a</span> <span class='ocrx_word' id='word_1_152' title='bbox 676 2306 825 2372; x_wconf 87' lang='lat' dir='ltr'>testibus</span> <span class='ocrx_word' id='word_1_153' title='bbox 849 2307 1067 2388; x_wconf 91' lang='lat' dir='ltr'>roboratum,</span> <span class='ocrx_word' id='word_1_154' title='bbox 1083 2309 1118 2370; x_wconf 90' lang='lat' dir='ltr'>et</span> <span class='ocrx_word' id='word_1_155' title='bbox 1133 2322 1216 2390; x_wconf 89' lang='lat' dir='ltr'>pars</span> <span class='ocrx_word' id='word_1_156' title='bbox 1240 2302 1353 2368; x_wconf 90' lang='lat' dir='ltr'>nostri</span> <span class='ocrx_word' id='word_1_157' title='bbox 1378 2302 1588 2371; x_wconf 88' lang='lat' dir='ltr'>monasterii</span> <span class='ocrx_word' id='word_1_158' title='bbox 1613 2305 1695 2372; x_wconf 90' lang='lat' dir='ltr'>inde</span> <span class='ocrx_word' id='word_1_159' title='bbox 1720 2305 1998 2394; x_wconf 62' lang='lat' dir='ltr'>scireseceritis</span> <span class='ocrx_word' id='word_1_160' title='bbox 2015 2315 2100 2376; x_wconf 86' lang='lat' dir='ltr'>tuno</span> 
     </span>
     <span class='ocr_line' id='line_1_13' title="bbox 260 2417 2098 2546; baseline 0 -19"><span class='ocrx_word' id='word_1_161' title='bbox 260 2479 342 2543; x_wconf 88' lang='lat' dir='ltr'>pars</span> <span class='ocrx_word' id='word_1_162' title='bbox 364 2459 478 2526; x_wconf 88' lang='lat' dir='ltr'>nostri</span> <span class='ocrx_word' id='word_1_163' title='bbox 503 2455 711 2525; x_wconf 89' lang='lat' dir='ltr'>monasterii</span> <span class='ocrx_word' id='word_1_164' title='bbox 737 2455 796 2522; x_wconf 90' lang='lat' dir='ltr'>ille</span> <span class='ocrx_word' id='word_1_165' title='bbox 819 2457 917 2522; x_wconf 88' lang='lat' dir='ltr'>vobis</span> <span class='ocrx_word' id='word_1_166' title='bbox 939 2456 1048 2523; x_wconf 84' lang='lat' dir='ltr'>deant</span> <span class='ocrx_word' id='word_1_167' title='bbox 1070 2457 1125 2522; x_wconf 87' lang='lat' dir='ltr'>vel</span> <span class='ocrx_word' id='word_1_168' title='bbox 1150 2457 1188 2520; x_wconf 91' lang='lat' dir='ltr'>in</span> <span class='ocrx_word' id='word_1_169' title='bbox 1212 2417 1467 2540; x_wconf 81' lang='lat' dir='ltr'>parspredicte</span> <span class='ocrx_word' id='word_1_170' title='bbox 1490 2457 1606 2521; x_wconf 86' lang='lat' dir='ltr'>vestre</span> <span class='ocrx_word' id='word_1_171' title='bbox 1630 2456 1778 2524; x_wconf 89' lang='lat' dir='ltr'>ecclesie</span> <span class='ocrx_word' id='word_1_172' title='bbox 1801 2460 1918 2525; x_wconf 91' lang='lat' dir='ltr'>sancti</span> <span class='ocrx_word' id='word_1_173' title='bbox 1935 2462 2098 2546; x_wconf 84' lang='lat' dir='ltr'>maximi,</span> 
     </span>
     <span class='ocr_line' id='line_1_14' title="bbox 261 2605 2102 2695; baseline -0.001 -16"><span class='ocrx_word' id='word_1_174' title='bbox 261 2610 305 2679; x_wconf 83' lang='lat' dir='ltr'>ad</span> <span class='ocrx_word' id='word_1_175' title='bbox 329 2609 503 2678; x_wconf 90' lang='lat' dir='ltr'>abendum</span> <span class='ocrx_word' id='word_1_176' title='bbox 529 2607 589 2674; x_wconf 92' lang='lat' dir='ltr'>ille</span> <span class='ocrx_word' id='word_1_177' title='bbox 604 2626 713 2692; x_wconf 88' lang='lat' dir='ltr'>usque</span> <span class='ocrx_word' id='word_1_178' title='bbox 729 2606 969 2692; x_wconf 85' lang='lat' dir='ltr'>quadraginta</span> <span class='ocrx_word' id='word_1_179' title='bbox 991 2606 1078 2692; x_wconf 79' lang='lat' dir='ltr'>dieS,</span> <span class='ocrx_word' id='word_1_180' title='bbox 1099 2605 1192 2672; x_wconf 87' lang='lat' dir='ltr'>sicut</span> <span class='ocrx_word' id='word_1_181' title='bbox 1208 2611 1243 2673; x_wconf 91' lang='lat' dir='ltr'>et</span> <span class='ocrx_word' id='word_1_182' title='bbox 1257 2605 1460 2692; x_wconf 89' lang='lat' dir='ltr'>supradicte</span> <span class='ocrx_word' id='word_1_183' title='bbox 1477 2605 1560 2692; x_wconf 91' lang='lat' dir='ltr'>alie,</span> <span class='ocrx_word' id='word_1_184' title='bbox 1583 2612 1619 2674; x_wconf 90' lang='lat' dir='ltr'>et</span> <span class='ocrx_word' id='word_1_185' title='bbox 1641 2613 1719 2693; x_wconf 91' lang='lat' dir='ltr'>post</span> <span class='ocrx_word' id='word_1_186' title='bbox 1741 2609 2007 2695; x_wconf 78' lang='lat' dir='ltr'>quaddraginta</span> <span class='ocrx_word' id='word_1_187' title='bbox 2025 2613 2102 2680; x_wconf 88' lang='lat' dir='ltr'>dies</span> 
     </span>
     <span class='ocr_line' id='line_1_15' title="bbox 256 2737 2103 2846; baseline 0 -16"><span class='ocrx_word' id='word_1_188' title='bbox 256 2779 390 2846; x_wconf 90' lang='lat' dir='ltr'>semper</span> <span class='ocrx_word' id='word_1_189' title='bbox 415 2761 475 2827; x_wconf 91' lang='lat' dir='ltr'>ille</span> <span class='ocrx_word' id='word_1_190' title='bbox 500 2760 548 2825; x_wconf 94' lang='lat' dir='ltr'>im</span> <span class='ocrx_word' id='word_1_191' title='bbox 572 2777 656 2845; x_wconf 87' lang='lat' dir='ltr'>pars</span> <span class='ocrx_word' id='word_1_192' title='bbox 681 2757 839 2826; x_wconf 90' lang='lat' dir='ltr'>iamdicti</span> <span class='ocrx_word' id='word_1_193' title='bbox 857 2760 970 2824; x_wconf 86' lang='lat' dir='ltr'>nostri</span> <span class='ocrx_word' id='word_1_194' title='bbox 996 2757 1202 2825; x_wconf 86' lang='lat' dir='ltr'>monasterii</span> <span class='ocrx_word' id='word_1_195' title='bbox 1227 2737 1299 2823; x_wconf 85' lang='lat' dir='ltr'>tote</span> <span class='ocrx_word' id='word_1_196' title='bbox 1323 2757 1499 2842; x_wconf 90' lang='lat' dir='ltr'>quadtuor</span> <span class='ocrx_word' id='word_1_197' title='bbox 1523 2759 1633 2841; x_wconf 89' lang='lat' dir='ltr'>salbe‚</span> <span class='ocrx_word' id='word_1_198' title='bbox 1659 2759 1765 2843; x_wconf 90' lang='lat' dir='ltr'>quale</span> <span class='ocrx_word' id='word_1_199' title='bbox 1793 2759 1852 2828; x_wconf 90' lang='lat' dir='ltr'>ille</span> <span class='ocrx_word' id='word_1_200' title='bbox 1877 2763 1976 2828; x_wconf 90' lang='lat' dir='ltr'>vobis</span> <span class='ocrx_word' id='word_1_201' title='bbox 1999 2763 2103 2830; x_wconf 90' lang='lat' dir='ltr'>dede-</span> 
     </span>
     <span class='ocr_line' id='line_1_16' title="bbox 261 2907 2100 3000; baseline 0.001 -24"><span class='ocrx_word' id='word_1_202' title='bbox 261 2912 384 2997; x_wconf 74' lang='lat' dir='ltr'>rimuS,</span> <span class='ocrx_word' id='word_1_203' title='bbox 409 2911 571 2994; x_wconf 90' lang='lat' dir='ltr'>retdatis,</span> <span class='ocrx_word' id='word_1_204' title='bbox 589 2911 635 2977; x_wconf 89' lang='lat' dir='ltr'>ad</span> <span class='ocrx_word' id='word_1_205' title='bbox 651 2910 825 2977; x_wconf 90' lang='lat' dir='ltr'>abendum</span> <span class='ocrx_word' id='word_1_206' title='bbox 851 2907 911 3000; x_wconf 85' lang='lat' dir='ltr'>ille</span> <span class='ocrx_word' id='word_1_207' title='bbox 934 2907 1028 2973; x_wconf 90' lang='lat' dir='ltr'>omni</span> <span class='ocrx_word' id='word_1_208' title='bbox 1046 2913 1201 2993; x_wconf 89' lang='lat' dir='ltr'>tempore</span> <span class='ocrx_word' id='word_1_209' title='bbox 1217 2927 1301 2995; x_wconf 89' lang='lat' dir='ltr'>pars</span> <span class='ocrx_word' id='word_1_210' title='bbox 1316 2908 1427 2974; x_wconf 89' lang='lat' dir='ltr'>nostri</span> <span class='ocrx_word' id='word_1_211' title='bbox 1443 2909 1651 2975; x_wconf 91' lang='lat' dir='ltr'>monasterii</span> <span class='ocrx_word' id='word_1_212' title='bbox 1669 2907 1707 2973; x_wconf 94' lang='lat' dir='ltr'>in</span> <span class='ocrx_word' id='word_1_213' title='bbox 1724 2910 1930 2995; x_wconf 88' lang='lat' dir='ltr'>supradicta</span> <span class='ocrx_word' id='word_1_214' title='bbox 1945 2913 2085 2979; x_wconf 91' lang='lat' dir='ltr'>ratione</span> <span class='ocrx_word' id='word_1_215' title='bbox 2092 2933 2100 2996; x_wconf 91' lang='lat'>;</span> 
     </span>
     <span class='ocr_line' id='line_1_17' title="bbox 258 3057 2148 3156; baseline 0.002 -31"><span class='ocrx_word' id='word_1_216' title='bbox 258 3081 364 3148; x_wconf 88' lang='lat' dir='ltr'>quam</span> <span class='ocrx_word' id='word_1_217' title='bbox 390 3061 501 3130; x_wconf 88' lang='lat' dir='ltr'>etiam</span> <span class='ocrx_word' id='word_1_218' title='bbox 517 3065 552 3128; x_wconf 86' lang='lat' dir='ltr'>et</span> <span class='ocrx_word' id='word_1_219' title='bbox 568 3061 729 3128; x_wconf 86' lang='lat' dir='ltr'>dedimus</span> <span class='ocrx_word' id='word_1_220' title='bbox 753 3061 850 3128; x_wconf 88' lang='lat' dir='ltr'>vobis</span> <span class='ocrx_word' id='word_1_221' title='bbox 873 3079 936 3145; x_wconf 91' lang='lat' dir='ltr'>pro</span> <span class='ocrx_word' id='word_1_222' title='bbox 960 3061 1036 3126; x_wconf 89' lang='lat' dir='ltr'>vice</span> <span class='ocrx_word' id='word_1_223' title='bbox 1058 3058 1215 3144; x_wconf 89' lang='lat' dir='ltr'>predicte</span> <span class='ocrx_word' id='word_1_224' title='bbox 1239 3057 1410 3126; x_wconf 89' lang='lat' dir='ltr'>hecclesie</span> <span class='ocrx_word' id='word_1_225' title='bbox 1435 3077 1508 3126; x_wconf 91' lang='lat' dir='ltr'>una</span> <span class='ocrx_word' id='word_1_226' title='bbox 1532 3057 1693 3144; x_wconf 87' lang='lat' dir='ltr'>scribtio,</span> <span class='ocrx_word' id='word_1_227' title='bbox 1717 3061 1871 3143; x_wconf 84' lang='lat' dir='ltr'>qualiter</span> <span class='ocrx_word' id='word_1_228' title='bbox 1894 3081 1960 3156; x_wconf 80' lang='lat' dir='ltr'>ego</span> <span class='ocrx_word' id='word_1_229' title='bbox 1975 3081 2099 3148; x_wconf 89' lang='lat' dir='ltr'>preno·</span> <span class='ocrx_word' id='word_1_230' title='bbox 2144 3058 2148 3068; x_wconf 87' lang='grc'><strong>’</strong></span> 
     </span>
     <span class='ocr_line' id='line_1_18' title="bbox 260 3211 2099 3310; baseline 0.001 -30"><span class='ocrx_word' id='word_1_231' title='bbox 260 3217 415 3283; x_wconf 88' lang='lat' dir='ltr'>minatus</span> <span class='ocrx_word' id='word_1_232' title='bbox 441 3215 599 3284; x_wconf 89' lang='lat' dir='ltr'>sellictus</span> <span class='ocrx_word' id='word_1_233' title='bbox 623 3231 696 3278; x_wconf 92' lang='lat' dir='ltr'>una</span> <span class='ocrx_word' id='word_1_234' title='bbox 719 3231 799 3278; x_wconf 91' lang='lat' dir='ltr'>cum</span> <span class='ocrx_word' id='word_1_235' title='bbox 815 3215 887 3310; x_wconf 86' lang='lat' dir='ltr'>toto</span> <span class='ocrx_word' id='word_1_236' title='bbox 903 3211 1150 3280; x_wconf 89' lang='lat' dir='ltr'>adbocatorem</span> <span class='ocrx_word' id='word_1_237' title='bbox 1173 3216 1333 3280; x_wconf 89' lang='lat' dir='ltr'>nostrum</span> <span class='ocrx_word' id='word_1_238' title='bbox 1349 3215 1437 3280; x_wconf 85' lang='lat' dir='ltr'>ante·</span> <span class='ocrx_word' id='word_1_239' title='bbox 1450 3213 1633 3297; x_wconf 89' lang='lat' dir='ltr'>presentia</span> <span class='ocrx_word' id='word_1_240' title='bbox 1655 3212 1775 3279; x_wconf 89' lang='lat' dir='ltr'>domni</span> <span class='ocrx_word' id='word_1_241' title='bbox 1792 3214 1952 3282; x_wconf 89' lang='lat' dir='ltr'>radoaldi</span> <span class='ocrx_word' id='word_1_242' title='bbox 1978 3217 2099 3284; x_wconf 89' lang='lat' dir='ltr'>abbati</span> 
     </span>
     <span class='ocr_line' id='line_1_19' title="bbox 255 3361 2101 3448; baseline -0.001 -15"><span class='ocrx_word' id='word_1_243' title='bbox 255 3373 291 3436; x_wconf 90' lang='lat' dir='ltr'>et</span> <span class='ocrx_word' id='word_1_244' title='bbox 304 3367 366 3436; x_wconf 91' lang='lat' dir='ltr'>alii</span> <span class='ocrx_word' id='word_1_245' title='bbox 379 3370 487 3435; x_wconf 88' lang='lat' dir='ltr'>testes</span> <span class='ocrx_word' id='word_1_246' title='bbox 498 3362 627 3433; x_wconf 90' lang='lat' dir='ltr'>dibidit</span> <span class='ocrx_word' id='word_1_247' title='bbox 638 3383 719 3430; x_wconf 90' lang='lat' dir='ltr'>cum</span> <span class='ocrx_word' id='word_1_248' title='bbox 731 3363 938 3430; x_wconf 88' lang='lat' dir='ltr'>benedictus</span> <span class='ocrx_word' id='word_1_249' title='bbox 953 3366 989 3429; x_wconf 89' lang='lat' dir='ltr'>et</span> <span class='ocrx_word' id='word_1_250' title='bbox 1001 3362 1220 3448; x_wconf 86' lang='lat' dir='ltr'>grimoaldus</span> <span class='ocrx_word' id='word_1_251' title='bbox 1232 3366 1267 3429; x_wconf 91' lang='lat' dir='ltr'>et</span> <span class='ocrx_word' id='word_1_252' title='bbox 1280 3363 1453 3430; x_wconf 88' lang='lat' dir='ltr'>iohannes</span> <span class='ocrx_word' id='word_1_253' title='bbox 1469 3366 1504 3430; x_wconf 89' lang='lat' dir='ltr'>et</span> <span class='ocrx_word' id='word_1_254' title='bbox 1516 3361 1696 3430; x_wconf 83' lang='lat' dir='ltr'>balsamus</span> <span class='ocrx_word' id='word_1_255' title='bbox 1712 3366 1876 3448; x_wconf 83' lang='lat' dir='ltr'>germani</span> <span class='ocrx_word' id='word_1_256' title='bbox 1893 3365 1959 3432; x_wconf 90' lang='lat' dir='ltr'>filii</span> <span class='ocrx_word' id='word_1_257' title='bbox 1977 3367 2101 3436; x_wconf 88' lang='lat' dir='ltr'>iohan-</span> 
     </span>
     <span class='ocr_line' id='line_1_20' title="bbox 257 3514 2101 3606; baseline -0.001 -20"><span class='ocrx_word' id='word_1_258' title='bbox 257 3522 291 3586; x_wconf 91' lang='lat' dir='ltr'>ni</span> <span class='ocrx_word' id='word_1_259' title='bbox 310 3527 409 3590; x_wconf 89' lang='lat' dir='ltr'>terra</span> <span class='ocrx_word' id='word_1_260' title='bbox 424 3539 505 3587; x_wconf 90' lang='lat' dir='ltr'>cum</span> <span class='ocrx_word' id='word_1_261' title='bbox 517 3517 676 3606; x_wconf 89' lang='lat' dir='ltr'>passtino</span> <span class='ocrx_word' id='word_1_262' title='bbox 692 3516 734 3582; x_wconf 90' lang='lat' dir='ltr'>de</span> <span class='ocrx_word' id='word_1_263' title='bbox 751 3515 865 3581; x_wconf 90' lang='lat' dir='ltr'>locum</span> <span class='ocrx_word' id='word_1_264' title='bbox 878 3514 1070 3601; x_wconf 90' lang='lat' dir='ltr'>mitilian0,</span> <span class='ocrx_word' id='word_1_265' title='bbox 1085 3515 1171 3581; x_wconf 90' lang='lat' dir='ltr'>hubi</span> <span class='ocrx_word' id='word_1_266' title='bbox 1184 3515 1325 3601; x_wconf 91' lang='lat' dir='ltr'>proprio</span> <span class='ocrx_word' id='word_1_267' title='bbox 1338 3515 1494 3601; x_wconf 90' lang='lat' dir='ltr'>aquabia</span> <span class='ocrx_word' id='word_1_268' title='bbox 1505 3517 1666 3601; x_wconf 88' lang='lat' dir='ltr'>bocatur,</span> <span class='ocrx_word' id='word_1_269' title='bbox 1679 3535 1741 3600; x_wconf 86' lang='lat' dir='ltr'>per</span> <span class='ocrx_word' id='word_1_270' title='bbox 1758 3517 1892 3588; x_wconf 83' lang='lat' dir='ltr'>tiniset</span> <span class='ocrx_word' id='word_1_271' title='bbox 1908 3521 2101 3604; x_wconf 87' lang='lat' dir='ltr'>mensurie,</span> 
     </span>
     <span class='ocr_line' id='line_1_21' title="bbox 256 3664 2102 3758; baseline -0.002 -18"><span class='ocrx_word' id='word_1_272' title='bbox 256 3674 425 3742; x_wconf 84' lang='lat' dir='ltr'>undenos</span> <span class='ocrx_word' id='word_1_273' title='bbox 449 3671 746 3758; x_wconf 88' lang='lat' dir='ltr'>compreensimus</span> <span class='ocrx_word' id='word_1_274' title='bbox 761 3685 825 3754; x_wconf 91' lang='lat' dir='ltr'>pro</span> <span class='ocrx_word' id='word_1_275' title='bbox 842 3666 917 3733; x_wconf 87' lang='lat' dir='ltr'>vice</span> <span class='ocrx_word' id='word_1_276' title='bbox 933 3664 1084 3752; x_wconf 90' lang='lat' dir='ltr'>predicti</span> <span class='ocrx_word' id='word_1_277' title='bbox 1100 3667 1211 3733; x_wconf 85' lang='lat' dir='ltr'>nostri</span> <span class='ocrx_word' id='word_1_278' title='bbox 1229 3665 1436 3734; x_wconf 89' lang='lat' dir='ltr'>monasterii</span> <span class='ocrx_word' id='word_1_279' title='bbox 1454 3667 1647 3734; x_wconf 91' lang='lat' dir='ltr'>sortionem</span> <span class='ocrx_word' id='word_1_280' title='bbox 1663 3687 1751 3754; x_wconf 89' lang='lat' dir='ltr'>erga</span> <span class='ocrx_word' id='word_1_281' title='bbox 1774 3667 1849 3754; x_wconf 89' lang='lat' dir='ltr'>ipso</span> <span class='ocrx_word' id='word_1_282' title='bbox 1866 3669 1981 3755; x_wconf 76' lang='lat' dir='ltr'>ribuS,</span> <span class='ocrx_word' id='word_1_283' title='bbox 1996 3689 2102 3756; x_wconf 89' lang='lat' dir='ltr'>quem</span> 
     </span>
     <span class='ocr_line' id='line_1_22' title="bbox 256 3817 2101 3914; baseline -0.004 -21"><span class='ocrx_word' id='word_1_284' title='bbox 256 3827 415 3914; x_wconf 90' lang='lat' dir='ltr'>superius</span> <span class='ocrx_word' id='word_1_285' title='bbox 439 3826 538 3893; x_wconf 88' lang='lat' dir='ltr'>vobis</span> <span class='ocrx_word' id='word_1_286' title='bbox 566 3820 867 3906; x_wconf 76' lang='lat' dir='ltr'>confirmabimuS,</span> <span class='ocrx_word' id='word_1_287' title='bbox 890 3825 925 3887; x_wconf 90' lang='lat' dir='ltr'>et</span> <span class='ocrx_word' id='word_1_288' title='bbox 949 3819 1093 3886; x_wconf 90' lang='lat' dir='ltr'>illorum</span> <span class='ocrx_word' id='word_1_289' title='bbox 1114 3818 1327 3886; x_wconf 81' lang='lat' dir='ltr'>tradidimus</span> <span class='ocrx_word' id='word_1_290' title='bbox 1350 3817 1433 3884; x_wconf 90' lang='lat' dir='ltr'>inde</span> <span class='ocrx_word' id='word_1_291' title='bbox 1455 3818 1494 3884; x_wconf 91' lang='lat' dir='ltr'>in</span> <span class='ocrx_word' id='word_1_292' title='bbox 1517 3821 1610 3886; x_wconf 88' lang='lat' dir='ltr'>sorte</span> <span class='ocrx_word' id='word_1_293' title='bbox 1635 3819 1712 3904; x_wconf 87' lang='lat' dir='ltr'>ipsa</span> <span class='ocrx_word' id='word_1_294' title='bbox 1737 3819 1812 3888; x_wconf 90' lang='lat' dir='ltr'>alia</span> <span class='ocrx_word' id='word_1_295' title='bbox 1828 3823 2021 3888; x_wconf 86' lang='lat' dir='ltr'>sortionem</span> <span class='ocrx_word' id='word_1_296' title='bbox 2039 3841 2101 3906; x_wconf 90' lang='lat' dir='ltr'>per</span> 
     </span>
     <span class='ocr_line' id='line_1_23' title="bbox 255 3969 2101 4062; baseline 0.002 -20"><span class='ocrx_word' id='word_1_297' title='bbox 255 3977 335 4044; x_wconf 83' lang='lat' dir='ltr'>nnis</span> <span class='ocrx_word' id='word_1_298' title='bbox 349 3984 384 4046; x_wconf 89' lang='lat' dir='ltr'>et</span> <span class='ocrx_word' id='word_1_299' title='bbox 400 3975 593 4061; x_wconf 88' lang='lat' dir='ltr'>mensurie,</span> <span class='ocrx_word' id='word_1_300' title='bbox 618 3975 711 4041; x_wconf 91' lang='lat' dir='ltr'>sicut</span> <span class='ocrx_word' id='word_1_301' title='bbox 735 3972 812 4057; x_wconf 87' lang='lat' dir='ltr'>ipsa</span> <span class='ocrx_word' id='word_1_302' title='bbox 827 3969 972 4039; x_wconf 88' lang='lat' dir='ltr'>scribtio</span> <span class='ocrx_word' id='word_1_303' title='bbox 995 3973 1168 4056; x_wconf 86' lang='lat' dir='ltr'>continet,</span> <span class='ocrx_word' id='word_1_304' title='bbox 1186 3977 1221 4038; x_wconf 89' lang='lat' dir='ltr'>et</span> <span class='ocrx_word' id='word_1_305' title='bbox 1236 3993 1299 4060; x_wconf 90' lang='lat' dir='ltr'>per</span> <span class='ocrx_word' id='word_1_306' title='bbox 1315 3974 1393 4060; x_wconf 89' lang='lat' dir='ltr'>ipsa</span> <span class='ocrx_word' id='word_1_307' title='bbox 1408 3975 1554 4040; x_wconf 87' lang='lat' dir='ltr'>scribtio</span> <span class='ocrx_word' id='word_1_308' title='bbox 1577 3973 1839 4060; x_wconf 82' lang='lat' dir='ltr'>tingnaberunt</span> <span class='ocrx_word' id='word_1_309' title='bbox 1862 3976 1945 4043; x_wconf 92' lang='lat' dir='ltr'>illut</span> <span class='ocrx_word' id='word_1_310' title='bbox 1961 3977 1998 4042; x_wconf 93' lang='lat' dir='ltr'>in</span> <span class='ocrx_word' id='word_1_311' title='bbox 2016 3997 2101 4062; x_wconf 91' lang='lat' dir='ltr'>pars</span> 
     </span>
     <span class='ocr_line' id='line_1_24' title="bbox 255 4124 2099 4216; baseline 0 -20"><span class='ocrx_word' id='word_1_312' title='bbox 255 4131 402 4216; x_wconf 86' lang='lat' dir='ltr'>predicti</span> <span class='ocrx_word' id='word_1_313' title='bbox 426 4130 537 4198; x_wconf 87' lang='lat' dir='ltr'>nostri</span> <span class='ocrx_word' id='word_1_314' title='bbox 554 4127 776 4212; x_wconf 89' lang='lat' dir='ltr'>monasterii,</span> <span class='ocrx_word' id='word_1_315' title='bbox 800 4127 936 4210; x_wconf 91' lang='lat' dir='ltr'>scripta</span> <span class='ocrx_word' id='word_1_316' title='bbox 958 4125 1106 4192; x_wconf 87' lang='lat' dir='ltr'>scribtio</span> <span class='ocrx_word' id='word_1_317' title='bbox 1127 4124 1198 4192; x_wconf 91' lang='lat' dir='ltr'>ista</span> <span class='ocrx_word' id='word_1_318' title='bbox 1214 4144 1277 4210; x_wconf 91' lang='lat' dir='ltr'>per</span> <span class='ocrx_word' id='word_1_319' title='bbox 1292 4127 1466 4194; x_wconf 90' lang='lat' dir='ltr'>iohannes</span> <span class='ocrx_word' id='word_1_320' title='bbox 1489 4127 1650 4194; x_wconf 86' lang='lat' dir='ltr'>notarius</span> <span class='ocrx_word' id='word_1_321' title='bbox 1675 4131 1841 4195; x_wconf 87' lang='lat' dir='ltr'>roborata</span> <span class='ocrx_word' id='word_1_322' title='bbox 1865 4127 2099 4196; x_wconf 85' lang='lat' dir='ltr'>sufficienter:</span> 
     </span>
     <span class='ocr_line' id='line_1_25' title="bbox 256 4259 2192 4368; baseline -0.004 -20"><span class='ocrx_word' id='word_1_323' title='bbox 256 4283 414 4368; x_wconf 89' lang='lat' dir='ltr'>predicta</span> <span class='ocrx_word' id='word_1_324' title='bbox 438 4281 585 4350; x_wconf 89' lang='lat' dir='ltr'>scribtio</span> <span class='ocrx_word' id='word_1_325' title='bbox 600 4279 698 4345; x_wconf 87' lang='lat' dir='ltr'>vobis</span> <span class='ocrx_word' id='word_1_326' title='bbox 713 4259 873 4345; x_wconf 88' lang='lat' dir='ltr'>dedimus</span> <span class='ocrx_word' id='word_1_327' title='bbox 896 4295 959 4362; x_wconf 90' lang='lat' dir='ltr'>pro</span> <span class='ocrx_word' id='word_1_328' title='bbox 982 4275 1219 4344; x_wconf 82' lang='lat' dir='ltr'>defensionem</span> <span class='ocrx_word' id='word_1_329' title='bbox 1235 4277 1278 4342; x_wconf 91' lang='lat' dir='ltr'>de</span> <span class='ocrx_word' id='word_1_330' title='bbox 1294 4277 1500 4363; x_wconf 89' lang='lat' dir='ltr'>supradicta</span> <span class='ocrx_word' id='word_1_331' title='bbox 1516 4281 1634 4362; x_wconf 79' lang='lat' dir='ltr'>rebuS,</span> <span class='ocrx_word' id='word_1_332' title='bbox 1651 4282 1688 4344; x_wconf 87' lang='lat' dir='ltr'>et</span> <span class='ocrx_word' id='word_1_333' title='bbox 1705 4279 2011 4363; x_wconf 89' lang='lat' dir='ltr'>quemammodum</span> <span class='ocrx_word' id='word_1_334' title='bbox 2030 4278 2099 4362; x_wconf 89' lang='lat' dir='ltr'>ipsi</span> <span class='ocrx_word' id='word_1_335' title='bbox 2189 4361 2192 4367; x_wconf 26' lang='grc' dir='ltr'>Ι</span> 
     </span>
     <span class='ocr_line' id='line_1_26' title="bbox 254 4427 2100 4519; baseline -0.002 -21"><span class='ocrx_word' id='word_1_336' title='bbox 254 4435 485 4519; x_wconf 88' lang='lat' dir='ltr'>benedictus,</span> <span class='ocrx_word' id='word_1_337' title='bbox 514 4437 550 4500; x_wconf 91' lang='lat' dir='ltr'>et</span> <span class='ocrx_word' id='word_1_338' title='bbox 573 4433 770 4515; x_wconf 75' lang='lat' dir='ltr'>ichaunae,</span> <span class='ocrx_word' id='word_1_339' title='bbox 798 4433 833 4496; x_wconf 88' lang='lat' dir='ltr'>et</span> <span class='ocrx_word' id='word_1_340' title='bbox 856 4429 1060 4512; x_wconf 77' lang='lat' dir='ltr'>balsamuS,</span> <span class='ocrx_word' id='word_1_341' title='bbox 1088 4430 1125 4494; x_wconf 92' lang='lat' dir='ltr'>et</span> <span class='ocrx_word' id='word_1_342' title='bbox 1150 4427 1369 4512; x_wconf 84' lang='lat' dir='ltr'>grimoaldus</span> <span class='ocrx_word' id='word_1_343' title='bbox 1393 4428 1471 4514; x_wconf 90' lang='lat' dir='ltr'>ipsa</span> <span class='ocrx_word' id='word_1_344' title='bbox 1496 4447 1561 4495; x_wconf 91' lang='lat' dir='ltr'>sua</span> <span class='ocrx_word' id='word_1_345' title='bbox 1583 4428 1737 4492; x_wconf 87' lang='lat' dir='ltr'>sortione</span> <span class='ocrx_word' id='word_1_346' title='bbox 1764 4429 1807 4494; x_wconf 93' lang='lat' dir='ltr'>de</span> <span class='ocrx_word' id='word_1_347' title='bbox 1830 4428 1909 4512; x_wconf 89' lang='lat' dir='ltr'>ipsa</span> <span class='ocrx_word' id='word_1_348' title='bbox 1932 4431 2037 4495; x_wconf 87' lang='lat' dir='ltr'>rebus</span> <span class='ocrx_word' id='word_1_349' title='bbox 2061 4429 2100 4495; x_wconf 89' lang='lat' dir='ltr'>iu</span> 
     </span>
     <span class='ocr_line' id='line_1_27' title="bbox 253 4575 2100 4678; baseline -0.002 -28"><span class='ocrx_word' id='word_1_350' title='bbox 253 4584 409 4669; x_wconf 86' lang='lat' dir='ltr'>predicto</span> <span class='ocrx_word' id='word_1_351' title='bbox 436 4589 556 4678; x_wconf 88' lang='lat' dir='ltr'>nostro</span> <span class='ocrx_word' id='word_1_352' title='bbox 578 4581 794 4650; x_wconf 90' lang='lat' dir='ltr'>monasterio</span> <span class='ocrx_word' id='word_1_353' title='bbox 816 4599 879 4665; x_wconf 91' lang='lat' dir='ltr'>per</span> <span class='ocrx_word' id='word_1_354' title='bbox 903 4580 980 4664; x_wconf 91' lang='lat' dir='ltr'>ipsa</span> <span class='ocrx_word' id='word_1_355' title='bbox 1004 4577 1150 4644; x_wconf 91' lang='lat' dir='ltr'>scribtio</span> <span class='ocrx_word' id='word_1_356' title='bbox 1174 4575 1382 4663; x_wconf 84' lang='lat' dir='ltr'>tingnatum</span> <span class='ocrx_word' id='word_1_357' title='bbox 1404 4579 1440 4642; x_wconf 89' lang='lat' dir='ltr'>et</span> <span class='ocrx_word' id='word_1_358' title='bbox 1456 4576 1653 4662; x_wconf 87' lang='lat' dir='ltr'>obligatum</span> <span class='ocrx_word' id='word_1_359' title='bbox 1675 4577 1868 4662; x_wconf 83' lang='lat' dir='ltr'>abuerunt,</span> <span class='ocrx_word' id='word_1_360' title='bbox 1894 4579 1944 4645; x_wconf 88' lang='lat' dir='ltr'>ita</span> <span class='ocrx_word' id='word_1_361' title='bbox 1961 4599 2100 4665; x_wconf 89' lang='lat' dir='ltr'>semper</span> 
     </span>
     <span class='ocr_line' id='line_1_28' title="bbox 252 4727 2101 4822; baseline 0.001 -23"><span class='ocrx_word' id='word_1_362' title='bbox 252 4735 435 4822; x_wconf 85' lang='lat' dir='ltr'>tignatum</span> <span class='ocrx_word' id='word_1_363' title='bbox 458 4741 494 4803; x_wconf 87' lang='lat' dir='ltr'>et</span> <span class='ocrx_word' id='word_1_364' title='bbox 516 4735 714 4821; x_wconf 84' lang='lat' dir='ltr'>obligatum</span> <span class='ocrx_word' id='word_1_365' title='bbox 737 4752 874 4819; x_wconf 86' lang='lat' dir='ltr'>semper</span> <span class='ocrx_word' id='word_1_366' title='bbox 898 4734 1068 4799; x_wconf 86' lang='lat' dir='ltr'>maneant</span> <span class='ocrx_word' id='word_1_367' title='bbox 1090 4731 1128 4795; x_wconf 92' lang='lat' dir='ltr'>in</span> <span class='ocrx_word' id='word_1_368' title='bbox 1152 4746 1235 4814; x_wconf 86' lang='lat' dir='ltr'>pars</span> <span class='ocrx_word' id='word_1_369' title='bbox 1257 4727 1415 4816; x_wconf 90' lang='lat' dir='ltr'>predicte</span> <span class='ocrx_word' id='word_1_370' title='bbox 1444 4729 1560 4792; x_wconf 91' lang='lat' dir='ltr'>vestre</span> <span class='ocrx_word' id='word_1_371' title='bbox 1584 4727 1755 4794; x_wconf 80' lang='lat' dir='ltr'>liecclesie</span> <span class='ocrx_word' id='word_1_372' title='bbox 1778 4731 1893 4798; x_wconf 89' lang='lat' dir='ltr'>sancti</span> <span class='ocrx_word' id='word_1_373' title='bbox 1921 4733 2101 4818; x_wconf 82' lang='lat' dir='ltr'>maximi,</span> 
     </span>
     <span class='ocr_line' id='line_1_29' title="bbox 254 4849 2103 4972; baseline 0.001 -22"><span class='ocrx_word' id='word_1_374' title='bbox 254 4891 289 4952; x_wconf 89' lang='lat' dir='ltr'>ut</span> <span class='ocrx_word' id='word_1_375' title='bbox 312 4890 363 4954; x_wconf 87' lang='lat' dir='ltr'>sic</span> <span class='ocrx_word' id='word_1_376' title='bbox 389 4906 526 4972; x_wconf 87' lang='lat' dir='ltr'>semper</span> <span class='ocrx_word' id='word_1_377' title='bbox 550 4907 630 4954; x_wconf 91' lang='lat' dir='ltr'>cum</span> <span class='ocrx_word' id='word_1_378' title='bbox 654 4886 707 4954; x_wconf 89' lang='lat' dir='ltr'>eis</span> <span class='ocrx_word' id='word_1_379' title='bbox 722 4849 899 4952; x_wconf 82' lang='lat' dir='ltr'>maneatis</span> <span class='ocrx_word' id='word_1_380' title='bbox 917 4884 1013 4967; x_wconf 91' lang='lat' dir='ltr'>inde,</span> <span class='ocrx_word' id='word_1_381' title='bbox 1039 4881 1145 4948; x_wconf 89' lang='lat' dir='ltr'>sicuti</span> <span class='ocrx_word' id='word_1_382' title='bbox 1170 4899 1252 4964; x_wconf 90' lang='lat' dir='ltr'>pars</span> <span class='ocrx_word' id='word_1_383' title='bbox 1276 4879 1389 4944; x_wconf 91' lang='lat' dir='ltr'>nostri</span> <span class='ocrx_word' id='word_1_384' title='bbox 1415 4879 1640 4946; x_wconf 87' lang='lat' dir='ltr'>monasteriis</span> <span class='ocrx_word' id='word_1_385' title='bbox 1666 4898 1745 4943; x_wconf 91' lang='lat' dir='ltr'>cum</span> <span class='ocrx_word' id='word_1_386' title='bbox 1770 4878 1843 4946; x_wconf 90' lang='lat' dir='ltr'>illis</span> <span class='ocrx_word' id='word_1_387' title='bbox 1869 4882 1950 4950; x_wconf 90' lang='lat' dir='ltr'>inde</span> <span class='ocrx_word' id='word_1_388' title='bbox 1967 4903 2103 4969; x_wconf 89' lang='lat' dir='ltr'>perma-</span> 
     </span>
     <span class='ocr_line' id='line_1_30' title="bbox 252 5031 2102 5123; baseline 0.001 -19"><span class='ocrx_word' id='word_1_389' title='bbox 252 5058 332 5107; x_wconf 88' lang='lat' dir='ltr'>nere</span> <span class='ocrx_word' id='word_1_390' title='bbox 359 5039 507 5122; x_wconf 90' lang='lat' dir='ltr'>debuit,</span> <span class='ocrx_word' id='word_1_391' title='bbox 537 5039 634 5104; x_wconf 91' lang='lat' dir='ltr'>belut</span> <span class='ocrx_word' id='word_1_392' title='bbox 657 5035 863 5123; x_wconf 88' lang='lat' dir='ltr'>supradicta</span> <span class='ocrx_word' id='word_1_393' title='bbox 886 5035 1032 5102; x_wconf 88' lang='lat' dir='ltr'>scribtio</span> <span class='ocrx_word' id='word_1_394' title='bbox 1055 5033 1227 5118; x_wconf 90' lang='lat' dir='ltr'>continet;</span> <span class='ocrx_word' id='word_1_395' title='bbox 1255 5035 1291 5098; x_wconf 89' lang='lat' dir='ltr'>et</span> <span class='ocrx_word' id='word_1_396' title='bbox 1318 5033 1459 5117; x_wconf 90' lang='lat' dir='ltr'>quando</span> <span class='ocrx_word' id='word_1_397' title='bbox 1482 5049 1546 5099; x_wconf 92' lang='lat' dir='ltr'>nos</span> <span class='ocrx_word' id='word_1_398' title='bbox 1569 5031 1773 5116; x_wconf 86' lang='lat' dir='ltr'>quesieritis</span> <span class='ocrx_word' id='word_1_399' title='bbox 1801 5039 1934 5104; x_wconf 90' lang='lat' dir='ltr'>habere</span> <span class='ocrx_word' id='word_1_400' title='bbox 1959 5043 2102 5106; x_wconf 85' lang='lat' dir='ltr'>autores</span> 
     </span>
     <span class='ocr_line' id='line_1_31' title="bbox 249 5183 2100 5280; baseline -0.001 -22"><span class='ocrx_word' id='word_1_401' title='bbox 249 5192 292 5260; x_wconf 87' lang='lat' dir='ltr'>de</span> <span class='ocrx_word' id='word_1_402' title='bbox 316 5192 523 5280; x_wconf 88' lang='lat' dir='ltr'>supradicta</span> <span class='ocrx_word' id='word_1_403' title='bbox 550 5193 674 5256; x_wconf 89' lang='lat' dir='ltr'>nostra</span> <span class='ocrx_word' id='word_1_404' title='bbox 700 5185 963 5273; x_wconf 89' lang='lat' dir='ltr'>bicariatione,</span> <span class='ocrx_word' id='word_1_405' title='bbox 991 5187 1081 5253; x_wconf 90' lang='lat' dir='ltr'>detis</span> <span class='ocrx_word' id='word_1_406' title='bbox 1109 5183 1211 5250; x_wconf 91' lang='lat' dir='ltr'>nobis</span> <span class='ocrx_word' id='word_1_407' title='bbox 1233 5189 1269 5252; x_wconf 92' lang='lat' dir='ltr'>et</span> <span class='ocrx_word' id='word_1_408' title='bbox 1295 5185 1340 5252; x_wconf 94' lang='lat' dir='ltr'>ad</span> <span class='ocrx_word' id='word_1_409' title='bbox 1363 5201 1447 5269; x_wconf 90' lang='lat' dir='ltr'>pars</span> <span class='ocrx_word' id='word_1_410' title='bbox 1474 5183 1624 5268; x_wconf 91' lang='lat' dir='ltr'>predicti</span> <span class='ocrx_word' id='word_1_411' title='bbox 1653 5187 1765 5272; x_wconf 83' lang='lat' dir='ltr'>nostri</span> <span class='ocrx_word' id='word_1_412' title='bbox 1794 5189 2002 5257; x_wconf 88' lang='lat' dir='ltr'>monasterii</span> <span class='ocrx_word' id='word_1_413' title='bbox 2031 5190 2100 5258; x_wconf 88' lang='lat' dir='ltr'>ista</span> 
     </span>
     <span class='ocr_line' id='line_1_32' title="bbox 249 5334 2102 5428; baseline -0.002 -18"><span class='ocrx_word' id='word_1_414' title='bbox 249 5342 410 5428; x_wconf 90' lang='lat' dir='ltr'>scribtio,</span> <span class='ocrx_word' id='word_1_415' title='bbox 427 5341 519 5427; x_wconf 92' lang='lat' dir='ltr'>quod</span> <span class='ocrx_word' id='word_1_416' title='bbox 536 5343 634 5409; x_wconf 83' lang='lat' dir='ltr'>vobis</span> <span class='ocrx_word' id='word_1_417' title='bbox 650 5339 750 5406; x_wconf 88' lang='lat' dir='ltr'>modo</span> <span class='ocrx_word' id='word_1_418' title='bbox 766 5337 939 5423; x_wconf 74' lang='lat' dir='ltr'>dedimuS,</span> <span class='ocrx_word' id='word_1_419' title='bbox 957 5335 1133 5403; x_wconf 89' lang='lat' dir='ltr'>abendum</span> <span class='ocrx_word' id='word_1_420' title='bbox 1149 5353 1213 5400; x_wconf 90' lang='lat' dir='ltr'>nos</span> <span class='ocrx_word' id='word_1_421' title='bbox 1231 5334 1296 5402; x_wconf 91' lang='lat' dir='ltr'>illa</span> <span class='ocrx_word' id='word_1_422' title='bbox 1312 5353 1422 5419; x_wconf 90' lang='lat' dir='ltr'>usque</span> <span class='ocrx_word' id='word_1_423' title='bbox 1437 5334 1512 5401; x_wconf 90' lang='lat' dir='ltr'>dies</span> <span class='ocrx_word' id='word_1_424' title='bbox 1528 5335 1811 5422; x_wconf 86' lang='lat' dir='ltr'>quaddraginta,</span> <span class='ocrx_word' id='word_1_425' title='bbox 1828 5341 1863 5405; x_wconf 90' lang='lat' dir='ltr'>et</span> <span class='ocrx_word' id='word_1_426' title='bbox 1879 5357 1943 5404; x_wconf 89' lang='lat' dir='ltr'>nos</span> <span class='ocrx_word' id='word_1_427' title='bbox 1965 5344 2001 5406; x_wconf 88' lang='lat' dir='ltr'>et</span> <span class='ocrx_word' id='word_1_428' title='bbox 2020 5359 2102 5424; x_wconf 83' lang='lat' dir='ltr'>pars</span> 
     </span>
     <span class='ocr_line' id='line_1_33' title="bbox 249 5483 2102 5577; baseline -0.003 -15"><span class='ocrx_word' id='word_1_429' title='bbox 249 5494 360 5562; x_wconf 90' lang='lat' dir='ltr'>nostri</span> <span class='ocrx_word' id='word_1_430' title='bbox 397 5490 607 5560; x_wconf 88' lang='lat' dir='ltr'>monasterii</span> <span class='ocrx_word' id='word_1_431' title='bbox 634 5487 839 5576; x_wconf 90' lang='lat' dir='ltr'>supradicta</span> <span class='ocrx_word' id='word_1_432' title='bbox 867 5485 1004 5555; x_wconf 91' lang='lat' dir='ltr'>bicaria</span> <span class='ocrx_word' id='word_1_433' title='bbox 1030 5483 1129 5552; x_wconf 92' lang='lat' dir='ltr'>vobis</span> <span class='ocrx_word' id='word_1_434' title='bbox 1153 5485 1398 5570; x_wconf 85' lang='lat' dir='ltr'>defensemus,</span> <span class='ocrx_word' id='word_1_435' title='bbox 1426 5487 1520 5554; x_wconf 89' lang='lat' dir='ltr'>sicut</span> <span class='ocrx_word' id='word_1_436' title='bbox 1542 5504 1652 5572; x_wconf 89' lang='lat' dir='ltr'>supra</span> <span class='ocrx_word' id='word_1_437' title='bbox 1678 5486 1836 5573; x_wconf 86' lang='lat' dir='ltr'>legitur,</span> <span class='ocrx_word' id='word_1_438' title='bbox 1862 5493 1898 5556; x_wconf 90' lang='lat' dir='ltr'>et</span> <span class='ocrx_word' id='word_1_439' title='bbox 1924 5494 2001 5575; x_wconf 89' lang='lat' dir='ltr'>post</span> <span class='ocrx_word' id='word_1_440' title='bbox 2027 5490 2102 5577; x_wconf 85' lang='lat' dir='ltr'>ipse</span> 
     </span>
     <span class='ocr_line' id='line_1_34' title="bbox 247 5635 2103 5731; baseline -0.002 -17"><span class='ocrx_word' id='word_1_441' title='bbox 247 5645 516 5731; x_wconf 85' lang='lat' dir='ltr'>quaddraginta</span> <span class='ocrx_word' id='word_1_442' title='bbox 541 5644 615 5711; x_wconf 89' lang='lat' dir='ltr'>dies</span> <span class='ocrx_word' id='word_1_443' title='bbox 642 5640 743 5710; x_wconf 92' lang='lat' dir='ltr'>salba</span> <span class='ocrx_word' id='word_1_444' title='bbox 768 5641 846 5726; x_wconf 87' lang='lat' dir='ltr'>ipsa</span> <span class='ocrx_word' id='word_1_445' title='bbox 869 5635 1027 5722; x_wconf 84' lang='lat' dir='ltr'>scribtio,</span> <span class='ocrx_word' id='word_1_446' title='bbox 1053 5636 1157 5722; x_wconf 89' lang='lat' dir='ltr'>quale</span> <span class='ocrx_word' id='word_1_447' title='bbox 1174 5655 1233 5704; x_wconf 87' lang='lat' dir='ltr'>vos</span> <span class='ocrx_word' id='word_1_448' title='bbox 1249 5635 1349 5703; x_wconf 92' lang='lat' dir='ltr'>illam</span> <span class='ocrx_word' id='word_1_449' title='bbox 1365 5635 1466 5702; x_wconf 91' lang='lat' dir='ltr'>nobis</span> <span class='ocrx_word' id='word_1_450' title='bbox 1480 5635 1665 5723; x_wconf 81' lang='lat' dir='ltr'>dederitis,</span> <span class='ocrx_word' id='word_1_451' title='bbox 1683 5641 1769 5723; x_wconf 89' lang='lat' dir='ltr'>aput</span> <span class='ocrx_word' id='word_1_452' title='bbox 1786 5655 1846 5703; x_wconf 88' lang='lat' dir='ltr'>vos</span> <span class='ocrx_word' id='word_1_453' title='bbox 1863 5639 2103 5728; x_wconf 89' lang='lat' dir='ltr'>remittamus,</span> 
     </span>
    </p>
   </div>
   <div class='ocr_carea' id='block_1_3' title="bbox 247 5787 2103 5879">
    <p class='ocr_par' dir='ltr' id='par_1_4' title="bbox 247 5787 2103 5879">
     <span class='ocr_line' id='line_1_35' title="bbox 247 5787 2103 5879; baseline -0.003 -14"><span class='ocrx_word' id='word_1_454' title='bbox 247 5797 425 5866; x_wconf 80' lang='lat' dir='ltr'>abendam</span> <span class='ocrx_word' id='word_1_455' title='bbox 450 5814 509 5862; x_wconf 83' lang='lat' dir='ltr'>vos</span> <span class='ocrx_word' id='word_1_456' title='bbox 524 5795 587 5863; x_wconf 87' lang='lat' dir='ltr'>illa</span> <span class='ocrx_word' id='word_1_457' title='bbox 603 5796 698 5862; x_wconf 87' lang='lat' dir='ltr'>omni</span> <span class='ocrx_word' id='word_1_458' title='bbox 717 5801 872 5879; x_wconf 89' lang='lat' dir='ltr'>tempore</span> <span class='ocrx_word' id='word_1_459' title='bbox 896 5791 935 5858; x_wconf 91' lang='lat' dir='ltr'>in</span> <span class='ocrx_word' id='word_1_460' title='bbox 951 5788 1157 5875; x_wconf 86' lang='lat' dir='ltr'>supradicta</span> <span class='ocrx_word' id='word_1_461' title='bbox 1182 5787 1323 5856; x_wconf 89' lang='lat' dir='ltr'>ratione</span> <span class='ocrx_word' id='word_1_462' title='bbox 1338 5792 1375 5855; x_wconf 87' lang='lat' dir='ltr'>et</span> <span class='ocrx_word' id='word_1_463' title='bbox 1391 5788 1597 5874; x_wconf 88' lang='lat' dir='ltr'>supradicta</span> <span class='ocrx_word' id='word_1_464' title='bbox 1620 5788 1779 5875; x_wconf 88' lang='lat' dir='ltr'>obligata</span> <span class='ocrx_word' id='word_1_465' title='bbox 1794 5809 1898 5876; x_wconf 88' lang='lat' dir='ltr'>pena.</span> <span class='ocrx_word' id='word_1_466' title='bbox 1919 5795 1963 5858; x_wconf 87' lang='lat' dir='ltr'>Et</span> <span class='ocrx_word' id='word_1_467' title='bbox 1981 5793 2103 5863; x_wconf 89' lang='lat' dir='ltr'>taliter</span> 
     </span>
    </p>
   </div>
   <div class='ocr_carea' id='block_1_4' title="bbox 0 0 2660 7077">
    <p class='ocr_par' dir='ltr' id='par_1_5' title="bbox 0 0 2660 7077">
     <span class='ocr_line' id='line_1_36' title="bbox 0 0 2660 7077; baseline 0 0"><span class='ocrx_word' id='word_1_468' title='bbox 0 0 2660 7077; x_wconf 95' lang='lat' dir='ltr'> </span> 
     </span>
    </p>
   </div>
  </div>
 </body>
</html>
