5334 7098
963 601 1373 676 ninnonsrvnns
1575 621 1577 628 s
1980 603 2045 674 ior
2088 697 2092 708 Ι

241 851 388 904 causam
413 849 512 898 suam
538 828 699 915 legitimo
722 833 757 896 et
783 827 994 914 inlegitima.
1014 829 1056 892 Et
1073 830 1168 896 bunc
1187 831 1326 898 brebem
1352 831 1479 917 scripsi
1497 850 1562 920 ego
1577 833 1740 919 superius
1764 833 1880 900 dictus
1907 825 2094 920 iaquintns

243 983 419 1055 notarius.

290 1108 322 1225 †
348 1154 414 1224 ego
437 1135 578 1204 alfanus
603 1135 766 1202 notarius
790 1153 845 1200 me
870 1116 1085 1220 subscripsi

294 1263 325 1377 †
351 1307 416 1375 ego
440 1287 631 1355 roderisius
654 1288 818 1354 notarius
843 1306 897 1354 me
921 1287 1128 1374 subscripsi.

1070 1833 1271 1914 DGLII.

1029 2094 1085 2194 n.
1115 2093 1166 2170 n.
1197 2091 1319 2172 1012.

291 2333 327 2473 †
352 2387 391 2452 ln
415 2385 558 2453 nomine
573 2384 709 2452 domini
724 2388 828 2452 Anno
844 2383 1025 2452 tricesimo
1039 2383 1155 2470 primo
1171 2383 1395 2472 principatus
1411 2383 1527 2450 domni
1547 2383 1702 2469 paldolfi,
1726 2387 1762 2450 et
1787 2381 1952 2452 vicesimo
1969 2384 2098 2472 quinto

245 2555 342 2608 anno
366 2536 590 2624 principatus
612 2535 731 2604 domni
755 2535 900 2603 landolfi
923 2534 989 2602 filii
1015 2533 1115 2622 eius,
1138 2541 1173 2603 et
1196 2535 1313 2621 primo
1338 2556 1433 2606 anno
1458 2538 1685 2624 principatus
1716 2537 1837 2604 domni
1862 2536 2006 2624 paldolfi
2035 2537 2100 2604 lilii

252 2689 453 2776 supradicti
477 2689 596 2758 domni
622 2689 784 2776 landolfi,
809 2688 957 2776 gloriosi
982 2689 1220 2776 principibus
1246 2708 1365 2758 mense
1390 2689 1532 2776 aprilis,
1557 2689 1698 2756 decima
1724 2687 1928 2758 indictione.
1954 2689 2103 2776 Ideoque

246 2849 321 2931 lig-o
347 2845 507 2913 ademari
532 2843 628 2912 filius
651 2843 742 2912 sassi
767 2843 921 2928 declaro,
946 2844 1115 2929 quoniam
1139 2846 1223 2910 ante
1248 2861 1285 2908 os
1305 2861 1418 2910 annos
1441 2843 1558 2928 posuit
1584 2843 1622 2909 in
1646 2841 1780 2928 pingno
1802 2842 1921 2911 dilecti
1939 2843 2004 2911 filii
2026 2843 2100 2930 lupi

146 2999 148 3004 '
246 2997 383 3063 dnobus
407 2999 510 3063 torne
533 2996 576 3064 de
601 2995 708 3064 vinea
731 2999 767 3062 et
791 2994 994 3080 viridiario,
1012 2995 1104 3080 quod
1121 3013 1187 3080 ego
1211 2995 1447 3080 pertinentem
1467 2996 1567 3079 abeo,
1585 2995 1646 3061 ubi
1663 2994 1937 3080 curti-gualdnli
1954 2997 2100 3086 dicitur,

245 3169 311 3233 pro
327 3147 486 3235 quinque
503 3149 625 3216 solidis
642 3148 946 3217 constantinianis
961 3147 1061 3216 aurei
1077 3148 1158 3213 boni
1173 3148 1264 3234 quod
1282 3147 1357 3233 ipse
1375 3146 1482 3214 michi
1497 3146 1667 3234 prestabi,
1681 3153 1716 3214 et
1727 3148 1897 3234 scriptum
1917 3149 1999 3219 inde
2015 3159 2102 3238 aput

247 3321 284 3369 se
310 3301 491 3370 firmatum
517 3302 660 3369 retinet:
686 3304 754 3385 set,
773 3300 856 3367 dum
874 3317 944 3366 non
961 3319 1015 3366 me
1032 3303 1160 3385 senti0,
1177 3301 1269 3367 unde
1285 3319 1351 3387 ego
1368 3301 1398 3369 ei
1419 3300 1488 3386 ipsi
1506 3300 1634 3367 solidos
1659 3301 1800 3369 retdare
1824 3307 1956 3388 possat,
1984 3309 2103 3389 preter

248 3453 278 3519 si
307 3455 383 3541 ipsa
409 3457 514 3522 rebus
536 3454 683 3521 vindere
708 3457 743 3520 et
767 3453 920 3538 pretium
945 3451 1075 3519 exinde
1095 3455 1257 3538 accipere
1281 3472 1345 3540 pro
1370 3456 1434 3521 hoc
1450 3459 1486 3522 et
1503 3453 1615 3523 aliam
1640 3471 1755 3520 meam
1778 3455 2027 3523 necessitatem
2044 3476 2105 3542 pe-

251 3609 464 3696 ragendum3
488 3626 552 3696 pro
578 3607 655 3676 ideo
677 3624 743 3694 ego
767 3607 888 3674 eodem
905 3607 1054 3673 dilectus
1072 3607 1209 3692 rogabi,
1227 3607 1272 3674 ud
1289 3606 1486 3694 adiungere
1511 3608 1586 3693 ipse
1604 3607 1713 3674 michi
1736 3608 1823 3674 duos
1843 3607 1967 3694 solidi,
1987 3614 2022 3675 et
2038 3626 2103 3694 ego

250 3764 282 3828 ei
310 3762 457 3830 vindere
482 3761 659 3848 integram
685 3761 800 3847 ipsam
825 3763 930 3827 rebus
955 3760 994 3826 in
1019 3759 1199 3846 omnibuS,
1219 3761 1311 3826 sicut
1335 3777 1400 3847 ego
1424 3759 1457 3828 ei
1483 3759 1572 3826 illud
1588 3759 1626 3826 in
1650 3759 1802 3845 pignum
1827 3761 1940 3846 posui,
1960 3767 1995 3829 et
2011 3762 2104 3829 siout

250 3915 365 3998 ipsum
391 3914 564 4001 scriptum
587 3914 664 3982 eius
686 3919 741 3982 est
763 3913 1016 3981 continentem.
1042 3915 1196 3998 Cumque
1220 3932 1301 3978 cnm
1325 3931 1366 3981 eo
1389 3914 1510 3982 taliter
1536 3913 1703 4001 loquutus
1727 3933 1827 4000 sum,
1852 3915 1983 3980 bonum
2010 3917 2104 3982 inter

251 4066 353 4134 nobis
376 4069 469 4134 esset
493 4067 704 4152 comparuit.
730 4069 950 4152 Quapropter
968 4083 1034 4150 ego
1051 4066 1213 4150 superius
1237 4064 1354 4132 dictus
1371 4065 1543 4152 ademari,
1561 4066 1652 4150 ide0,
1668 4067 1752 4134 dum
1771 4066 1879 4134 michi
1903 4087 2104 4153 congruum

251 4240 327 4291 esse
359 4221 522 4308 ridetur,
555 4224 648 4290 bona
672 4221 804 4290 etenim
835 4239 915 4288 mea
946 4219 1159 4306 volumtate,
1193 4239 1301 4306 quam
1325 4225 1361 4288 et
1384 4238 1447 4307 pro
1471 4222 1614 4289 firmam
1647 4221 1883 4288 stabilitatem
1917 4219 2106 4290 interesset

253 4375 438 4461 iaquintus
461 4373 638 4462 presbiter
660 4380 696 4443 et
719 4373 827 4442 iudex
851 4379 887 4440 et
911 4372 1069 4459 aliosque
1094 4375 1237 4440 idoneos
1259 4375 1435 4461 homines,
1460 4375 1522 4461 qui
1547 4379 1669 4460 supter
1687 4375 1812 4459 scripti
1837 4378 1936 4460 sunt,
1956 4392 2019 4461 pro
2035 4393 2106 4442 anc

251 4548 392 4616 quoque
415 4528 581 4597 videlicet
604 4527 782 4597 cartulam
806 4526 965 4594 vindedit
989 4528 1055 4595 tibi
1079 4527 1193 4595 eidem
1216 4526 1335 4594 dilecti
1361 4529 1436 4594 tcta
1458 4530 1493 4594 et
1520 4527 1663 4613 integra
1689 4525 1768 4611 ipsa
1793 4527 1969 4596 iamdicta
1999 4527 2106 4595 vinea

251 4692 285 4748 et
318 4678 507 4748 viridiario
539 4679 581 4747 de
606 4677 780 4748 iamdicto¹
805 4678 900 4765 1000,
930 4678 1022 4764 quod
1052 4697 1118 4764 ego
1151 4679 1217 4746 tibi
1242 4679 1279 4744 in
1303 4681 1452 4766 pignum
1475 4684 1559 4748 ante
1589 4697 1627 4746 os
1658 4696 1770 4747 armos
1804 4678 1921 4766 posuit
1951 4695 2015 4765 pro
2039 4679 2107 4764 ipsi

252 4835 413 4921 quinque
436 4832 552 4919 solidi,
578 4851 645 4918 qne
669 4831 808 4900 videtur
832 4849 907 4899 esse
925 4831 1048 4898 eadem
1065 4835 1169 4899 rebus
1186 4832 1282 4901 infra
1299 4837 1363 4900 hec
1379 4831 1474 4900 linis:
1493 4832 1536 4900 de
1553 4851 1626 4900 una
1641 4838 1741 4918 parte
1767 4833 1836 4899 line
1855 4831 1915 4900 bia
1933 4831 2109 4918 antiqua⁵

250 4991 291 5058 de
315 4989 391 5059 alia
414 4991 518 5074 parte
534 4987 619 5072 fine,
637 4987 729 5056 sicut
745 4986 881 5055 termiti
907 4986 1039 5054 ibidem
1063 4988 1167 5073 positi
1184 4993 1268 5054 sunt
1285 4989 1378 5054 inter
1396 5004 1435 5053 ec
1460 4988 1566 5053 rebus
1582 4991 1617 5054 et
1634 4987 1742 5053 rebus
1765 4984 1853 5072 aldi,
1870 4987 1997 5055 deinde
2022 5007 2111 5073 qua-

255 5142 336 5209 liter
360 5141 555 5228 descendit,
572 5141 663 5207 sicut
679 5139 814 5208 termiti
832 5139 938 5226 positi
956 5144 1040 5208 sunt
1058 5142 1202 5208 arabus
1220 5158 1298 5207 mea
1316 5142 1350 5204 et
1364 5141 1469 5207 rebus
1486 5137 1599 5226 ipsius
1617 5137 1706 5224 aldi,
1723 5141 1759 5205 et
1774 5141 1820 5206 ab
1836 5139 1919 5205 inde
1937 5141 2110 5225 quomodo

255 5292 438 5360 descendit
454 5311 517 5379 per
533 5293 666 5361 termiti
686 5294 747 5378 qui
764 5293 872 5380 positi
889 5297 972 5360 sunt
987 5293 1082 5360 inter
1098 5313 1139 5361 ac
1157 5295 1261 5358 rebus
1278 5297 1313 5359 et
1331 5293 1435 5359 rebus
1458 5291 1517 5358 ont
1533 5297 1570 5362 et
1585 5293 1628 5359 de
1646 5293 1725 5360 eius
1744 5293 1982 5378 consortibus,
2000 5312 2110 5378 usquo

262 5445 297 5509 in
324 5445 436 5512 limite
461 5447 523 5531 qui
540 5450 594 5514 est
609 5446 704 5513 inter
728 5464 769 5514 ac
793 5447 899 5514 rebus
923 5451 959 5514 et
982 5448 1088 5514 rebus
1111 5447 1249 5515 daul‘eri
1275 5444 1341 5513 filii
1365 5446 1458 5514 leoni
1481 5451 1517 5514 et
1539 5447 1582 5515 de
1604 5445 1683 5516 eius
1707 5447 1953 5530 consortibns;
1982 5447 2111 5514 deinde

264 5599 502 5668 revolbentem
520 5607 555 5670 et
569 5603 725 5688 qualiter
742 5601 842 5669 vadit
858 5621 920 5687 per
936 5603 1055 5670 eodem
1073 5603 1185 5669 limite
1203 5604 1366 5687 usquein
1379 5602 1512 5670 termiti
1530 5603 1711 5670 abeodem
1731 5600 1872 5668 termite
1892 5599 2111 5685 revolbente,

264 5756 298 5818 et
318 5754 490 5837 quomodo
507 5755 667 5822 ascendit
690 5772 804 5839 usque
828 5753 867 5820 in
892 5754 963 5820 alio
988 5755 1152 5840 termine,
1177 5756 1237 5840 qui
1262 5757 1359 5823 stare
1382 5754 1520 5822 videtur
1543 5771 1631 5840 erga
1654 5751 1858 5838 supradicta
1887 5753 1944 5823 bia
1969 5760 2115 5823 etreco·

259 5906 403 5995 niungit
420 5927 457 5976 se
473 5909 512 5976 in
529 5909 652 5977 eadem
676 5911 749 5978 bia.
775 5908 872 5976 lnlra
897 5928 936 5976 ec
960 5927 1044 5974 vero
1067 5909 1168 5996 fines,
1187 5927 1254 5994 que
1280 5907 1491 5995 prelegitur,
1514 5925 1560 5974 ex
1577 5926 1620 5976 ea
1636 5905 1740 5974 vinea
1765 5911 1800 5974 et
1824 5907 2027 5994 viridiario,
2045 5925 2111 5973 ner
