5310 7080
616 495 662 563 ea
1263 487 1435 558 corun
1469 460 1734 566 ulvnnsrs

568 720 750 818 portemus
775 714 953 802 usquead
976 712 1121 781 cellario
1146 711 1257 798 ipsius
1272 712 1559 809 archiepiscopii,
1576 717 1668 801 quod
1684 717 1785 786 abuit
1801 719 1846 788 ad
1863 721 1940 807 ipsa
1964 719 2115 808 plebem,
2140 725 2176 789 et
2200 740 2413 808 reponamus

569 869 658 937 illud
682 869 721 935 in
745 885 940 955 organeum
965 864 1078 950 ipsius
1101 863 1388 950 archiepiscopii,
1405 867 1440 930 et
1456 864 1578 932 demus
1593 884 1659 952 ego
1673 870 1708 934 et
1727 867 1815 935 meis
1831 869 1994 937 eredibus
2018 870 2227 940 annualiter
2251 892 2313 959 per
2333 872 2412 940 vin-

569 1019 686 1088 demie
709 1019 755 1088 ad
780 1037 862 1104 pars
886 1017 999 1102 ipsius
1023 1015 1295 1101 archiepiscopii
1326 1015 1371 1082 ad
1395 1015 1627 1084 conciandum
1651 1017 1725 1104 ipse
1748 1019 1845 1088 bucti
1870 1020 1941 1088 dua
1964 1021 2082 1090 cercla
2106 1025 2199 1091 bona
2212 1073 2222 1111 ,
2249 1025 2297 1092 ud
2320 1027 2415 1093 suffl-

568 1173 669 1240 ciant
694 1171 739 1238 ad
764 1171 839 1256 ipse
864 1170 958 1236 bucti
984 1169 1029 1238 ad
1052 1167 1299 1252 conciandum3
1323 1170 1359 1234 et
1373 1168 1456 1233 dum
1480 1167 1611 1235 ibidem
1635 1169 1773 1237 steterit
1796 1172 1873 1256 ipso
1896 1171 2042 1239 missum
2066 1178 2241 1261 nostrum,
2267 1195 2330 1244 nos
2356 1180 2410 1245 vel

568 1325 704 1390 nostris
728 1322 894 1390 eredibus
918 1321 1005 1387 illud
1031 1319 1229 1387 nutriamus
1252 1321 1444 1387 secundum
1466 1323 1590 1388 nostra
1614 1321 1861 1409 possivilitate,
1877 1327 1913 1392 et
1929 1325 2052 1392 demus
2076 1327 2110 1395 ei
2134 1327 2410 1414 palmentateca,

567 1477 667 1543 sicud
692 1475 865 1542 meruerit
882 1495 891 1560 ;
916 1478 950 1540 et
975 1491 1044 1558 que
1059 1471 1182 1540 amodo
1197 1474 1232 1538 et
1249 1489 1385 1557 semper
1403 1472 1530 1538 ibidem
1548 1473 1859 1560 seminaverimus,
1875 1476 1998 1543 demus
2023 1477 2105 1544 inde
2129 1479 2175 1545 ad
2199 1499 2281 1564 pars
2300 1481 2410 1566 ipsius

567 1624 843 1712 archiepiscopii
866 1625 1075 1691 terraticum
1099 1623 1293 1688 secundum
1308 1621 1598 1690 consuetudinem
1613 1624 1656 1690 de
1674 1623 1747 1709 ipso
1765 1624 1891 1693 locum.
1910 1628 1955 1692 Et
1971 1628 2075 1712 quale
2091 1633 2248 1714 tempore
2271 1631 2316 1697 da
2341 1632 2406 1716 ipsi

567 1778 751 1846 duodecim
775 1775 862 1842 anni
888 1775 929 1840 in
952 1777 1060 1842 antea
1083 1775 1188 1838 rebus
1212 1771 1289 1857 ipsa
1312 1791 1374 1856 per
1398 1773 1472 1858 ipse
1496 1774 1578 1840 finis
1593 1778 1629 1842 et
1645 1779 1825 1844 mensurie
1849 1797 1916 1864 ego
1936 1783 1972 1846 et
1988 1781 2076 1846 ineis
2100 1781 2264 1846 eredibus
2287 1787 2408 1850 tenere

565 1937 601 1997 et
624 1931 787 1998 laborare
811 1945 882 1994 non
906 1927 1136 2012 boluerimuS,
1156 1925 1279 1992 inclita
1307 1924 1383 2010 ipsa
1404 1927 1509 1991 rebus
1532 1925 1689 1994 laborata
1713 1928 1750 1993 et
1773 1928 1911 1996 cultata
1935 1932 1970 1996 et
1994 1930 2092 1998 clusa
2115 1930 2339 1999 remittamus
2362 1935 2405 2001 ad

565 2086 740 2168 potestate
765 2083 878 2168 ipsius
902 2078 1196 2165 archiepiscopii,
1220 2082 1256 2144 et
1281 2077 1394 2145 licead
1417 2095 1480 2143 nos
1503 2081 1539 2144 et
1563 2078 1695 2144 nostris
1718 2079 1882 2146 eredibus
1907 2079 1989 2147 inde
2012 2081 2214 2149 disturbare
2240 2086 2409 2172 reditum,

563 2238 594 2302 si
620 2237 752 2303 ibidem
774 2238 907 2302 sactum
933 2235 1152 2317 abuerimus,
1177 2237 1212 2298 et
1234 2236 1399 2299 excotere
1421 2235 1457 2298 et
1480 2232 1593 2298 omnis
1616 2235 1739 2300 nostra
1762 2253 1871 2300 causa
1895 2233 2053 2320 movilia,
2079 2239 2114 2302 et
2139 2237 2191 2304 ire
2215 2257 2296 2305 cnm
2322 2239 2409 2306 illud

564 2391 624 2456 ubi
652 2389 896 2473 boluerimus,
927 2387 1004 2454 sine
1028 2387 1283 2453 contrarietate
1306 2385 1419 2470 ipsius
1442 2383 1725 2470 archiepiscopii.
1758 2385 1856 2452 Unde
1880 2403 1943 2471 pro
1966 2386 2088 2454 taliter
2114 2407 2177 2473 per
2202 2391 2294 2456 loona
2319 2409 2410 2456 com·

564 2543 749 2610 venientia
772 2561 835 2628 per
858 2514 1130 2609 demandatione
1156 2539 1267 2624 ipsius
1290 2539 1410 2604 domni
1434 2535 1690 2621 archiepiscopi
1714 2537 1849 2622 guadia
1872 2537 1961 2604 mihi
1985 2539 2060 2624 ipse
2077 2541 2309 2626 truppoaldns
2335 2561 2410 2628 pre-

565 2697 677 2763 sbiter
701 2701 736 2762 et
760 2697 868 2762 abbas
892 2695 999 2778 dedit,
1024 2698 1060 2761 et
1084 2691 1312 2760 mediatorem
1336 2691 1438 2756 nobis
1462 2691 1578 2775 posuit
1607 2693 1747 2758 amatus
1770 2691 1942 2776 presbiter
1966 2692 2062 2758 filius
2081 2693 2260 2779 radecisi3
2286 2701 2322 2763 et
2348 2717 2411 2782 per

529 2865 532 2872 ’
564 2847 642 2932 ipsa
667 2846 801 2934 guadia
824 2847 998 2933 obligauit
1024 2845 1158 2929 seipse
1183 2845 1331 2910 domnus
1354 2843 1641 2929 archiepiscopus
1673 2848 1708 2910 et
1732 2841 1805 2910 suis
1830 2845 2106 2931 successoribus
2131 2851 2166 2912 ot
2190 2866 2273 2932 pars
2298 2845 2410 2933 ipsius

563 2999 834 3084 archiepiscopii
862 2998 986 3066 amodo
1010 3003 1045 3063 ot
1071 3015 1207 3080 semper
1232 2994 1326 3062 onrrii
1353 3001 1506 3079 tempore
1531 2995 1714 3061 defensare
1742 2994 1843 3061 nobis
1867 2997 2070 3080 nostrisque
2093 2999 2256 3064 eredibus
2283 2998 2409 3068 inolita

562 3153 771 3238 supradicta
795 3151 1009 3219 tradictione
1033 3169 1114 3216 cum
1137 3150 1214 3215 vioe
1244 3149 1286 3214 de
1320 3149 1378 3216 bia
1406 3167 1471 3215 sua
1495 3149 1537 3216 da
1565 3148 1679 3214 onmis
1709 3149 1844 3216 omines
1873 3149 2037 3234 omnique
2062 3151 2250 3237 partibus,
2275 3157 2312 3220 et
2337 3171 2408 3219 non

563 3303 652 3371 illud
681 3305 769 3371 mihi
795 3302 933 3388 meique
957 3302 1120 3368 eredibus
1145 3299 1268 3366 tollere
1284 3299 1354 3365 aud
1371 3303 1534 3364 contrane
1550 3317 1694 3382 quoras3
1719 3300 1858 3384 quodsi
1877 3299 1997 3367 taliter
2021 3301 2154 3387 omnia,
2181 3307 2218 3368 ut
2242 3305 2404 3390 superius

560 3456 709 3542 legitur,
734 3455 823 3522 mihi
849 3454 987 3539 meique
1011 3451 1173 3519 eredibus
1195 3467 1266 3516 non
1282 3448 1528 3546 adimpleverit
1546 3453 1581 3514 et
1596 3449 1725 3534 aliquit
1743 3451 1825 3517 inde
1847 3449 2119 3535 contradixerit,
2146 3459 2233 3520 tuno
2250 3473 2313 3539 per
2331 3453 2409 3541 ipsa

560 3610 698 3695 guadia
723 3609 921 3694 obbligavit
946 3627 983 3676 se
1007 3605 1081 3692 ipse
1106 3607 1255 3672 domnus
1278 3603 1566 3688 archiepiscopus
1590 3606 1626 3669 et
1641 3603 1712 3668 suis
1736 3600 2011 3687 successoribus
2027 3609 2062 3668 et
2078 3623 2161 3688 pars
2186 3607 2241 3672 sui
2266 3609 2406 3675 archie-

560 3763 709 3852 piscopii
725 3763 771 3831 ad
788 3762 1065 3847 componendum
1081 3761 1182 3826 nobis
1199 3757 1400 3841 nostrisque
1416 3756 1580 3822 eredibus
1598 3756 1751 3842 triginta
1768 3756 1847 3823 auri
1864 3756 1990 3822 solidos
2006 3759 2262 3847 constantines,
2282 3767 2317 3830 et
2337 3783 2405 3830 unc

562 3919 703 3983 brebem
729 3914 853 4000 scripsi
878 3933 944 4000 ego
968 3912 1168 3978 romoaldus
1192 3911 1353 3978 notarius
1375 3907 1436 3993 qui
1463 3907 1623 3974 intertui.
1650 3909 1908 3993 berumtamen,
1932 3912 1968 3974 et
1991 3909 2020 3973 si
2046 3927 2112 3994 ego
2136 3911 2191 3977 vel
2217 3915 2305 3981 meis
2329 3935 2404 3984 ere·

558 4068 663 4136 dibus
686 4067 732 4136 da
757 4067 824 4152 ipsi
848 4066 1033 4132 duodecim
1057 4063 1144 4131 anni
1162 4062 1200 4127 in
1217 4067 1325 4129 antea
1346 4061 1389 4127 de
1405 4079 1447 4128 ac
1463 4062 1562 4126 terra
1577 4059 1800 4128 salernitana
1814 4059 2010 4126 exierimus
2034 4079 2097 4146 pro
2122 4059 2234 4163 aliubi
2260 4066 2306 4133 ad
2329 4067 2405 4136 abi-

556 4223 716 4306 tandnm,
741 4225 805 4288 aut
828 4221 858 4286 si
881 4219 987 4287 talem
1013 4219 1201 4284 fecerimus
1225 4214 1345 4300 culpa,
1373 4213 1466 4279 unde
1490 4211 1535 4279 ad
1559 4209 1732 4295 palatium
1754 4260 2020 4278 ..........
2047 4214 2173 4283 inolita
2197 4217 2276 4301 ipse
2300 4222 2404 4287 rebus

555 4373 778 4443 remittamus
801 4373 846 4442 ad
862 4390 945 4458 pars
961 4371 1072 4456 ipsius
1096 4364 1389 4452 aroliiepiscopii3
1407 4367 1442 4431 et
1458 4361 1489 4430 si
1507 4361 1603 4430 intra
1618 4365 1690 4428 tres
1707 4363 1794 4428 anni
1819 4361 1857 4428 in
1881 4383 1922 4430 ac
1946 4369 2044 4432 terra
2068 4367 2241 4436 fuerimus
2267 4374 2400 4440 rebersi

555 4525 602 4592 ad
626 4523 863 4607 abitandnm,
889 4519 1016 4587 inclita
1039 4517 1117 4604 ipsa
1141 4519 1245 4583 rebus
1270 4515 1418 4582 redeant
1440 4515 1485 4581 ad
1508 4517 1630 4580 nostra
1655 4515 1853 4599 potestate,
1884 4514 1930 4582 ad
1960 4519 2154 4585 tenendum
2179 4519 2260 4588 illut
2284 4522 2322 4588 in
2346 4542 2402 4589 su-

557 4675 764 4764 prascripta
789 4671 941 4755 ratione3
967 4674 1003 4736 et
1027 4668 1057 4734 si
1074 4667 1148 4752 ipso
1164 4685 1314 4750 annum,
1338 4665 1479 4750 quando
1495 4665 1717 4748 redierimus
1735 4665 1813 4749 ipsa
1830 4667 1934 4732 rebus
1958 4668 2120 4736 laborata
2145 4670 2403 4762 inbenerimus,

557 4829 667 4896 liceat
694 4827 768 4910 ipso
792 4823 946 4888 ibudium
971 4820 1093 4886 tollere
1117 4837 1200 4902 pars
1224 4815 1335 4900 ipsius
1351 4815 1636 4901 arcliicpiscopii3
1653 4821 1689 4883 ot
1706 4819 1733 4883 si
1754 4817 1850 4884 inira
1875 4819 1942 4904 ipsi
1969 4827 2045 4900 tros
2064 4824 2152 4888 anni
2178 4823 2215 4888 in
2239 4845 2281 4890 ac
2308 4839 2404 4896 terra

554 4999 626 5049 non
650 4980 824 5045 fuerimus
848 4973 983 5038 rebersi
1008 4970 1054 5038 ad
1077 4967 1357 5053 abitandnm,de
1376 4965 1454 5052 ipsa
1470 4970 1575 5034 rebus
1591 4969 1728 5036 iaciant
1743 4990 1826 5056 pars
1850 4971 1960 5058 ipsius
1985 4974 2259 5061 archiepiscopii
2283 4978 2403 5047 omnia

552 5135 646 5222 quod
671 5131 839 5214 voluerit,
863 5133 898 5194 et
923 5126 997 5212 ipso
1021 5125 1217 5207 arbustum,
1241 5122 1385 5206 quando
1406 5121 1590 5206 meruerit,
1608 5123 1780 5190 faciainus
1807 5175 1815 5191 .
1844 5177 1851 5192 .
1881 5177 1888 5192 .
1917 5177 1924 5192 .
1951 5129 1986 5194 et
2010 5146 2075 5215 ego
2099 5130 2261 5214 superius
2284 5132 2400 5200 dictus

554 5285 755 5353 romoaldus
779 5278 943 5348 notarius
966 5273 1157 5342 subiunsit.

599 5411 720 5526 †‚ego
744 5434 871 5502 cedrus
894 5428 1071 5517 presbiter

596 5564 627 5678 †
652 5609 718 5674 ego
743 5587 805 5672 qui
831 5601 939 5669 supra
963 5577 1195 5666 truppoaldus
1219 5575 1395 5661 presbiter
1419 5581 1456 5643 et
1480 5579 1591 5644 abbas

597 5717 627 5832 †
652 5759 718 5828 ego
738 5737 922 5808 dauferius
945 5732 1109 5800 clericus,
