5376 7094
604 429 673 526 'rr
1277 460 1450 530 corlux
1477 458 1742 532 clususrs

569 697 657 766 pars
673 685 708 747 et
723 679 847 748 datum
864 682 1019 767 ipsorum
1031 683 1253 768 genitoribus
1269 689 1304 752 et
1319 685 1501 771 genetrice
1514 689 1647 770 nostre,
1660 687 1695 751 et
1707 701 1771 769 pro
1785 701 1869 768 pars
1881 687 1916 749 et
1932 681 2055 750 datum
2067 681 2180 768 ipsius
2195 684 2277 750 abio
2290 690 2325 751 et
2338 685 2418 752 abia

571 833 697 898 nostra
713 831 956 917 quodcumque
972 833 1196 901 causationes
1212 835 1310 901 vobis
1320 833 1525 921 uestrisque
1540 834 1705 904 eredibus
1721 833 1852 903 exinde
1868 834 2100 921 preposuerit.
2118 834 2199 902 etsi
2215 834 2351 920 taliter,
2368 837 2414 902 si·

574 991 636 1054 cut
654 985 787 1054 dictum
804 990 870 1074 est,
888 1003 1026 1072 semper
1044 985 1123 1054 illut
1138 988 1237 1054 uobis
1254 1005 1325 1054 non
1342 987 1661 1075 defensaverimus,
1677 987 1733 1056 vel
1749 988 1778 1055 si
1794 986 1922 1074 aliquit
1938 987 2099 1056 causatio
2114 988 2212 1055 vobis
2229 987 2422 1076 vestrisque

578 1138 742 1206 credibus
770 1189 1181 1207 ............
1208 1141 1508 1230 preposuerimus,
1523 1143 1579 1210 vel
1596 1143 1625 1210 si
1643 1141 1772 1230 aliquit
1793 1143 1836 1210 de
1851 1141 1972 1211 omnia
1989 1142 2234 1229 suprascripta
2247 1143 2423 1211 contradi·

573 1292 746 1376 norimus,
764 1291 921 1377 peripsa
938 1292 1072 1378 guadia
1097 1311 1305 1379 componere
1328 1293 1526 1380 obligamus
1552 1314 1614 1362 nos
1632 1295 1833 1382 nostrisque
1857 1296 1979 1365 eredes
2003 1297 2100 1364 vobis
2123 1297 2322 1382 vestrisque
2346 1315 2420 1365 ere·

477 1469 481 1480 ·
574 1445 691 1531 dibuS,
716 1463 779 1512 seu
803 1447 861 1511 cui
885 1444 1026 1514 cartula
1042 1445 1112 1514 ista
1129 1446 1166 1510 in
1183 1465 1293 1514 manu
1311 1447 1487 1536 paruerit,
1504 1447 1635 1534 biginti
1660 1449 1739 1517 auri
1766 1448 1893 1517 solidos
1917 1449 2174 1536 constantinoS,
2191 1455 2241 1536 et,
2259 1449 2352 1517 sicut
2373 1451 2423 1518 di-

572 1600 670 1665 ctum
693 1603 759 1684 est,
784 1597 864 1666 illut
888 1597 984 1664 vobis
1006 1598 1241 1684 defensemus3
1267 1599 1310 1666 de
1334 1598 1397 1666 alii
1421 1619 1504 1667 uero
1528 1601 1729 1670 hominibus
1745 1608 1780 1672 et
1796 1603 1971 1689 partibus,
1995 1605 2031 1670 et
2053 1604 2195 1689 quando
2220 1603 2424 1691 volueritis,

571 1750 646 1818 uice
670 1755 792 1819 nostra
816 1751 996 1818 licentiam
1020 1755 1056 1818 et
1077 1755 1286 1838 potestatem
1310 1751 1448 1820 abeatis
1472 1752 1509 1818 in
1535 1713 1697 1821 omnibus
1719 1755 1802 1823 inde
1825 1773 1975 1824 causare
1993 1758 2030 1821 et
2049 1755 2156 1822 finem
2183 1756 2314 1842 lacere,
2338 1777 2422 1843 qua-

569 1903 651 1973 liter
673 1905 871 1992 volueritiS,
896 1925 976 1972 cum
1000 1906 1106 1992 quale
1123 1907 1302 1972 monimen
1327 1910 1363 1975 et
1387 1907 1562 1976 rationem
1586 1907 1668 1975 inde
1685 1911 1790 1976 abere
1806 1906 2008 1996 potueritis,
2032 1913 2068 1975 et
2090 1927 2154 1993 per
2170 1927 2231 1976 vos
2248 1909 2336 1995 ipsis
2353 1911 2423 1978 sia-

570 2058 616 2124 tis
634 2059 717 2127 inde
734 2065 910 2146 auctores,
926 2060 1080 2146 qualiter
1104 2059 1308 2146 uolueritis;
1335 2064 1371 2128 ct
1387 2063 1417 2126 si
1441 2067 1667 2132 sacramenta
1690 2061 1819 2129 exinde
1843 2061 2000 2130 dandum
2024 2061 2193 2129 veneritis
2218 2066 2253 2131 et
2269 2063 2425 2132 feceritis

571 2233 635 2283 nos
651 2217 780 2284 exinde
797 2217 902 2302 scire,
919 2221 959 2284 ut
973 2235 1037 2282 nos
1053 2214 1116 2284 illa
1132 2217 1255 2283 demus
1283 2267 1585 2283 .........
1611 2234 1675 2282 nos
1690 2221 1725 2284 et
1741 2221 1879 2284 nostros
1896 2216 2018 2285 eredes
2041 2220 2077 2284 et
2096 2221 2324 2286 sacramenta
2349 2218 2426 2304 ipsa

572 2367 696 2435 demus
712 2375 747 2436 et
762 2369 1020 2455 persolbamus,
1037 2368 1231 2435 secundum
1248 2368 1362 2454 legem
1379 2373 1414 2435 et
1428 2369 1624 2437 iudicatum
1647 2369 1768 2454 luerit,
1785 2372 1821 2435 et
1836 2369 1958 2436 taliter
1983 2368 2138 2437 scribere
2162 2371 2368 2456 rogavimus
2392 2377 2425 2439 te

572 2522 755 2589 dauferius
771 2521 950 2608 notariuS,
967 2525 1087 2590 actum
1104 2521 1258 2588 salerno.

617 2647 647 2760 †
665 2693 730 2762 ego
745 2675 993 2761 maghenolsus
1009 2693 1064 2741 me
1081 2675 1273 2759 subscripsi

620 2802 650 2915 †
668 2849 733 2914 ego
750 2830 887 2896 cicerus
902 2827 1063 2896 notarius
1080 2847 1135 2895 me
1151 2827 1360 2913 subscripsi.

1367 3381 1635 3470 DLXVII.

1245 3717 1251 3726 ,
1344 3644 1398 3722 Α.
1427 3643 1477 3720 D.
1506 3641 1634 3724 1002.

627 3853 664 3993 †
680 3907 720 3971 ln
738 3906 880 3974 nomine
895 3906 1028 3974 domini
1044 3905 1307 3993 quartodecimo
1323 3922 1418 3973 anno
1434 3905 1655 3992 principatus
1666 3905 1786 3974 domni
1801 3905 1913 3974 nostri
1930 3904 2110 3993 guaimari
2123 3904 2276 3992 glorioso
2293 3907 2428 3991 princi-

579 4076 638 4146 pe,
655 4078 775 4129 mense
790 4060 986 4148 december,
1003 4061 1119 4147 prima
1135 4059 1339 4128 indictione.
1355 4058 1643 4128 memoratorium
1657 4059 1752 4127 sactu
1765 4079 1787 4127 a
1799 4077 1855 4126 me
1867 4059 1960 4127 maio
1977 4057 2250 4126 archidiaconus
2266 4063 2302 4126 et
2315 4062 2426 4128 abbas

580 4213 730 4283 ecclesie
746 4214 862 4284 sancti
878 4215 1044 4302 maximi,
1060 4215 1120 4301 qui
1137 4234 1216 4282 sum
1235 4232 1346 4282 unum
1362 4214 1404 4280 de
1420 4211 1568 4280 dominii
1584 4212 1696 4298 ipsius
1711 4211 1871 4298 eccles1e,
1889 4229 1929 4278 co
1945 4211 2037 4297 quod
2057 4215 2141 4279 ante
2158 4229 2328 4278 vonorum
2344 4215 2432 4280 omi·

579 4365 686 4434 nibus
701 4368 763 4454 qui
779 4373 901 4456 supter
918 4370 1041 4456 scripti
1059 4374 1154 4455 sunt,
1172 4369 1218 4436 ad
1233 4367 1425 4436 tenendum
1442 4369 1478 4432 et
1493 4365 1727 4434 lavorandum
1742 4363 1890 4433 tradidit
1904 4381 1970 4450 ego
1986 4364 2078 4449 petri
2095 4363 2168 4432 filio
2184 4363 2259 4432 ursi
2276 4370 2312 4434 et
2325 4387 2430 4436 vene·

579 4519 664 4588 dicti
683 4521 755 4588 filio
771 4524 919 4590 simeoni
936 4541 1009 4592 una
1025 4523 1184 4592 clusuria
1208 4523 1250 4591 de
1266 4528 1364 4590 terra
1389 4538 1468 4587 cum
1493 4517 1663 4601 arbustis,
1687 4516 1778 4601 quod
1804 4516 1882 4602 ipsa
1906 4516 2057 4584 ecclesia
2081 4519 2163 4584 abet
2177 4516 2216 4583 in
2232 4517 2346 4586 locum
2363 4539 2428 4589 nu·

581 4673 679 4741 ceria
696 4676 741 4742 ad
758 4677 975 4746 barbaciano
991 4679 1189 4764 propinquo
1205 4675 1355 4744 ecclesia
1370 4672 1488 4740 sancti
1505 4669 1661 4758 polixisti
1676 4691 1739 4758 per
1755 4671 1837 4738 finis
1853 4675 1888 4739 et
1905 4671 2104 4739 mensurie:
2123 4693 2145 4739 a
2160 4692 2246 4758 pars
2262 4675 2411 4744 orientis
2417 4725 2427 4762 ,

583 4843 711 4911 quomo
727 4827 877 4896 rebolbit
892 4831 962 4896 fine
978 4831 1038 4897 bia
1054 4829 1234 4914 strectola,
1259 4834 1343 4894 sunt
1365 4824 1446 4893 inde
1470 4845 1533 4912 per
1556 4825 1738 4894 mensoria
1761 4825 1857 4912 passi
1881 4829 2022 4892 centum
2046 4826 2185 4894 decem:
2212 4848 2235 4895 a
2251 4846 2336 4914 pars
2353 4831 2428 4896 seb

584 4980 784 5048 temtrionis
799 4981 868 5047 fine
884 4980 945 5049 bia
960 4981 1116 5068 publica,
1130 4984 1213 5048 sunt
1230 4983 1310 5048 inde
1327 4980 1422 5066 passi
1439 4982 1584 5064 nobem;
1601 4999 1624 5047 a
1640 4997 1723 5064 pars
1739 4977 1930 5046 occidentis
1948 4978 2018 5047 fine
2035 4983 2134 5049 terra
2148 4979 2263 5066 ipsius
2279 4983 2428 5050 ecclesie

585 5134 702 5203 sancti
718 5134 891 5222 polluisti,
909 5139 993 5202 sunt
1008 5133 1090 5200 inde
1107 5133 1201 5220 passi
1218 5133 1460 5220 quadraginta
1476 5133 1671 5218 quadtuor:
1690 5131 1894 5200 rebolbente
1909 5151 1972 5220 per
1989 5134 2067 5218 ipsa
2087 5135 2158 5200 fine
2174 5137 2292 5203 sancti
2306 5136 2432 5222 polixi-

584 5291 629 5360 sti
646 5290 685 5357 in
701 5291 864 5377 partibus
880 5289 1072 5357 occidentis
1088 5291 1172 5355 sunt
1188 5287 1269 5355 inde
1284 5288 1379 5374 passi
1396 5288 1516 5357 decem
1541 5293 1576 5356 et
1600 5289 1745 5372 sebtem3
1771 5287 1902 5354 iterum
1926 5307 1948 5355 a
1972 5307 2056 5374 pars
2079 5289 2272 5358 occidentis
2296 5293 2367 5359 fine
2389 5291 2431 5359 de

583 5443 706 5514 eredes
722 5445 839 5512 roffrit
854 5451 890 5512 et
906 5443 1072 5512 iohannis
1088 5441 1154 5508 filii
1171 5441 1377 5528 griselgari,
1394 5447 1478 5509 sunt
1494 5442 1574 5509 inde
1589 5441 1684 5529 passi
1702 5442 1877 5510 tridecim:
1903 5441 2107 5510 rebolbente
2123 5463 2186 5530 per
2203 5444 2282 5530 ipsa
2299 5445 2370 5512 fine
2386 5445 2429 5513 de

584 5599 706 5669 eredes
722 5601 799 5668 roffi
816 5605 851 5667 ct
867 5597 1035 5667 iohannis
1051 5598 1088 5664 in
1113 5597 1275 5684 partibus
1298 5595 1446 5663 orientis
1462 5601 1546 5662 sunt
1563 5595 1645 5664 inde
1668 5561 1763 5683 passi
1788 5595 1965 5665 undecim:
1985 5597 2117 5665 Iterum
2141 5597 2344 5666 rebolbente
2369 5617 2431 5685 per
2451 5591 2453 5597 ⁸

585 5755 662 5839 ipsa
678 5755 747 5822 fine
763 5754 801 5820 in
817 5755 979 5840 partibus
996 5749 1143 5819 meridie
1160 5752 1243 5816 sunt
1260 5746 1341 5815 inde
1357 5749 1451 5834 passi
1468 5748 1596 5835 viginti
1614 5752 1705 5817 tres:
1724 5751 1855 5818 lterum
1879 5749 2081 5818 rebolbente
2105 5768 2169 5837 per
2193 5750 2271 5836 ipsa
2294 5752 2364 5818 fine
2387 5749 2433 5820 de
