5318 7102
928 496 1113 568 nucum
1150 499 1475 574 FRANCOllUll
1549 571 1555 582 ,
2030 502 2074 572 ⁶2¹1

274 711 320 782 lle
347 710 656 806 compositionibus
682 738 747 808 que
774 715 815 786 ad
842 717 1005 810 palatium
1032 721 1222 813 pertinunt,
1251 721 1301 793 sic
1327 724 1440 795 omnis
1467 724 1557 818 ipsas
1582 745 1702 793 causas
1729 721 1981 794 commoverint
2007 727 2048 793 ad
2072 747 2125 794 rc-

319 871 527 964 quirendum
554 873 650 944 illam
668 877 812 948 tertiam
839 884 967 971 partem
995 880 1036 949 ad
1064 903 1182 951 eorum
1209 882 1400 975 percipiant
1426 907 1522 976 opuS,
1550 881 1638 952 duos
1663 903 1746 952 vero
1772 879 1814 952 ad
1841 879 2019 975 palatium;
2039 889 2073 952 et
2093 881 2121 951 si

321 1054 380 1123 pro
407 1055 468 1102 sua
495 1031 748 1128 neglegentiam
775 1037 1024 1122 remanserint,
1053 1048 1088 1110 et
1114 1040 1239 1110 missos
1265 1041 1465 1112 domnicum
1492 1043 1582 1136 ipsas
1608 1062 1728 1110 causas
1763 1038 1893 1133 ceperit
1927 1038 2120 1131 adquirere,

316 1199 399 1262 tune
427 1191 601 1279 uolumus
631 1203 668 1266 ut
694 1195 758 1290 ipsi
785 1221 901 1269 comes
927 1199 1160 1292 integritatem
1188 1201 1230 1271 ad
1256 1199 1421 1293 palatium
1448 1200 1574 1271 veniat.

268 1349 315 1418 lle
342 1349 443 1420 rebus
469 1351 624 1424 lorlactis
651 1377 711 1448 per
737 1355 894 1426 diversos
921 1357 1102 1427 comitatos
1128 1355 1303 1442 volumus,
1332 1365 1370 1428 ut
1395 1357 1437 1426 ad
1463 1357 1626 1452 palatium
1654 1356 1835 1450 pertineat.

266 1503 301 1576 Si
329 1507 429 1578 cuius
456 1532 513 1578 rex
541 1509 574 1582 in
602 1509 790 1582 elemosine
815 1512 891 1582 date
919 1519 1061 1584 suntet
1087 1513 1158 1606 ipse
1185 1523 1342 1584 mortuus
1368 1515 1511 1602 luerint,
1540 1525 1720 1609 antequam
1739 1538 1795 1584 eas
1817 1513 2007 1608 dispenset,
2039 1519 2123 1583 tunc

313 1663 440 1736 missus
473 1666 656 1740 domninus
690 1693 757 1740 una
792 1693 871 1741 cum
898 1672 1058 1764 episcopo
1084 1670 1281 1765 parrochiae
1308 1671 1394 1742 locis
1421 1671 1516 1742 illius
1542 1670 1776 1754 considerent,
1796 1667 1944 1761 qualiter
1970 1668 2121 1739 domnus

314 1825 405 1917 regis
432 1827 626 1898 mercedem
654 1829 726 1924 ipsa
754 1829 981 1902 aelemosinas
1008 1831 1072 1902 siat
1097 1831 1217 1916 factas,
1247 1838 1284 1902 ut
1311 1830 1401 1900 infra
1425 1848 1498 1900 xxx
1524 1828 1638 1900 iudice
1667 1827 1842 1899 sedebant.

264 1981 310 2052 lle
336 1981 405 2053 filia
432 1985 533 2056 cuius
560 1997 652 2080 pater
678 2013 738 2082 per
764 2013 904 2061 manum
925 1991 1092 2082 rogatoris
1119 2012 1239 2060 omnes
1266 2013 1383 2060 servos
1410 2013 1491 2060 suos
1510 1988 1611 2060 iussit
1629 1986 1702 2058 fieri
1721 1987 1862 2069 liberoS,
1883 1994 1917 2058 et
1936 1985 2016 2079 quia
2035 2008 2120 2057 con·

311 2149 363 2212 tra
390 2141 503 2238 legem
531 2169 606 2216 esse
634 2148 784 2234 ridetur,
814 2146 1044 2234 lnstituimus,
1067 2149 1159 2240 quod
1186 2149 1258 2242 ipsa
1283 2147 1353 2218 filia
1379 2147 1414 2216 in
1440 2145 1542 2218 tertia
1569 2145 1761 2240 portionem
1788 2145 1830 2216 de
1857 2144 2000 2240 prelatis
2020 2144 2124 2216 rebus

313 2301 438 2374 iterum
468 2305 611 2376 introire
639 2307 758 2399 possit.

263 2459 395 2534 Placuit
421 2462 520 2534 nobis
547 2465 720 2550 inserere,
750 2475 787 2538 ut
814 2465 870 2538 ubi
898 2465 952 2536 lex
978 2474 1042 2552 est,
1071 2467 1259 2560 precellant
1285 2467 1551 2550 consuetudine,
1572 2467 1723 2538 utnulla
1750 2467 1967 2538 consuetudo
1995 2489 2116 2561 super-

312 2621 452 2714 ponitur
479 2621 579 2716 legis.

261 2777 395 2852 Placuit
420 2783 522 2852 etiam
549 2782 660 2870 nobis,
690 2791 727 2856 ut
752 2807 1005 2877 quamcumque
1031 2783 1160 2854 semina
1194 2791 1399 2878 potestatem
1433 2784 1554 2856 habeat
1580 2809 1640 2880 per
1666 2785 1852 2858 commiato
1879 2783 1944 2854 viri
1972 2783 2026 2853 sui
2057 2807 2114 2856 res

208 2931 211 2936 ’
308 2963 388 3011 snas
413 2943 576 3024 vendere,
605 2953 639 3014 et
664 2951 867 3038 potestatem
895 2943 1016 3015 habeat
1043 2945 1185 3015 donare.

259 3100 307 3171 [le
333 3103 523 3198 mancipias
557 3104 672 3197 palatii
699 3105 764 3176 viri
791 3105 1019 3178 ecelesiarum
1045 3113 1242 3177 nostrarum
1277 3106 1438 3178 volumus
1474 3105 1656 3176 mundium
1692 3103 1867 3198 recipere,
1905 3110 1959 3176 set
1992 3111 2111 3176 nostra

306 3262 494 3356 mancipias
522 3262 657 3334 habere.

257 3418 391 3493 Placuit
416 3421 528 3504 nobis,
557 3432 594 3496 ut
620 3423 738 3496 nullus
764 3423 892 3496 liberos
917 3423 1075 3496 homines
1102 3423 1220 3494 comiti
1247 3424 1374 3497 nostris
1400 3423 1442 3494 ad
1468 3447 1588 3496 eorum
1616 3447 1702 3517 opus
1725 3424 1760 3492 in
1788 3421 1932 3494 servitio
1957 3445 2028 3494 non
2046 3446 2110 3519 op·

303 3582 437 3673 primat,
466 3592 500 3653 et
525 3584 735 3677 quicumque
761 3583 825 3656 lroc
851 3584 973 3655 lecerit
999 3583 1190 3654 secundum
1210 3583 1300 3676 quod
1321 3581 1490 3654 iudicium
1509 3589 1676 3652 statutum
1703 3579 1881 3667 habemus,
1902 3582 2104 3652 emendare.

254 3739 330 3809 Non
357 3749 409 3812 est
435 3751 552 3814 nostra
570 3742 742 3830 voluntas,
772 3753 810 3816 ut
835 3744 992 3815 homines
1019 3741 1206 3837 placentini
1233 3765 1292 3836 per
1318 3763 1438 3812 eorum
1458 3749 1658 3835 preceptum
1677 3739 1719 3808 de
1737 3747 1835 3810 curte
1855 3739 1970 3832 palatii
1990 3739 2100 3812 nostri

304 3897 384 3972 illos
412 3901 568 3974 aldiones
594 3901 774 3997 recipiant.

255 4056 302 4128 De
329 4059 484 4156 lugitibis
510 4062 662 4157 partibus
687 4061 885 4149 beneventi,
905 4060 979 4133 sive
997 4061 1163 4147 romanie,
1184 4060 1239 4130 vel
1257 4056 1480 4154 pentapolim,
1510 4053 1715 4149 confugium
1732 4053 1881 4142 faciunt,
1901 4063 1939 4127 ut
1956 4054 2107 4127 reddan-

301 4227 358 4290 tur
384 4230 418 4292 et
444 4219 513 4292 sint
539 4223 669 4294 reversi
696 4223 736 4294 ad
766 4221 902 4316 propria
928 4220 1016 4292 loca.

253 4377 353 4451 Sicut
386 4383 602 4455 consuetudo
636 4381 703 4454 luit
736 4380 860 4477 sigillis
887 4388 921 4452 et
946 4380 1092 4476 epistola
1118 4379 1383 4476 reprehendere,
1411 4378 1545 4452 etuias
1572 4378 1627 4450 vel
1654 4385 1809 4473 portoras
1835 4375 2026 4463 custodire,
2056 4377 2104 4447 ita

300 4547 384 4611 tunc
411 4541 479 4613 sint
505 4543 617 4615 lactis.
