5376 7094
989 533 1396 608 olrtolllllods
2028 530 2075 601 25

254 763 437 850 partibus,
463 761 661 848 usquedum
685 761 770 829 illut
793 764 917 828 tenere
942 761 1174 848 voluerimus,
1197 761 1290 828 sicut
1313 758 1479 847 superius
1503 760 1659 848 legitur,
1675 762 1711 828 et
1733 777 1807 827 non
1830 757 1913 827 illut
1934 757 2039 825 nobis
2054 755 2120 826 tol-

263 917 339 986 lere
365 919 430 984 aut
453 921 619 985 contrane
643 919 785 1002 querat.
803 915 849 982 Et
872 913 904 981 si
928 913 1050 983 taliter
1066 913 1188 982 omnia
1205 913 1452 1000 suprascripta
1466 914 1569 981 nobis
1587 930 1661 980 non
1679 911 1930 999 adimpleverit
1943 913 1980 979 et
1993 909 2125 996 aliquit

262 1068 397 1137 exinde
421 1085 602 1136 removere
625 1071 689 1135 aut
712 1069 879 1136 conbare
903 1065 1117 1152 quesierint,
1141 1085 1204 1152 per
1228 1067 1307 1152 ipsa
1330 1065 1466 1152 guadia
1489 1065 1661 1152 obligavit
1684 1083 1722 1133 se
1746 1066 1821 1152 ipse
1844 1062 1956 1133 abbas
1978 1065 2015 1130 et
2037 1079 2116 1130 suc·

257 1240 419 1290 cessores
447 1240 529 1290 suos
557 1225 593 1290 et
620 1223 785 1308 partibus
811 1220 969 1306 predicte
992 1219 1141 1287 ecclesie
1165 1235 1375 1306 componere
1400 1219 1502 1286 nobis
1527 1219 1728 1304 nostrisque
1750 1216 1957 1304 heredibuS,
1982 1214 2039 1284 vel
2061 1216 2121 1284 cui

259 1377 405 1445 brebem
431 1375 499 1443 iste
524 1375 601 1444 vice
624 1377 746 1444 nostra
762 1373 802 1442 in
825 1391 973 1442 manum
990 1373 1168 1460 paruerit,
1185 1372 1318 1459 biginti
1336 1374 1418 1444 auri
1434 1372 1563 1441 solidos
1578 1372 1826 1442 constantines
1840 1389 1962 1456 vonos3
1979 1389 2121 1439 verum-

192 1497 197 1506 *
257 1538 391 1618 tamen,
416 1531 463 1599 de
488 1530 581 1618 quod
604 1529 771 1617 superius
794 1528 966 1614 diximus,
990 1527 1052 1595 ubi
1076 1525 1173 1598 infra
1195 1527 1265 1614 ipsi
1288 1533 1361 1598 tres
1384 1530 1472 1600 anni
1498 1529 1633 1598 rebersi
1658 1528 1833 1596 fuerimus
1849 1531 1885 1596 et
1900 1526 2121 1595 voluerimus

258 1683 336 1772 ipsa
359 1687 468 1752 rebus
491 1683 704 1770 recolligere
727 1686 764 1751 et
785 1687 923 1769 tenere,
946 1682 1041 1749 sicut
1063 1665 1200 1748 dictum
1223 1685 1297 1768 est,
1321 1686 1357 1751 et
1385 1683 1586 1751 laboratum
1609 1681 1693 1749 illut
1715 1679 1983 1766 iubeuerimus,
2008 1677 2118 1748 liceat

258 1837 361 1923 prius
384 1837 520 1906 exinde
543 1835 669 1904 tollere
693 1837 770 1922 ipso
794 1833 953 1902 frudium
978 1834 1038 1901 ille
1062 1835 1125 1918 qui
1149 1852 1189 1901 eo
1212 1835 1428 1904 laboraverit
1451 1835 1527 1922 ipso
1544 1853 1694 1922 annum,
1712 1839 1747 1902 et
1762 1833 1813 1901 sic
1830 1834 1953 1920 postea
1970 1833 2048 1918 ipsa
2063 1849 2121 1899 re-

262 1991 327 2056 bus
350 1990 624 2077 recolligamus,
650 1989 694 2058 ad
725 1990 920 2058 tenendum
944 1992 980 2057 et
1003 1987 1236 2058 laborandum
1260 1988 1298 2055 in
1321 1989 1564 2076 suprascripto
1586 1987 1763 2072 hordine,
1788 1985 1886 2054 etin
1911 1985 1989 2072 ipsa
2011 1986 2120 2052 rebus

261 2145 438 2214 faciamus
461 2164 545 2214 casa
569 2149 606 2213 et
629 2144 851 2233 palmentum
875 2143 1061 2231 srabitum,
1085 2147 1122 2212 et
1143 2146 1240 2212 hunc
1262 2144 1406 2211 brebem
1429 2141 1554 2212 scribsi
1578 2159 1644 2227 ego
1666 2141 1852 2210 dauferius
1876 2139 2039 2209 notarius
2056 2137 2119 2223 qui

261 2299 426 2366 interfui.

307 2423 337 2539 †
364 2453 438 2538 Ego
461 2451 523 2537 qui
548 2469 657 2538 supra
679 2451 772 2522 Maio
796 2452 1071 2522 archidiaconus
1095 2453 1131 2517 et
1152 2450 1263 2518 abbas

313 2574 343 2690 †
368 2621 433 2689 ego
456 2606 581 2690 petrus
603 2605 780 2689 presbiter
804 2607 841 2672 et
863 2603 1091 2692 primicerius

307 2729 337 2843 †
362 2773 427 2842 ego
450 2755 592 2825 alfanus
615 2756 778 2826 notarius
800 2774 856 2824 me
879 2754 1074 2841 subscripsi

305 2881 334 2996 †
360 2909 434 2995 Ego
457 2908 563 2978 Maio.

1092 3387 1278 3469 DLIV.

1038 3616 1093 3692 A.
1121 3613 1173 3690 D.
1201 3611 1330 3692 1003.

301 3789 393 3929 †ln
408 3843 554 3911 nomine
569 3842 704 3910 domini
723 3840 986 3929 quintodecimo
1001 3843 1122 3910 hanno
1138 3826 1363 3927 principatus
1380 3839 1501 3906 domni
1518 3839 1632 3906 nostri
1649 3838 1828 3928 guaimari
1845 3839 1998 3928 glorioso
2009 3842 2110 3927 prin-

255 3999 347 4084 cipe,
370 4015 492 4066 mcnse
515 3998 660 4085 aprelis,
684 3997 801 4085 prima
826 3995 1037 4064 indictione.
1057 4011 1123 4081 ego
1140 3994 1315 4062 iohannes
1338 3993 1459 4080 gratia
1482 3992 1539 4061 dei
1556 3994 1666 4063 abbas
1683 3991 1894 4063 monasterii
1909 3993 2026 4062 sancti
2042 3995 2112 4064 sal·

256 4151 387 4238 batori,
404 4152 467 4238 qui
484 4151 594 4218 situm
618 4154 671 4219 est
693 4150 789 4218 ulter
811 4148 918 4216 flubio
941 4147 1150 4235 draguntm,
1165 4145 1319 4232 declam,
1341 4145 1511 4232 quoniam
1527 4164 1611 4233 pars
1628 4146 1742 4232 ipsius
1772 4147 1885 4213 nostri
1902 4149 2111 4216 monasterii

252 4307 336 4376 abet
357 4308 465 4376 rebus
489 4325 570 4373 cum
594 4304 752 4374 arbustis
774 4303 897 4374 vitatis
921 4303 960 4370 in
983 4301 1099 4368 locum
1123 4300 1285 4385 nucerie,
1311 4298 1373 4368 ubi
1396 4299 1441 4368 ad
1465 4299 1681 4368 barbatiano
1698 4297 1833 4365 dicitur
1849 4301 1884 4365 et
1900 4299 2044 4384 proprio
2060 4302 2107 4369 ad

252 4457 373 4531 salara
396 4461 560 4544 bocatur3
577 4461 644 4544 set,
668 4458 754 4526 dum
769 4461 894 4544 petrus
917 4454 1081 4541 clericus,
1105 4456 1142 4520 et
1158 4453 1347 4538 iohannes,
1363 4454 1400 4519 et
1415 4451 1539 4536 sanda,
1563 4453 1600 4517 et
1614 4449 1786 4516 deocdede
1809 4449 1975 4536 germani
1999 4469 2042 4520 ac
2065 4454 2109 4519 fl·

250 4609 289 4678 lii
315 4611 461 4680 cuidam
483 4612 575 4698 petri
601 4613 684 4681 abet
707 4612 913 4700 pertinente
937 4612 1044 4677 rebus
1067 4608 1107 4675 in
1131 4607 1247 4674 locum
1272 4603 1462 4674 tabellaria
1477 4601 1539 4689 qui
1555 4600 1788 4669 coniunctum
1804 4604 1857 4669 est
1871 4602 1916 4670 ad
1933 4606 2038 4672 rebus
2055 4605 2110 4693 ip-

203 4731 205 4738 *
252 4764 327 4833 sius
352 4765 466 4834 nostri
489 4764 716 4852 monasterii,
739 4763 865 4833 iteirco
888 4763 1046 4831 cumeis
1069 4761 1208 4829 locutus
1231 4779 1323 4847 sum,
1347 4763 1397 4838 ut
1411 4757 1591 4828 cambium
1614 4757 1697 4826 inde
1719 4757 1895 4826 internos
1916 4761 2109 4846 utrumque

251 4924 373 5006 partes
398 4921 621 5005 laceremus3
645 4937 797 5004 cumque
821 4917 933 4986 isdem
955 4917 1023 5004 ipsi
1047 4914 1211 5004 germani
1235 4933 1276 4982 oc
1298 4913 1450 4983 audiens
1471 4913 1661 5000 dixerunt,
1685 4911 1732 4978 ud
1755 4913 1824 5000 ipsi
1842 4913 1896 4981 ita
1919 4913 2107 4982 nobiscum

252 5076 424 5161 perficere
446 5091 511 5160 pro
534 5073 762 5160 congruitate
786 5073 900 5160 ipsius
923 5070 1037 5140 nostri
1060 5069 1294 5156 monesterii3
1319 5072 1355 5136 et
1377 5068 1457 5137 ideo
1474 5067 1728 5136 reminiscente
1744 5085 1856 5153 eaque
1873 5067 1912 5134 in
1927 5068 2008 5155 lege
2028 5069 2107 5138 lan·

250 5228 488 5315 gebardorum
510 5247 575 5315 pro
599 5246 682 5316 pars
706 5227 938 5296 ecclesiarum
966 5226 1009 5294 de
1037 5223 1316 5293 commutatione
1345 5222 1519 5310 scriptum
1549 5225 1627 5307 est,
1653 5221 1731 5290 ideo
1754 5242 1776 5291 a
1799 5221 1933 5288 nostris
1957 5239 2106 5308 presen-

252 5383 312 5452 tiis
335 5384 489 5454 andreas
510 5385 711 5474 prepositus
733 5383 847 5453 nostri
871 5379 1079 5453 monasterii
1104 5379 1236 5448 missus
1258 5381 1379 5448 noster
1403 5377 1450 5444 ud
1474 5376 1546 5444 iret
1561 5394 1668 5462 super
1683 5379 1791 5444 rebus
1806 5376 1886 5462 illa,
1908 5395 2000 5463 quas
2015 5377 2104 5448 dare

252 5539 466 5627 bolebamus,
490 5557 598 5625 quam
621 5542 656 5606 et
679 5557 786 5634 super
812 5537 935 5608 eadem
959 5540 1059 5605 terra
1081 5535 1214 5622 quibus
1232 5535 1397 5622 accipere
1412 5536 1663 5620 querebamus,
1678 5536 1714 5602 et
1730 5533 1812 5602 illas
1827 5532 2049 5622 conspicere,
2067 5540 2099 5606 si

250 5692 344 5762 iusta
366 5694 483 5782 legem
498 5712 582 5781 pars
596 5693 710 5782 ipsius
725 5692 840 5761 nostri
863 5690 1073 5760 monasterii
1099 5690 1327 5761 remeliorata
1350 5689 1650 5777 accipereremus,
1665 5694 1702 5758 et
1717 5689 1841 5760 statim
1857 5689 1933 5777 ipse
1949 5689 2105 5760 andreas

251 5849 451 5937 prepositus
474 5849 605 5917 missus
629 5851 751 5917 noster
773 5863 880 5934 super
903 5848 1001 5914 terre
1025 5844 1102 5933 ipse
1124 5843 1286 5935 perrexit
1309 5851 1346 5916 et
1368 5846 1450 5916 illas
1474 5849 1571 5916 recte
1593 5845 1796 5934 conspexit,
1814 5848 1856 5912 ut
1871 5848 2007 5916 terram
2022 5845 2102 5932 ipsa

441 6001 521 6061 loro
541 6019 575 6060 ιν.
1894 5999 1912 6057 l
