5318 7102
642 544 689 619 34
1344 547 1709 623 CAPITULAth

637 771 776 845 traditio
804 773 869 847 ista
896 773 985 846 lacta
1002 773 1120 858 fuerit,
1150 775 1192 845 de
1211 797 1266 845 res
1286 771 1381 844 illius
1399 770 1422 866 ¹)
1450 769 1546 843 nulla
1565 769 1607 840 de
1626 769 1789 864 predictis
1808 767 1909 839 rebus
1928 767 2037 840 valeat
2057 770 2172 841 lacere
2191 773 2433 866 repetitionem,

638 937 672 1002 et
698 930 839 1027 insuper
866 933 938 1027 ipse
965 933 1056 1027 quod
1083 931 1184 1005 faciat
1210 932 1342 1004 eisdem
1369 931 1558 1014 vestitura,
1588 952 1631 999 ne
1658 929 1767 1000 eade
1794 927 1894 998 redes
1920 925 2016 999 nulla
2041 917 2065 1022 ¹)
2094 938 2267 1002 remaneat
2293 936 2435 1007 occasio-

640 1110 719 1159 nem
747 1089 801 1164 vel
828 1089 1050 1164 traditionem
1078 1089 1286 1172 inmutandi,
1316 1089 1376 1160 sed
1403 1087 1518 1183 potius
1544 1086 1735 1159 necessitas
1754 1085 1933 1157 incumbas
1952 1086 2011 1157 illa
2028 1085 2243 1181 perlicieudi,
2263 1097 2296 1162 et
2313 1091 2342 1162 si
2358 1115 2435 1163 non·

639 1249 720 1319 dum
748 1271 803 1320 res
828 1272 909 1321 suas
926 1271 1006 1320 cum
1025 1271 1092 1343 quo
1118 1246 1303 1318 heredibus
1322 1246 1394 1317 suis
1412 1245 1543 1316 divisas
1561 1244 1733 1328 habuerit,
1762 1266 1831 1316 non
1859 1244 1904 1315 sit
1929 1244 1961 1314 ei
1988 1244 2235 1340 inpedimento.

590 1407 658 1480 Sed
685 1406 901 1500 quoheredes
927 1409 1003 1479 eius
1029 1407 1058 1478 si
1085 1415 1207 1501 sponte
1232 1404 1397 1490 uoluerit,
1426 1413 1484 1476 aut
1508 1427 1567 1498 per
1586 1404 1761 1490 comitem,
1782 1413 1841 1476 aut
1859 1426 1918 1498 per
1936 1405 2064 1477 missus
2082 1405 2158 1476 eius
2176 1405 2432 1500 distringantur,

637 1565 681 1638 Ut
706 1565 877 1638 divisione
904 1587 984 1636 cuno
1010 1563 1070 1636 illc
1098 1563 1212 1648 saciat,
1233 1571 1334 1656 atque
1361 1561 1516 1634 defuncti
1544 1559 1771 1634 hereditatem
1798 1585 1896 1634 suam
1923 1563 2033 1636 voluit
2055 1565 2249 1659 pervenire,
2270 1573 2305 1636 et
2323 1565 2351 1636 si
2368 1566 2436 1638 oui-

637 1724 722 1797 libet
746 1723 937 1797 aecclesiae
963 1748 1005 1796 eo
1029 1724 1165 1796 tradere
1193 1722 1339 1818 rogavit,
1367 1719 1555 1793 coheredes
1581 1722 1656 1793 eius
1682 1745 1758 1794 eam
1784 1722 1896 1816 legem
1924 1745 2003 1794 oum
2030 1722 2089 1794 illa
2107 1723 2278 1795 aecclesia
2304 1724 2345 1793 de
2369 1747 2437 1818 pre-

638 1883 741 1956 dictis
767 1881 870 1956 rebus
896 1882 1038 1968 habeat,
1067 1907 1169 1977 quam
1196 1905 1276 1953 cum
1305 1879 1383 1950 illos
1409 1879 1467 1993 qui
1493 1877 1639 1950 heredes
1665 1903 1746 1951 suos
1772 1877 1896 1950 hahere
1923 1879 2065 1966 debuit,
2094 1889 2128 1952 et
2154 1880 2218 1952 hoc
2244 1881 2438 1954 obserbetur

637 2019 718 2137 ergo
745 2051 841 2137 pater
867 2051 902 2115 et
928 2041 1038 2114 lilium
1066 2050 1100 2114 et
1126 2047 1267 2136 nepotes
1294 2061 1404 2134 usque
1430 2041 1471 2110 ad
1490 2061 1619 2110 annum
1637 2038 1848 2134 legitimum,
1876 2049 1995 2136 postea
2014 2040 2087 2136 ipsa
2105 2063 2160 2112 res
2179 2041 2218 2112 ad
2239 2042 2437 2113 inmunitate

639 2201 748 2296 ipsius
775 2201 965 2273 aecclesiae
993 2201 1138 2273 reddant
1165 2201 1202 2295 ³).

585 2358 800 2452 Quicumque
827 2359 1004 2430 hominem
1031 2365 1089 2429 aut
1115 2381 1155 2428 ex
1182 2357 1334 2450 qualibet
1360 2379 1476 2443 causa,
1506 2365 1565 2430 aut
1592 2357 1666 2429 sine
1694 2381 1798 2430 causa
1824 2359 2054 2446 interfecerit,
2074 2359 2264 2454 quidrigild
2293 2359 2324 2430 ei
2351 2382 2438 2431 oom-

633 2527 737 2615 ponat
762 2518 815 2591 his
844 2543 863 2590 a
888 2543 955 2612 quo
982 2519 1040 2590 ille
1067 2518 1246 2614 pertinuit,
1275 2527 1309 2588 ot
1335 2542 1395 2612 pro
1414 2517 1519 2590 talem
1545 2519 1839 2612 presumptionem
1859 2519 1894 2589 iu
1912 2518 2015 2590 exilio
2035 2519 2203 2606 mittatur,
2225 2531 2259 2593 et
2279 2521 2320 2592 ad
2338 2543 2436 2615 quau-

635 2685 709 2750 tum
734 2686 872 2772 tempus
898 2675 998 2748 nohis
1024 2677 1204 2771 placuerit,
1235 2699 1290 2746 res
1314 2684 1430 2748 tamen
1458 2701 1556 2748 suam
1583 2701 1651 2747 uon
1679 2677 1900 2751 admittamus
1924 2671 1962 2774 ⁸).

586 2834 624 2906 ln
650 2836 902 2931 compositione
929 2835 1102 2932 widrigild
1130 2836 1303 2921 colurnus,
1333 2843 1370 2907 ut
1395 2835 1497 2905 detur
1515 2857 1555 2904 ea
1581 2833 1700 2928 quein
1720 2835 1794 2931 lege
1815 2837 2054 2924 continentur,
2083 2838 2232 2934 Excepto
2259 2839 2431 2934 accipitre,

631 3001 665 3066 et
691 3003 805 3090 spata,
842 3004 1050 3090 quapropter
1085 2995 1144 3066 illa
1170 2995 1238 3066 dua
1264 2994 1474 3087 aliquotiens
1510 2992 1700 3086 periurium
1728 2993 1957 3066 committitur
1984 3005 2112 3088 quanto
2149 2996 2293 3068 maioris
2320 2997 2432 3092 pretii,

633 3122 737 3246 quam
764 3151 824 3222 illa
849 3151 983 3224 iuratur
1009 3151 1047 3248 ⁶).

582 3309 621 3382 Si
649 3310 726 3403 quis
752 3333 877 3406 sponsa
904 3311 1017 3382 aliena
1044 3313 1207 3406 rapuerit,
1237 3321 1295 3382 aut
1321 3313 1407 3406 patri
1426 3313 1513 3398 cius,
1535 3325 1593 3386 aut
1610 3314 1641 3384 ei
1660 3299 1718 3408 qui
1741 3313 1875 3410 legibus
1902 3315 1979 3386 eius
2006 3314 2169 3388 defensor
2196 3325 2261 3402 cst,
2280 3341 2359 3388 curu
2378 3343 2433 3390 sua

631 3471 742 3567 legem
761 3471 793 3542 ei
812 3472 944 3560 reddat,
965 3481 1000 3546 et
1018 3473 1181 3568 quicquid
1208 3498 1289 3546 cum
1307 3497 1348 3546 eo
1365 3474 1485 3548 tulerit
1510 3475 1634 3547 semoti
1662 3495 1866 3568 unaquoque
1893 3473 2027 3544 relrcda
2044 3469 2069 3568 ⁸)
2089 3476 2304 3548 saecundum
2323 3478 2428 3574 legem

630 3630 764 3717 reddat,
793 3639 827 3704 et
853 3631 882 3703 si
911 3630 976 3703 hoo
1002 3657 1020 3704 a
1046 3632 1207 3704 defensor
1232 3632 1307 3703 eius
1333 3641 1528 3727 perpetrare
1554 3631 1792 3716 consenserit,
1830 3639 1864 3702 et
1890 3631 1968 3702 ideo
1994 3632 2122 3726 raptori
2149 3634 2257 3704 nichil
2287 3657 2430 3728 querere

629 3791 790 3876 voluerit,
821 3814 939 3862 comes
973 3765 1265 3888 singulariter'de
1294 3815 1534 3888 unaquemque
1562 3816 1635 3864 rem
1662 3791 1739 3864 leda
1757 3801 1875 3864 nostra
1893 3791 1957 3864 hab
1975 3816 2016 3866 eo
2034 3802 2155 3866 exacta
2182 3817 2218 3866 re
2249 3793 2366 3867 saciat.
2396 3797 2434 3867 Et

631 3957 797 4060 quantum
822 3957 958 4044 tempus
985 3947 1085 4021 nohis
1110 3949 1291 4044 placuerit,
1320 3949 1353 4020 in
1382 3949 1485 4022 exilio
1512 3959 1649 4023 maneat
1674 3961 1709 4024 et
1735 3953 1794 4024 illa
1819 3953 1947 4024 semina
1973 3951 2098 4024 habere
2124 3977 2193 4024 nou
2221 3953 2327 4026 lioeat
2352 3959 2389 4048 1).

579 4105 615 4179 Si
643 4107 894 4202 cuiuscumque
929 4107 1080 4180 hominis
1113 4109 1284 4204 propietas
1318 4109 1383 4182 hoc
1408 4112 1432 4205 Β)
1460 4110 1591 4182 crimen
1618 4109 1747 4205 aliquid
1782 4111 1845 4183 hab
1876 4135 1917 4184 eo
1943 4111 2171 4184 commissum
2205 4113 2240 4184 in
2277 4137 2430 4186 varmum

576 4369 1054 4380 —Q———ss—w—-q--a

617 4551 640 4630 ¹)
663 4551 703 4614 da
725 4565 780 4613 res
802 4548 916 4613 illius:
943 4551 1063 4612 haeres
1088 4549 1192 4610 illius,

618 4695 641 4774 ¹)
663 4711 705 4758 ne
728 4710 766 4757 ea
787 4695 828 4758 da
850 4694 946 4759 redes
967 4694 1075 4758 nulla:
1100 4713 1142 4755 ne
1167 4693 1239 4755 eius
1265 4691 1467 4753 haeredibus
1491 4691 1571 4752 ulla.

614 4840 639 4922 ⁸)
660 4841 777 4915 Questi
801 4841 864 4902 due
890 4859 960 4921 cap.
986 4841 1020 4903 Si
1040 4839 1113 4922 quis
1136 4857 1193 4904 res
1214 4855 1291 4904 suas
1309 4886 1315 4900 .
1336 4887 1342 4899 .
1363 4885 1369 4898 .
1394 4835 1623 4918 impedimento
1647 4856 1664 4898 e
1688 4837 1749 4900 Sed
1771 4837 1974 4917 quohercdes
2001 4888 2062 4902 ...
2089 4841 2235 4906 reddant
2258 4843 2314 4905 nel
2341 4850 2427 4908 testo

574 4988 797 5050 Muratoriano
822 5007 902 5049 sono
925 4989 1042 5049 riuniti
1066 4987 1100 5049 in
1124 5007 1200 5056 erno,
1227 4987 1296 5050 eh'o
1321 4985 1345 5046 il
1369 4987 1408 5046 N.
1433 4985 1516 5047 XIV.

616 5125 640 5212 ⁴)
661 5133 746 5196 Mur.
771 5135 838 5195 XV.

616 5279 641 5360 ⁸)
663 5279 736 5341 hlur
758 5279 840 5342 XVI.

613 5413 780 5506 ‘linceos
805 5425 837 5487 di
859 5425 978 5490 semoti
1000 5441 1193 5506 unaqueque
1215 5423 1353 5488 ratreda
1377 5422 1400 5482 il
1423 5421 1495 5483 Mur
1519 5424 1570 5482 ha:
1595 5423 1745 5488 semotim
1766 5439 1993 5506 unaqoamqua
2017 5443 2098 5491 rem.

611 5567 635 5650 ²)
657 5571 781 5643 Questo
812 5571 902 5651 Cap,
934 5571 1082 5632 sebbene
1117 5571 1249 5633 ruanchi
1282 5567 1423 5648 qualche
1456 5585 1530 5629 cosa
1550 5539 1615 5629 *che
1640 5569 1669 5629 si
1693 5569 1788 5646 legge
1813 5569 1867 5632 nel
1892 5577 1975 5633 testo
1998 5566 2233 5645 Muratoriano,
2258 5575 2313 5636 nel
2339 5581 2424 5639 tutto

573 5716 738 5780 concorda
762 5717 812 5779 col
836 5719 875 5778 N.
899 5716 998 5778 XVII.

609 5864 634 5944 ⁸)
655 5865 736 5928 hoc:
762 5866 815 5927 ob.
