5318 7102
907 549 1087 624 REGUltl
1122 549 1452 624 arlanconem
2006 549 2051 621 57

70 755 71 758 ¹
241 770 438 846 Ut'mulier
464 793 624 844 romanas
650 793 716 866 que
743 773 835 846 viros
853 773 1018 846 babuerit
1044 773 1289 869 langobardus,
1317 796 1358 847 eo
1385 772 1564 860 defuncto,
1593 795 1612 842 a
1637 771 1714 868 lege
1740 771 1806 844 uici
1833 771 1879 884 sil
1907 772 2033 862 soluta,
2064 781 2144 846 et·
2225 848 2230 854 ,
2327 856 2329 860 ⁴

289 954 351 1004 sua
376 914 722 1026 revertatur-legem,
743 932 809 1004 bac
825 941 993 1019 statuens,
1013 941 1051 1006 ut
1068 933 1194 1005 similis
1217 931 1357 1012 modum
1376 941 1535 1006 servetur
1556 932 1591 1004 in
1610 931 2005 1012 exterarumnationum
2024 957 2100 1006 mu-

288 1087 414 1161 lierum
445 1091 482 1184 ’)·,
529 1091 565 1152 '.

240 1249 288 1318 De
314 1248 434 1320 liberis
461 1273 542 1321 vero
567 1249 768 1322 bominibus
793 1251 853 1344 qui
880 1251 915 1320 in
943 1250 1057 1322 aliena
1082 1259 1249 1348 potestate
1278 1253 1440 1324 mobilem
1464 1253 1566 1324 suum
1591 1253 1818 1338 transl'erunt,
1839 1261 1878 1326 ut
1894 1259 2056 1326 causator
2073 1257 2097 1348 ²)

288 1432 410 1482 eorum
436 1409 619 1505 pignerare
646 1435 714 1483 non
741 1411 862 1506 possit,
890 1411 1003 1506 placet
1029 1410 1140 1500 nobis,
1169 1418 1208 1484 ut
1232 1435 1288 1483 res
1314 1435 1435 1484 eorum
1464 1379 1704 1506 infixentu1·³),
1731 1433 1910 1506 quousque
1934 1412 2101 1486 ueniente

251 1671 254 1680 μ
289 1569 457 1641 iustitiam
483 1569 624 1642 saciant.
654 1571 690 1644 Si
717 1593 800 1642 uero
825 1571 944 1642 venire
971 1570 1229 1666 contempserit,
1262 1570 1454 1659 secundum
1488 1570 1676 1666 capitulare
1706 1570 1824 1643 domni
1854 1569 1917 1642 hac
1947 1573 2098 1666 genitori

280 1727 396 1799 ,nostri
424 1728 466 1798 de
492 1751 612 1800 eorum
640 1729 751 1802 rebus·
768 1737 900 1825 agatur.
930 1729 1017 1801 Nam
1043 1736 1077 1800 et
1101 1727 1144 1800 de
1170 1727 1253 1823 ipsis
1279 1727 1382 1798 rebus
1416 1727 1516 1798 auita
1539 1726 1714 1800 estimatio
1747 1727 1872 1800 damno
1908 1730 2098 1824 quaesitori

288 1885 452 1958 sortiatur
476 1889 514 1982 ⁴),
543 1911 609 1982 que
636 1889 736 1961 illum
761 1888 928 1970 ,movilem
955 1888 1119 1984 suscepit,
1148 1887 1177 1959 si
1203 1885 1269 1959 boc
1295 1911 1356 1983 per
1382 1895 1639 1960 sacramentum
1664 1910 1808 1982 pravare
1834 1911 1903 1961 non
1929 1893 2096 1986 potuerit,

287 2045 378 2138 quod
403 2055 540 2142 propter
568 2047 736 2119 iustitiam
762 2047 904 2119 alterius
938 2031 1128 2119 differenda
1145 2046 1246 2120 illum
1263 2070 1332 2119 non
1353 2045 1553 2142 recepisset,
1574 2046 1728 2118 bannum
1745 2055 1903 2120 nostrum
1922 2049 2035 2124 serbat
2056 2053 2096 2147 ⁵).

239 2207 286 2276 lle
314 2204 477 2277 iratribus
503 2229 653 2300 namque
681 2229 747 2300 que
773 2205 878 2278 simul
904 2207 1107 2312 inpaterna
1134 2229 1195 2280 seu
1221 2207 1375 2280 materna
1410 2208 1600 2280 hereditate
1631 2230 1826 2280 commune·
1842 2209 1994 2298 vibant,
2030 2212 2099 2283 No-

286 2365 399 2438 lentes
427 2364 654 2440 substantiam
682 2391 803 2440 eorum
840 2367 996 2440 dividere
1024 2367 1058 2436 in
1087 2365 1317 2451 occasionem,
1346 2375 1385 2439 ut
1410 2363 1514 2462 noel)
1540 2375 1676 2440 tantum
1704 2389 1824 2439 eorum
1852 2368 1887 2438 in
1914 2367 2013 2443 hoste
2041 2395 2099 2442 va-

285 2525 381 2612 dant,
411 2525 592 2615 Volumus,
621 2536 659 2600 ut
684 2529 713 2599 si
740 2527 835 2599 solus
861 2534 925 2614 est,
953 2527 1067 2613 vadat3
1088 2526 1116 2597 si
1133 2533 1247 2600 autem
1264 2533 1358 2613 sunt,
1379 2525 1553 2612 similiter,
1573 2489 1603 2596 si
1618 2534 1689 2599 tres
1708 2527 1853 2614 fuerint,
1874 2552 1965 2600 unus
1985 2551 2098 2602 rema-

284 2695 400 2757 neant.
431 2685 466 2758 Si
494 2685 585 2758 ultra
608 2699 679 2759 tres
706 2711 890 2776 numerum
919 2688 1064 2758 fratrum
1091 2687 1252 2774 ereverit,
1273 2710 1381 2757 unum
1407 2694 1542 2759 tantum
1569 2695 1708 2781 propter
1735 2687 1959 2760 domesticam
1977 2711 2096 2762 curam

285 2853 387 2939 atque
403 2867 519 2918 rerum
536 2847 736 2919 communio
763 2846 951 2919 excolenda
969 2853 1157 2918 remaneat.
1178 2843 1215 2917 Si
1235 2867 1316 2916 vero
1335 2844 1425 2916 inter
1443 2866 1502 2915 eos
1521 2843 1669 2940 aliquam
1689 2854 1780 2918 ortas
1798 2846 1905 2918 luent
1932 2846 2093 2950 intentio,

222 2989 225 2994 ’
284 3003 361 3096 quis
386 3025 507 3075 eorum
534 3005 752 3098 expeditione
778 3004 892 3076 lacere
918 3003 1053 3090 debeat,
1082 3002 1298 3090 Proibemus,
1317 3012 1355 3076 ut
1372 3025 1475 3074 nemo
1494 3025 1616 3076 eorum
1635 3013 1813 3076 remaneat
1831 3004 1867 3075 in
1884 3011 1987 3092 etate,
2009 3028 2096 3100 quo·

286 3184 352 3254 que
379 3161 518 3236 illorum
545 3163 599 3234 lex
625 3161 762 3258 propria
788 3169 958 3250 servetur,
987 3161 1149 3234 similiter
1174 3169 1208 3232 et
1234 3163 1276 3234 de
1302 3162 1484 3257 nepotibus
1514 3157 1576 3235 bea
1603 3157 1817 3234 condicine'
1849 3171 1976 3235 teneat.

238 3322 282 3394 Ut
308 3323 545 3396 testimonium
573 3347 641 3396 non
668 3325 854 3420 recipiatur
869 3324 914 3396 'de
931 3323 985 3396 his
1012 3323 1186 3420 capitulis,
1214 3323 1317 3410 ldest,
1337 3321 1380 3394 de
1397 3321 1569 3410 libertate,
1590 3321 1632 3394 de
1649 3321 1853 3409 hereditate,
1874 3323 1930 3394 uel
1956 3322 2095 3420 propie-

283 3488 354 3554 tate
380 3481 416 3552 in
441 3482 635 3578 mancipiis,
664 3493 699 3555 et
724 3484 839 3566 terris,
868 3485 940 3556 siue
967 3483 1010 3554 de
1036 3481 1262 3554 homicidium
1288 3490 1322 3554 et
1347 3481 1389 3554 de
1406 3481 1612 3553 incendium
1633 3483 1657 3576 ⁸)
1685 3480 1736 3552 illi
1765 3479 1860 3576 quod
1886 3480 2089 3566 nonhabet,

275 3825 297 3904 Ι)
318 3823 402 3886 Mur.
427 3824 510 3886 XIV.

272 3972 296 4051 2)
320 3995 334 4028 u
360 3972 529 4035 causator.
555 3969 619 4044 Qui
642 3970 761 4033 actoris
782 3969 832 4031 uel
846 3969 897 4032 rei
912 3966 1089 4047 injudicio
1107 3976 1221 4048 partes
1237 3971 1316 4050 opit,
1334 3971 1493 4051 litigator.
1513 3991 1528 4029 u
1545 3971 1605 4048 (Du
1621 3968 1731 4048 Gange
1746 3946 1854 4031 GlosS.
1875 3989 1905 4031 v.
1923 3973 2094 4054 causator)

273 4116 297 4198 3)
318 4116 508 4184 inflarentur:
533 4116 743 4181 infiscentur.

274 4260 298 4344 ⁸)
319 4263 439 4328 Inveoe
462 4265 495 4325 di
517 4263 680 4330 sortiatur
703 4264 726 4324 il
749 4264 833 4325 Mur.
859 4263 912 4324 ha:
937 4261 1116 4327 sanentur.

272 4407 297 4490 8)
318 4411 441 4484 Questa
461 4411 558 4490 legge
582 4431 600 4474 e
623 4411 656 4472 la
678 4417 841 4490 seguente
865 4409 1123 4492 corrispondono
1147 4407 1178 4470 al
1200 4409 1241 4472 N.
1265 4407 1367 4472 XXVI
1388 4407 1442 4470 del
1464 4406 1636 4482 Murciam,
1654 4407 1679 4470 il
1701 4406 1800 4488 quale
1824 4407 1915 4470 nella
1936 4410 2019 4472 Nota
2039 4411 2093 4492 27)

231 4572 304 4635 pag.
327 4556 390 4618 139
412 4575 557 4630 asserva,
592 4557 654 4620 cho
678 4556 702 4618 il
726 4557 804 4618 Cod.
828 4557 957 4630 Esten.,
992 4575 1086 4620 come
1110 4558 1143 4618 la
1165 4575 1248 4638 pure
1278 4555 1303 4618 il
1325 4563 1438 4620 nostro
1468 4557 1558 4634 Cam,
1594 4556 1681 4622 dalle
1714 4556 1828 4639 parole
1858 4557 2089 4625 detractibus

232 4719 372 4786 namque
376 4752 439 4768 .....
465 4706 692 4789 estprincipio
715 4706 756 4768 ad
778 4725 843 4768 una
866 4704 998 4767 diversa
1020 4705 1129 4786 legge.
1155 4727 1170 4762 a
1194 4702 1504 4772 ocerannum.
1527 4703 1571 4768 In
1594 4703 1670 4769 Cad.
1686 4703 1797 4768 Esten.
1815 4705 1990 4770 exordium
2011 4707 2089 4770 bine

232 4875 246 4908 l
271 4855 372 4916 sumit
393 4853 445 4915 lex
467 4829 597 4916 diuersa
619 4873 641 4916 a
657 4855 889 4932 praecedenti,
912 4853 1095 4936 etquidem
1114 4855 1250 4917 merito:
1273 4853 1440 4916 diuersum
1460 4854 1582 4934 quippe
1603 4857 1650 4915 est
1672 4858 1910 4934 argumentum.
1934 4855 2088 4917 Attamen

231 5021 246 5058 «
271 5001 311 5064 ab
332 5002 430 5064 editis
452 5003 619 5066 discedere
639 5004 733 5066 nolui
758 5025 786 5064 a.

270 5142 295 5229 ⁶)
316 5155 355 5216 ut
374 5165 452 5214 nos:
475 5156 513 5212 ut
533 5169 632 5212 unus.

271 5297 294 5377 1)
316 5295 495 5362 condicine:
519 5297 682 5362 condicio.

268 5437 293 5522 ⁸)
314 5441 349 5505 11.
363 5444 522 5507 Muratori
546 5445 589 5544 ba
611 5445 645 5506 in
668 5449 785 5524 questo
808 5443 905 5522 luogo
928 5441 959 5507 le
982 5443 1096 5526 parole
1120 5449 1252 5522 excepto
1273 5441 1393 5516 silcali,
1419 5441 1481 5502 che
1505 5457 1570 5502 non
1593 5439 1622 5501 si
1646 5439 1786 5519 leggono
1808 5441 1864 5504 nel
1888 5447 2002 5505 nostro
2025 5445 2086 5507 Co·

229 5591 317 5657 dice.
351 5593 450 5656 Nella
481 5595 566 5657 Nota
594 5597 675 5676 perd
697 5595 750 5676 28)
771 5611 844 5675 pag.
868 5594 930 5656 139
962 5610 1106 5663 asserva,
1138 5591 1200 5654 ohe
1225 5589 1249 5651 il
1272 5588 1406 5652 Baluzio
1429 5587 1620 5669 riportando
1643 5593 1762 5666 questa
1782 5587 1879 5668 legge
1903 5597 2026 5654 omette
2050 5593 2084 5656 le

228 5737 381 5817 predette
405 5737 469 5802 due
492 5737 619 5821 parole,
644 5739 685 5802 ed
708 5739 872 5818 aggiunge
897 5756 1027 5800 ancora:
1053 5761 1068 5796 a
1092 5756 1196 5817 neque
1212 5753 1321 5800 auaro
1343 5737 1435 5818 longe
1458 5737 1563 5811 abeat,
1588 5738 1644 5818 qui
1671 5736 1817 5801 Glossam
1834 5741 1930 5816 putet
1951 5745 2087 5818 excepto
2117 5733 2121 5738 ’

228 5884 350 5959 situati,
376 5887 463 5964 quod
484 5887 618 5966 facinus
635 5887 801 5965 peculiari
819 5903 929 5966 poena
945 5885 1166 5965 puniendum,
1191 5889 1256 5948 etc.
1283 5905 1311 5946 rr.

382 6037 450 6094 'ros
473 6055 509 6096 m.
792 6045 795 6050 '
1913 6043 1931 6097 b
