<?xml version="1.0" encoding="UTF-8"?>
<!DOCTYPE html PUBLIC "-//W3C//DTD XHTML 1.0 Transitional//EN"
    "http://www.w3.org/TR/xhtml1/DTD/xhtml1-transitional.dtd">
<html xmlns="http://www.w3.org/1999/xhtml" xml:lang="en" lang="en">
 <head>
  <title>
</title>
<meta http-equiv="Content-Type" content="text/html;charset=utf-8" />
  <meta name='ocr-system' content='tesseract 3.04.00' />
  <meta name='ocr-capabilities' content='ocr_page ocr_carea ocr_par ocr_line ocrx_word'/>
</head>
<body>
  <div class='ocr_page' id='page_1' title='image "./codexdiplomatic05aragoog_0369.png"; bbox 0 0 5318 7102; ppageno 0'>
   <div class='ocr_carea' id='block_1_1' title="bbox 619 519 1679 592">
    <p class='ocr_par' dir='ltr' id='par_1_1' title="bbox 619 519 1679 592">
     <span class='ocr_line' id='line_1_1' title="bbox 619 519 1679 592; baseline -0.001 -3"><span class='ocrx_word' id='word_1_1' title='bbox 619 521 663 589; x_wconf 88' lang='grc'><strong>111</strong></span> <span class='ocrx_word' id='word_1_2' title='bbox 1314 519 1679 592; x_wconf 80' lang='lat' dir='ltr'>CAPITULARIA</span> 
     </span>
    </p>
   </div>
   <div class='ocr_carea' id='block_1_2' title="bbox 543 739 2420 3386">
    <p class='ocr_par' dir='ltr' id='par_1_2' title="bbox 613 739 2419 1637">
     <span class='ocr_line' id='line_1_2' title="bbox 619 739 2416 839; baseline 0.006 -28"><span class='ocrx_word' id='word_1_3' title='bbox 619 741 676 813; x_wconf 95' lang='lat' dir='ltr'><strong>nio</strong></span> <span class='ocrx_word' id='word_1_4' title='bbox 694 741 737 814; x_wconf 92' lang='lat' dir='ltr'><strong>de</strong></span> <span class='ocrx_word' id='word_1_5' title='bbox 755 739 893 834; x_wconf 94' lang='lat' dir='ltr'>publico</span> <span class='ocrx_word' id='word_1_6' title='bbox 911 762 947 810; x_wconf 90' lang='grc'><strong>33</strong></span> <span class='ocrx_word' id='word_1_7' title='bbox 966 739 1222 824; x_wconf 78' lang='lat' dir='ltr'>subtrahentes,</span> <span class='ocrx_word' id='word_1_8' title='bbox 1244 741 1303 812; x_wconf 91' lang='lat' dir='ltr'><strong>scd</strong></span> <span class='ocrx_word' id='word_1_9' title='bbox 1323 765 1383 836; x_wconf 92' lang='lat' dir='ltr'>pro</span> <span class='ocrx_word' id='word_1_10' title='bbox 1402 742 1474 814; x_wconf 88' lang='lat' dir='ltr'>sola</span> <span class='ocrx_word' id='word_1_11' title='bbox 1487 751 1699 839; x_wconf 90' lang='lat' dir='ltr'>paupertate,</span> <span class='ocrx_word' id='word_1_12' title='bbox 1716 751 1750 816; x_wconf 92' lang='lat' dir='ltr'><strong>et</strong></span> <span class='ocrx_word' id='word_1_13' title='bbox 1762 745 1968 817; x_wconf 89' lang='lat' dir='ltr'>necessitate</span> <span class='ocrx_word' id='word_1_14' title='bbox 1981 753 2074 817; x_wconf 89' lang='lat' dir='ltr'>terra</span> <span class='ocrx_word' id='word_1_15' title='bbox 2087 747 2275 818; x_wconf 78' lang='lat' dir='ltr'>aecclesiae</span> <span class='ocrx_word' id='word_1_16' title='bbox 2290 748 2416 836; x_wconf 89' lang='lat' dir='ltr'>colunt,</span> 
     </span>
     <span class='ocr_line' id='line_1_3' title="bbox 618 901 2418 1000; baseline 0.003 -28"><span class='ocrx_word' id='word_1_17' title='bbox 618 912 655 975; x_wconf 93' lang='lat' dir='ltr'>ut</span> <span class='ocrx_word' id='word_1_18' title='bbox 680 901 825 973; x_wconf 88' lang='lat' dir='ltr'>colenda</span> <span class='ocrx_word' id='word_1_19' title='bbox 852 901 1061 995; x_wconf 90' lang='lat' dir='ltr'>suscipiunt,</span> <span class='ocrx_word' id='word_1_20' title='bbox 1090 924 1159 972; x_wconf 91' lang='lat' dir='ltr'><strong>uon</strong></span> <span class='ocrx_word' id='word_1_21' title='bbox 1186 902 1229 972; x_wconf 91' lang='lat' dir='ltr'>ad</span> <span class='ocrx_word' id='word_1_22' title='bbox 1255 901 1387 988; x_wconf 91' lang='lat' dir='ltr'>comiti,</span> <span class='ocrx_word' id='word_1_23' title='bbox 1416 901 1471 973; x_wconf 90' lang='grc'><strong>331</strong></span> <span class='ocrx_word' id='word_1_24' title='bbox 1490 927 1508 973; x_wconf 93' lang='grc'><strong>3</strong></span> <span class='ocrx_word' id='word_1_25' title='bbox 1526 902 1676 998; x_wconf 92' lang='lat' dir='ltr'>qualibet</span> <span class='ocrx_word' id='word_1_26' title='bbox 1694 902 1873 976; x_wconf 89' lang='lat' dir='ltr'>ministros</span> <span class='ocrx_word' id='word_1_27' title='bbox 1894 902 1990 977; x_wconf 93' lang='lat' dir='ltr'>illius</span> <span class='ocrx_word' id='word_1_28' title='bbox 2017 906 2058 977; x_wconf 92' lang='lat' dir='ltr'>ad</span> <span class='ocrx_word' id='word_1_29' title='bbox 2086 904 2157 976; x_wconf 91' lang='lat' dir='ltr'>ulla</span> <span class='ocrx_word' id='word_1_30' title='bbox 2183 907 2333 1000; x_wconf 88' lang='lat' dir='ltr'>angaria,</span> <span class='ocrx_word' id='word_1_31' title='bbox 2361 932 2418 982; x_wconf 90' lang='lat' dir='ltr'><strong>seu</strong></span> 
     </span>
     <span class='ocr_line' id='line_1_4' title="bbox 615 1057 2415 1160; baseline 0.004 -30"><span class='ocrx_word' id='word_1_32' title='bbox 615 1059 757 1130; x_wconf 87' lang='grc'><strong>33331113</strong></span> <span class='ocrx_word' id='word_1_33' title='bbox 776 1057 927 1153; x_wconf 87' lang='lat' dir='ltr'>publicu,</span> <span class='ocrx_word' id='word_1_34' title='bbox 947 1059 1002 1130; x_wconf 91' lang='lat' dir='ltr'><strong>vel</strong></span> <span class='ocrx_word' id='word_1_35' title='bbox 1020 1058 1152 1153; x_wconf 92' lang='grc'><strong>3313313</strong></span> <span class='ocrx_word' id='word_1_36' title='bbox 1166 1067 1345 1152; x_wconf 77' lang='lat' dir='ltr'>cogantur,</span> <span class='ocrx_word' id='word_1_37' title='bbox 1363 1057 1418 1131; x_wconf 91' lang='grc'><strong>331</strong></span> <span class='ocrx_word' id='word_1_38' title='bbox 1433 1059 1699 1154; x_wconf 89' lang='lat' dir='ltr'>compellantur;</span> <span class='ocrx_word' id='word_1_39' title='bbox 1717 1062 1785 1134; x_wconf 87' lang='lat' dir='ltr'><strong>Sed</strong></span> <span class='ocrx_word' id='word_1_40' title='bbox 1804 1065 1968 1160; x_wconf 85' lang='lat' dir='ltr'>quicquid</span> <span class='ocrx_word' id='word_1_41' title='bbox 1984 1065 2048 1136; x_wconf 92' lang='lat' dir='ltr'>hab</span> <span class='ocrx_word' id='word_1_42' title='bbox 2067 1064 2117 1136; x_wconf 90' lang='lat' dir='ltr'><strong>eis</strong></span> <span class='ocrx_word' id='word_1_43' title='bbox 2137 1067 2171 1136; x_wconf 93' lang='lat' dir='ltr'><strong>in</strong></span> <span class='ocrx_word' id='word_1_44' title='bbox 2186 1088 2222 1136; x_wconf 93' lang='lat' dir='ltr'><strong>se</strong></span> <span class='ocrx_word' id='word_1_45' title='bbox 2237 1066 2415 1160; x_wconf 89' lang='lat' dir='ltr'>agendum,</span> 
     </span>
     <span class='ocr_line' id='line_1_5' title="bbox 616 1217 2418 1322; baseline 0.006 -34"><span class='ocrx_word' id='word_1_46' title='bbox 616 1244 634 1288; x_wconf 90' lang='lat' dir='ltr'>a</span> <span class='ocrx_word' id='word_1_47' title='bbox 661 1228 802 1314; x_wconf 91' lang='lat' dir='ltr'>patrono</span> <span class='ocrx_word' id='word_1_48' title='bbox 829 1219 885 1289; x_wconf 90' lang='lat' dir='ltr'><strong>vel</strong></span> <span class='ocrx_word' id='word_1_49' title='bbox 903 1217 1044 1289; x_wconf 91' lang='lat' dir='ltr'>domino</span> <span class='ocrx_word' id='word_1_50' title='bbox 1070 1241 1133 1289; x_wconf 93' lang='lat' dir='ltr'>suo</span> <span class='ocrx_word' id='word_1_51' title='bbox 1160 1218 1391 1290; x_wconf 92' lang='lat' dir='ltr'>ordinandum</span> <span class='ocrx_word' id='word_1_52' title='bbox 1410 1227 1474 1290; x_wconf 88' lang='lat' dir='ltr'>est.</span> <span class='ocrx_word' id='word_1_53' title='bbox 1504 1220 1540 1292; x_wconf 91' lang='lat' dir='ltr'><strong>Si</strong></span> <span class='ocrx_word' id='word_1_54' title='bbox 1567 1243 1649 1292; x_wconf 90' lang='grc'><strong>3333</strong></span> <span class='ocrx_word' id='word_1_55' title='bbox 1667 1222 1710 1291; x_wconf 91' lang='lat' dir='ltr'><strong>de</strong></span> <span class='ocrx_word' id='word_1_56' title='bbox 1729 1223 1875 1293; x_wconf 89' lang='lat' dir='ltr'>crimine</span> <span class='ocrx_word' id='word_1_57' title='bbox 1894 1223 2009 1316; x_wconf 89' lang='lat' dir='ltr'>aliquo</span> <span class='ocrx_word' id='word_1_58' title='bbox 2023 1233 2243 1312; x_wconf 77' lang='lat' dir='ltr'>accusantur,</span> <span class='ocrx_word' id='word_1_59' title='bbox 2265 1226 2418 1322; x_wconf 89' lang='lat' dir='ltr'>episcopo</span> 
     </span>
     <span class='ocr_line' id='line_1_6' title="bbox 615 1375 2419 1473; baseline 0.005 -27"><span class='ocrx_word' id='word_1_60' title='bbox 615 1377 725 1472; x_wconf 90' lang='lat' dir='ltr'>primo</span> <span class='ocrx_word' id='word_1_61' title='bbox 752 1375 993 1472; x_wconf 88' lang='lat' dir='ltr'>compelletur,</span> <span class='ocrx_word' id='word_1_62' title='bbox 1022 1385 1056 1448; x_wconf 90' lang='lat' dir='ltr'><strong>et</strong></span> <span class='ocrx_word' id='word_1_63' title='bbox 1081 1379 1233 1473; x_wconf 86' lang='grc'><strong>1333333</strong></span> <span class='ocrx_word' id='word_1_64' title='bbox 1254 1379 1459 1450; x_wconf 90' lang='lat' dir='ltr'>advocatum</span> <span class='ocrx_word' id='word_1_65' title='bbox 1478 1401 1581 1449; x_wconf 91' lang='lat' dir='ltr'>suum</span> <span class='ocrx_word' id='word_1_66' title='bbox 1599 1380 1790 1451; x_wconf 90' lang='lat' dir='ltr'>secundum</span> <span class='ocrx_word' id='word_1_67' title='bbox 1809 1381 1901 1472; x_wconf 92' lang='lat' dir='ltr'>quod</span> <span class='ocrx_word' id='word_1_68' title='bbox 1918 1379 1972 1452; x_wconf 88' lang='lat' dir='ltr'><strong>lex</strong></span> <span class='ocrx_word' id='word_1_69' title='bbox 1991 1390 2056 1469; x_wconf 86' lang='lat' dir='ltr'>est,</span> <span class='ocrx_word' id='word_1_70' title='bbox 2074 1383 2164 1455; x_wconf 91' lang='lat' dir='ltr'>iusta</span> <span class='ocrx_word' id='word_1_71' title='bbox 2182 1383 2419 1456; x_wconf 89' lang='lat' dir='ltr'>condicionem</span> 
     </span>
     <span class='ocr_line' id='line_1_7' title="bbox 613 1535 2418 1637; baseline 0.004 -31"><span class='ocrx_word' id='word_1_72' title='bbox 613 1535 828 1629; x_wconf 84' lang='lat' dir='ltr'>singularum</span> <span class='ocrx_word' id='word_1_73' title='bbox 854 1560 1080 1632; x_wconf 90' lang='lat' dir='ltr'>personarum</span> <span class='ocrx_word' id='word_1_74' title='bbox 1107 1538 1239 1610; x_wconf 88' lang='lat' dir='ltr'>iustitia</span> <span class='ocrx_word' id='word_1_75' title='bbox 1264 1536 1404 1610; x_wconf 85' lang='lat' dir='ltr'>saciant.</span> <span class='ocrx_word' id='word_1_76' title='bbox 1434 1537 1496 1610; x_wconf 88' lang='lat' dir='ltr'><strong>Sin</strong></span> <span class='ocrx_word' id='word_1_77' title='bbox 1515 1559 1610 1624; x_wconf 84' lang='lat' dir='ltr'>uero,</span> <span class='ocrx_word' id='word_1_78' title='bbox 1632 1537 1722 1608; x_wconf 92' lang='lat' dir='ltr'>sicut</span> <span class='ocrx_word' id='word_1_79' title='bbox 1748 1537 1783 1606; x_wconf 94' lang='lat' dir='ltr'><strong>in</strong></span> <span class='ocrx_word' id='word_1_80' title='bbox 1810 1538 1877 1610; x_wconf 88' lang='lat' dir='ltr'>alio</span> <span class='ocrx_word' id='word_1_81' title='bbox 1903 1535 2090 1632; x_wconf 89' lang='lat' dir='ltr'>capitulare</span> <span class='ocrx_word' id='word_1_82' title='bbox 2108 1549 2227 1612; x_wconf 89' lang='grc'><strong>333133</strong></span> <span class='ocrx_word' id='word_1_83' title='bbox 2255 1543 2418 1637; x_wconf 90' lang='lat' dir='ltr'>scriptum</span> 
     </span>
    </p>

    <p class='ocr_par' dir='ltr' id='par_1_3' title="bbox 543 1695 2419 1952">
     <span class='ocr_line' id='line_1_8' title="bbox 543 1695 2419 1790; baseline 0.004 -27"><span class='ocrx_word' id='word_1_84' title='bbox 543 1713 546 1719; x_wconf 83' lang='lat'>·</span> <span class='ocrx_word' id='word_1_85' title='bbox 612 1703 677 1780; x_wconf 90' lang='grc'><strong>331,</strong></span> <span class='ocrx_word' id='word_1_86' title='bbox 698 1695 744 1766; x_wconf 89' lang='grc'><strong>113</strong></span> <span class='ocrx_word' id='word_1_87' title='bbox 761 1696 889 1768; x_wconf 88' lang='grc'><strong>1331331</strong></span> <span class='ocrx_word' id='word_1_88' title='bbox 914 1698 1022 1769; x_wconf 90' lang='grc'><strong>331331</strong></span> <span class='ocrx_word' id='word_1_89' title='bbox 1048 1719 1129 1769; x_wconf 90' lang='grc'><strong>3333</strong></span> <span class='ocrx_word' id='word_1_90' title='bbox 1147 1697 1266 1769; x_wconf 89' lang='lat' dir='ltr'>liberis</span> <span class='ocrx_word' id='word_1_91' title='bbox 1285 1696 1484 1790; x_wconf 86' lang='lat' dir='ltr'>homiuibus</span> <span class='ocrx_word' id='word_1_92' title='bbox 1502 1699 1560 1789; x_wconf 89' lang='lat' dir='ltr'><strong>qui</strong></span> <span class='ocrx_word' id='word_1_93' title='bbox 1579 1696 1634 1766; x_wconf 88' lang='grc'><strong>331</strong></span> <span class='ocrx_word' id='word_1_94' title='bbox 1653 1695 1989 1767; x_wconf 83' lang='lat' dir='ltr'>commendationem</span> <span class='ocrx_word' id='word_1_95' title='bbox 2008 1696 2063 1768; x_wconf 90' lang='grc'><strong>331</strong></span> <span class='ocrx_word' id='word_1_96' title='bbox 2082 1696 2289 1770; x_wconf 87' lang='lat' dir='ltr'>beneficium</span> <span class='ocrx_word' id='word_1_97' title='bbox 2314 1700 2419 1771; x_wconf 87' lang='lat' dir='ltr'>ecclc-</span> 
     </span>
     <span class='ocr_line' id='line_1_9' title="bbox 610 1855 1248 1952; baseline 0.005 -28"><span class='ocrx_word' id='word_1_98' title='bbox 610 1855 790 1926; x_wconf 91' lang='lat' dir='ltr'>siasticum</span> <span class='ocrx_word' id='word_1_99' title='bbox 817 1855 957 1944; x_wconf 89' lang='lat' dir='ltr'>habent,</span> <span class='ocrx_word' id='word_1_100' title='bbox 977 1859 1042 1930; x_wconf 90' lang='lat' dir='ltr'>ista</span> <span class='ocrx_word' id='word_1_101' title='bbox 1060 1857 1187 1929; x_wconf 89' lang='grc'><strong>1331331</strong></span> <span class='ocrx_word' id='word_1_102' title='bbox 1211 1859 1248 1952; x_wconf 69' lang='grc' dir='ltr'><strong>Ι).</strong></span> 
     </span>
    </p>

    <p class='ocr_par' dir='ltr' id='par_1_4' title="bbox 562 2014 2420 3386">
     <span class='ocr_line' id='line_1_10' title="bbox 562 2014 2420 2114; baseline 0.001 -24"><span class='ocrx_word' id='word_1_103' title='bbox 562 2017 768 2090; x_wconf 78' lang='lat' dir='ltr'>Audivimus</span> <span class='ocrx_word' id='word_1_104' title='bbox 787 2019 904 2104; x_wconf 90' lang='lat' dir='ltr'>etiam,</span> <span class='ocrx_word' id='word_1_105' title='bbox 925 2019 1014 2114; x_wconf 89' lang='lat' dir='ltr'>quod</span> <span class='ocrx_word' id='word_1_106' title='bbox 1034 2019 1189 2090; x_wconf 89' lang='lat' dir='ltr'>iuniores</span> <span class='ocrx_word' id='word_1_107' title='bbox 1207 2020 1375 2090; x_wconf 91' lang='lat' dir='ltr'>comitum</span> <span class='ocrx_word' id='word_1_108' title='bbox 1392 2017 1415 2112; x_wconf 65' lang='grc' dir='ltr'><strong>ι)</strong></span> <span class='ocrx_word' id='word_1_109' title='bbox 1443 2019 1498 2088; x_wconf 98' lang='grc'><strong>331</strong></span> <span class='ocrx_word' id='word_1_110' title='bbox 1525 2015 1650 2108; x_wconf 90' lang='lat' dir='ltr'>aliquis</span> <span class='ocrx_word' id='word_1_111' title='bbox 1669 2016 1820 2088; x_wconf 88' lang='lat' dir='ltr'>ministri</span> <span class='ocrx_word' id='word_1_112' title='bbox 1838 2014 2041 2110; x_wconf 88' lang='lat' dir='ltr'>reipublice,</span> <span class='ocrx_word' id='word_1_113' title='bbox 2059 2016 2132 2088; x_wconf 85' lang='lat' dir='ltr'>sive</span> <span class='ocrx_word' id='word_1_114' title='bbox 2150 2018 2253 2090; x_wconf 88' lang='lat' dir='ltr'>etiam</span> <span class='ocrx_word' id='word_1_115' title='bbox 2272 2020 2420 2092; x_wconf 91' lang='lat' dir='ltr'>nonnul·</span> 
     </span>
     <span class='ocr_line' id='line_1_11' title="bbox 609 2172 2420 2274; baseline 0 -26"><span class='ocrx_word' id='word_1_116' title='bbox 609 2178 653 2248; x_wconf 87' lang='lat' dir='ltr'>lis</span> <span class='ocrx_word' id='word_1_117' title='bbox 679 2177 841 2250; x_wconf 82' lang='lat' dir='ltr'>fortiores</span> <span class='ocrx_word' id='word_1_118' title='bbox 866 2176 958 2250; x_wconf 88' lang='lat' dir='ltr'>bassi</span> <span class='ocrx_word' id='word_1_119' title='bbox 976 2179 1156 2264; x_wconf 92' lang='lat' dir='ltr'>comitum,</span> <span class='ocrx_word' id='word_1_120' title='bbox 1174 2177 1304 2274; x_wconf 87' lang='lat' dir='ltr'>aliquas</span> <span class='ocrx_word' id='word_1_121' title='bbox 1324 2175 1582 2262; x_wconf 86' lang='lat' dir='ltr'>retributiones,</span> <span class='ocrx_word' id='word_1_122' title='bbox 1604 2173 1659 2246; x_wconf 91' lang='grc'><strong>331</strong></span> <span class='ocrx_word' id='word_1_123' title='bbox 1677 2172 1915 2259; x_wconf 87' lang='lat' dir='ltr'>collectiones,</span> <span class='ocrx_word' id='word_1_124' title='bbox 1937 2173 2075 2265; x_wconf 88' lang='lat' dir='ltr'>quidam</span> <span class='ocrx_word' id='word_1_125' title='bbox 2095 2198 2154 2269; x_wconf 91' lang='lat' dir='ltr'><strong>per</strong></span> <span class='ocrx_word' id='word_1_126' title='bbox 2171 2185 2325 2270; x_wconf 90' lang='lat' dir='ltr'>pastum,</span> <span class='ocrx_word' id='word_1_127' title='bbox 2346 2181 2420 2272; x_wconf 90' lang='lat' dir='ltr'>qui-</span> 
     </span>
     <span class='ocr_line' id='line_1_12' title="bbox 608 2331 2419 2430; baseline 0.001 -22"><span class='ocrx_word' id='word_1_128' title='bbox 608 2337 686 2408; x_wconf 92' lang='lat' dir='ltr'>dam</span> <span class='ocrx_word' id='word_1_129' title='bbox 712 2334 815 2407; x_wconf 91' lang='lat' dir='ltr'>etiam</span> <span class='ocrx_word' id='word_1_130' title='bbox 843 2335 918 2407; x_wconf 87' lang='lat' dir='ltr'>sine</span> <span class='ocrx_word' id='word_1_131' title='bbox 944 2343 1092 2430; x_wconf 91' lang='lat' dir='ltr'>pastum,</span> <span class='ocrx_word' id='word_1_132' title='bbox 1121 2359 1206 2430; x_wconf 92' lang='lat' dir='ltr'>quas</span> <span class='ocrx_word' id='word_1_133' title='bbox 1232 2336 1324 2408; x_wconf 90' lang='lat' dir='ltr'>idem</span> <span class='ocrx_word' id='word_1_134' title='bbox 1352 2335 1563 2430; x_wconf 88' lang='lat' dir='ltr'>precandum</span> <span class='ocrx_word' id='word_1_135' title='bbox 1582 2334 1718 2428; x_wconf 80' lang='lat' dir='ltr'>exigere</span> <span class='ocrx_word' id='word_1_136' title='bbox 1737 2331 1863 2417; x_wconf 89' lang='lat' dir='ltr'>solent,</span> <span class='ocrx_word' id='word_1_137' title='bbox 1884 2332 2046 2404; x_wconf 88' lang='lat' dir='ltr'>similiter</span> <span class='ocrx_word' id='word_1_138' title='bbox 2064 2357 2183 2429; x_wconf 85' lang='lat' dir='ltr'>operas</span> <span class='ocrx_word' id='word_1_139' title='bbox 2200 2335 2419 2410; x_wconf 85' lang='lat' dir='ltr'>collectiores</span> 
     </span>
     <span class='ocr_line' id='line_1_13' title="bbox 606 2492 2418 2590; baseline 0 -23"><span class='ocrx_word' id='word_1_140' title='bbox 606 2497 744 2590; x_wconf 83' lang='lat' dir='ltr'>frugum</span> <span class='ocrx_word' id='word_1_141' title='bbox 772 2519 881 2582; x_wconf 89' lang='lat' dir='ltr'>arare,</span> <span class='ocrx_word' id='word_1_142' title='bbox 910 2495 1124 2582; x_wconf 87' lang='lat' dir='ltr'>Sementare,</span> <span class='ocrx_word' id='word_1_143' title='bbox 1146 2496 1318 2582; x_wconf 88' lang='lat' dir='ltr'>Runcare,</span> <span class='ocrx_word' id='word_1_144' title='bbox 1339 2496 1492 2566; x_wconf 86' lang='lat' dir='ltr'>caricare</span> <span class='ocrx_word' id='word_1_145' title='bbox 1509 2495 1548 2590; x_wconf 81' lang='lat'>³),</span> <span class='ocrx_word' id='word_1_146' title='bbox 1569 2492 1624 2564; x_wconf 91' lang='grc'><strong>331</strong></span> <span class='ocrx_word' id='word_1_147' title='bbox 1643 2501 1758 2564; x_wconf 89' lang='grc'><strong>331333</strong></span> <span class='ocrx_word' id='word_1_148' title='bbox 1776 2494 1830 2564; x_wconf 89' lang='lat' dir='ltr'>his</span> <span class='ocrx_word' id='word_1_149' title='bbox 1848 2493 1988 2579; x_wconf 89' lang='lat' dir='ltr'>similia,</span> <span class='ocrx_word' id='word_1_150' title='bbox 2017 2520 2035 2564; x_wconf 93' lang='lat' dir='ltr'>a</span> <span class='ocrx_word' id='word_1_151' title='bbox 2053 2495 2179 2590; x_wconf 90' lang='lat' dir='ltr'>populu</span> <span class='ocrx_word' id='word_1_152' title='bbox 2197 2495 2252 2565; x_wconf 89' lang='grc'><strong>331</strong></span> <span class='ocrx_word' id='word_1_153' title='bbox 2271 2497 2418 2590; x_wconf 88' lang='grc'><strong>3333113</strong></span> 
     </span>
     <span class='ocr_line' id='line_1_14' title="bbox 605 2645 2418 2752; baseline 0.001 -26"><span class='ocrx_word' id='word_1_154' title='bbox 605 2654 879 2728; x_wconf 88' lang='lat' dir='ltr'>machinationes</span> <span class='ocrx_word' id='word_1_155' title='bbox 904 2653 1055 2748; x_wconf 81' lang='lat' dir='ltr'>erigeret</span> <span class='ocrx_word' id='word_1_156' title='bbox 1072 2663 1344 2740; x_wconf 79' lang='lat' dir='ltr'>consueverunt3</span> <span class='ocrx_word' id='word_1_157' title='bbox 1375 2645 1450 2726; x_wconf 92' lang='lat' dir='ltr'><strong>Non</strong></span> <span class='ocrx_word' id='word_1_158' title='bbox 1468 2660 1603 2724; x_wconf 90' lang='grc'><strong>133133</strong></span> <span class='ocrx_word' id='word_1_159' title='bbox 1622 2651 1663 2724; x_wconf 90' lang='lat' dir='ltr'>ab</span> <span class='ocrx_word' id='word_1_160' title='bbox 1681 2652 1947 2724; x_wconf 87' lang='lat' dir='ltr'>aecclesiasticis</span> <span class='ocrx_word' id='word_1_161' title='bbox 1965 2654 2026 2724; x_wconf 90' lang='lat' dir='ltr'><strong>sed</strong></span> <span class='ocrx_word' id='word_1_162' title='bbox 2045 2654 2147 2726; x_wconf 90' lang='lat' dir='ltr'>etiam</span> <span class='ocrx_word' id='word_1_163' title='bbox 2166 2679 2184 2725; x_wconf 90' lang='lat' dir='ltr'>a</span> <span class='ocrx_word' id='word_1_164' title='bbox 2203 2655 2340 2750; x_wconf 89' lang='lat' dir='ltr'>reliquo</span> <span class='ocrx_word' id='word_1_165' title='bbox 2361 2683 2418 2752; x_wconf 91' lang='lat' dir='ltr'><strong>po-</strong></span> 
     </span>
     <span class='ocr_line' id='line_1_15' title="bbox 605 2810 2416 2909; baseline 0.001 -24"><span class='ocrx_word' id='word_1_166' title='bbox 605 2814 699 2909; x_wconf 94' lang='lat' dir='ltr'>pulo,</span> <span class='ocrx_word' id='word_1_167' title='bbox 721 2837 807 2906; x_wconf 89' lang='lat' dir='ltr'>quae</span> <span class='ocrx_word' id='word_1_168' title='bbox 833 2813 949 2885; x_wconf 91' lang='lat' dir='ltr'>omnia</span> <span class='ocrx_word' id='word_1_169' title='bbox 975 2810 1073 2884; x_wconf 90' lang='lat' dir='ltr'>nobis</span> <span class='ocrx_word' id='word_1_170' title='bbox 1100 2821 1134 2884; x_wconf 90' lang='lat' dir='ltr'><strong>et</strong></span> <span class='ocrx_word' id='word_1_171' title='bbox 1159 2811 1200 2882; x_wconf 91' lang='lat' dir='ltr'>ab</span> <span class='ocrx_word' id='word_1_172' title='bbox 1226 2814 1320 2884; x_wconf 92' lang='lat' dir='ltr'>omni</span> <span class='ocrx_word' id='word_1_173' title='bbox 1346 2813 1471 2906; x_wconf 93' lang='lat' dir='ltr'>populo</span> <span class='ocrx_word' id='word_1_174' title='bbox 1498 2812 1588 2882; x_wconf 90' lang='lat' dir='ltr'>iusta</span> <span class='ocrx_word' id='word_1_175' title='bbox 1615 2814 1892 2884; x_wconf 87' lang='lat' dir='ltr'>emendationem</span> <span class='ocrx_word' id='word_1_176' title='bbox 1912 2813 2085 2900; x_wconf 88' lang='lat' dir='ltr'>videntur,</span> <span class='ocrx_word' id='word_1_177' title='bbox 2115 2813 2193 2908; x_wconf 84' lang='lat' dir='ltr'>quia</span> <span class='ocrx_word' id='word_1_178' title='bbox 2210 2813 2416 2908; x_wconf 87' lang='lat' dir='ltr'>quibusdam</span> 
     </span>
     <span class='ocr_line' id='line_1_16' title="bbox 605 2971 2418 3067; baseline 0.002 -25"><span class='ocrx_word' id='word_1_179' title='bbox 605 2973 691 3044; x_wconf 92' lang='lat' dir='ltr'>locis</span> <span class='ocrx_word' id='word_1_180' title='bbox 717 2971 752 3042; x_wconf 95' lang='lat' dir='ltr'><strong>in</strong></span> <span class='ocrx_word' id='word_1_181' title='bbox 779 2980 913 3045; x_wconf 92' lang='lat' dir='ltr'>tantum</span> <span class='ocrx_word' id='word_1_182' title='bbox 940 2971 1021 3042; x_wconf 91' lang='lat' dir='ltr'>inde</span> <span class='ocrx_word' id='word_1_183' title='bbox 1040 2972 1166 3065; x_wconf 94' lang='lat' dir='ltr'>populo</span> <span class='ocrx_word' id='word_1_184' title='bbox 1185 2991 1369 3065; x_wconf 88' lang='lat' dir='ltr'>oppressus</span> <span class='ocrx_word' id='word_1_185' title='bbox 1387 2978 1453 3056; x_wconf 87' lang='lat' dir='ltr'>est,</span> <span class='ocrx_word' id='word_1_186' title='bbox 1481 2979 1519 3042; x_wconf 92' lang='lat' dir='ltr'>ut</span> <span class='ocrx_word' id='word_1_187' title='bbox 1537 2971 1638 3042; x_wconf 93' lang='lat' dir='ltr'>multi</span> <span class='ocrx_word' id='word_1_188' title='bbox 1663 2973 1840 3044; x_wconf 90' lang='grc'><strong>13333333</strong></span> <span class='ocrx_word' id='word_1_189' title='bbox 1860 2973 2028 3058; x_wconf 88' lang='grc'><strong>33133133,</strong></span> <span class='ocrx_word' id='word_1_190' title='bbox 2047 2995 2109 3066; x_wconf 91' lang='grc'><strong>333</strong></span> <span class='ocrx_word' id='word_1_191' title='bbox 2127 2971 2207 3067; x_wconf 89' lang='lat' dir='ltr'>suga</span> <span class='ocrx_word' id='word_1_192' title='bbox 2225 2973 2266 3043; x_wconf 92' lang='lat' dir='ltr'>ad</span> <span class='ocrx_word' id='word_1_193' title='bbox 2285 2975 2418 3046; x_wconf 92' lang='lat' dir='ltr'>domini</span> 
     </span>
     <span class='ocr_line' id='line_1_17' title="bbox 603 3127 2417 3225; baseline 0.001 -23"><span class='ocrx_word' id='word_1_194' title='bbox 603 3131 657 3202; x_wconf 89' lang='lat' dir='ltr'><strong>vel</strong></span> <span class='ocrx_word' id='word_1_195' title='bbox 684 3155 703 3202; x_wconf 91' lang='lat' dir='ltr'>a</span> <span class='ocrx_word' id='word_1_196' title='bbox 728 3129 929 3225; x_wconf 87' lang='lat' dir='ltr'>patronibus</span> <span class='ocrx_word' id='word_1_197' title='bbox 955 3129 1029 3200; x_wconf 88' lang='lat' dir='ltr'>suis</span> <span class='ocrx_word' id='word_1_198' title='bbox 1054 3127 1141 3222; x_wconf 88' lang='lat' dir='ltr'>lapsi</span> <span class='ocrx_word' id='word_1_199' title='bbox 1166 3137 1259 3214; x_wconf 88' lang='lat' dir='ltr'>sunt,</span> <span class='ocrx_word' id='word_1_200' title='bbox 1289 3129 1330 3198; x_wconf 81' lang='lat' dir='ltr'>ut</span> <span class='ocrx_word' id='word_1_201' title='bbox 1356 3129 1429 3223; x_wconf 89' lang='lat' dir='ltr'>ipsa</span> <span class='ocrx_word' id='word_1_202' title='bbox 1454 3152 1510 3201; x_wconf 89' lang='lat' dir='ltr'><strong>res</strong></span> <span class='ocrx_word' id='word_1_203' title='bbox 1537 3131 1572 3200; x_wconf 91' lang='lat' dir='ltr'><strong>in</strong></span> <span class='ocrx_word' id='word_1_204' title='bbox 1598 3128 1787 3201; x_wconf 89' lang='lat' dir='ltr'>solitudine</span> <span class='ocrx_word' id='word_1_205' title='bbox 1806 3131 1956 3216; x_wconf 90' lang='lat' dir='ltr'>redacte,</span> <span class='ocrx_word' id='word_1_206' title='bbox 1984 3130 2282 3224; x_wconf 83' lang='lat' dir='ltr'>dpotentioribus</span> <span class='ocrx_word' id='word_1_207' title='bbox 2300 3143 2417 3205; x_wconf 89' lang='lat' dir='ltr'>autem</span> 
     </span>
     <span class='ocr_line' id='line_1_18' title="bbox 601 3287 2417 3386; baseline 0 -24"><span class='ocrx_word' id='word_1_208' title='bbox 601 3301 812 3386; x_wconf 86' lang='lat' dir='ltr'>expontanea</span> <span class='ocrx_word' id='word_1_209' title='bbox 836 3300 971 3364; x_wconf 89' lang='lat' dir='ltr'>tantum</span> <span class='ocrx_word' id='word_1_210' title='bbox 998 3290 1225 3375; x_wconf 86' lang='lat' dir='ltr'>uoluntatem,</span> <span class='ocrx_word' id='word_1_211' title='bbox 1254 3291 1309 3359; x_wconf 91' lang='lat' dir='ltr'><strong>vel</strong></span> <span class='ocrx_word' id='word_1_212' title='bbox 1335 3297 1455 3360; x_wconf 91' lang='lat' dir='ltr'>mutua</span> <span class='ocrx_word' id='word_1_213' title='bbox 1481 3287 1679 3360; x_wconf 92' lang='lat' dir='ltr'>dilectionis</span> <span class='ocrx_word' id='word_1_214' title='bbox 1706 3288 1902 3361; x_wconf 84' lang='lat' dir='ltr'>volentibus</span> <span class='ocrx_word' id='word_1_215' title='bbox 1928 3288 2055 3360; x_wconf 87' lang='lat' dir='ltr'>solacia</span> <span class='ocrx_word' id='word_1_216' title='bbox 2082 3299 2234 3384; x_wconf 91' lang='lat' dir='ltr'>prestare</span> <span class='ocrx_word' id='word_1_217' title='bbox 2262 3290 2417 3365; x_wconf 87' lang='lat' dir='ltr'>invicem</span> 
     </span>
    </p>
   </div>
   <div class='ocr_carea' id='block_1_3' title="bbox 608 3450 1069 3546">
    <p class='ocr_par' dir='ltr' id='par_1_5' title="bbox 608 3450 1069 3546">
     <span class='ocr_line' id='line_1_19' title="bbox 608 3450 1069 3546; baseline -0.002 -25"><span class='ocrx_word' id='word_1_218' title='bbox 608 3451 751 3521; x_wconf 91' lang='lat' dir='ltr'>minime</span> <span class='ocrx_word' id='word_1_219' title='bbox 780 3450 1004 3545; x_wconf 88' lang='lat' dir='ltr'>prohibemus</span> <span class='ocrx_word' id='word_1_220' title='bbox 1032 3453 1069 3546; x_wconf 73' lang='grc' dir='ltr'><strong>ι).</strong></span> 
     </span>
    </p>
   </div>
   <div class='ocr_carea' id='block_1_4' title="bbox 555 3607 2418 3707">
    <p class='ocr_par' dir='ltr' id='par_1_6' title="bbox 555 3607 2418 3707">
     <span class='ocr_line' id='line_1_20' title="bbox 555 3607 2418 3707; baseline -0.003 -22"><span class='ocrx_word' id='word_1_221' title='bbox 555 3613 602 3685; x_wconf 90' lang='grc'><strong>113</strong></span> <span class='ocrx_word' id='word_1_222' title='bbox 628 3608 847 3707; x_wconf 79' lang='lat' dir='ltr'>pontificibus</span> <span class='ocrx_word' id='word_1_223' title='bbox 874 3632 969 3695; x_wconf 92' lang='grc'><strong>3333,</strong></span> <span class='ocrx_word' id='word_1_224' title='bbox 997 3609 1054 3679; x_wconf 88' lang='grc'><strong>331</strong></span> <span class='ocrx_word' id='word_1_225' title='bbox 1081 3607 1223 3702; x_wconf 91' lang='lat' dir='ltr'>reliquis</span> <span class='ocrx_word' id='word_1_226' title='bbox 1250 3607 1490 3703; x_wconf 90' lang='lat' dir='ltr'>similibusque</span> <span class='ocrx_word' id='word_1_227' title='bbox 1517 3607 1784 3679; x_wconf 89' lang='lat' dir='ltr'>aecclesiasticis</span> <span class='ocrx_word' id='word_1_228' title='bbox 1810 3629 1870 3702; x_wconf 91' lang='lat' dir='ltr'><strong>per</strong></span> <span class='ocrx_word' id='word_1_229' title='bbox 1896 3609 1986 3679; x_wconf 90' lang='lat' dir='ltr'>iusta</span> <span class='ocrx_word' id='word_1_230' title='bbox 2013 3615 2047 3679; x_wconf 91' lang='lat' dir='ltr'><strong>et</strong></span> <span class='ocrx_word' id='word_1_231' title='bbox 2072 3609 2212 3703; x_wconf 91' lang='lat' dir='ltr'>antiqua</span> <span class='ocrx_word' id='word_1_232' title='bbox 2228 3615 2418 3680; x_wconf 89' lang='lat' dir='ltr'>eonsuetu-</span> 
     </span>
    </p>
   </div>
   <div class='ocr_carea' id='block_1_5' title="bbox 600 3765 2418 4024">
    <p class='ocr_par' dir='ltr' id='par_1_7' title="bbox 600 3765 2418 4024">
     <span class='ocr_line' id='line_1_21' title="bbox 602 3765 2417 3862; baseline -0.002 -22"><span class='ocrx_word' id='word_1_233' title='bbox 602 3770 695 3855; x_wconf 91' lang='lat' dir='ltr'>dine,</span> <span class='ocrx_word' id='word_1_234' title='bbox 724 3795 804 3842; x_wconf 93' lang='lat' dir='ltr'>cum</span> <span class='ocrx_word' id='word_1_235' title='bbox 831 3769 965 3862; x_wconf 89' lang='lat' dir='ltr'>reliquo</span> <span class='ocrx_word' id='word_1_236' title='bbox 992 3771 1105 3840; x_wconf 88' lang='grc'><strong>133333</strong></span> <span class='ocrx_word' id='word_1_237' title='bbox 1132 3767 1271 3854; x_wconf 90' lang='lat' dir='ltr'>debent,</span> <span class='ocrx_word' id='word_1_238' title='bbox 1300 3769 1370 3839; x_wconf 90' lang='lat' dir='ltr'>Hoc</span> <span class='ocrx_word' id='word_1_239' title='bbox 1396 3767 1627 3862; x_wconf 88' lang='lat' dir='ltr'>precepimus,</span> <span class='ocrx_word' id='word_1_240' title='bbox 1657 3774 1694 3838; x_wconf 92' lang='lat' dir='ltr'>ut</span> <span class='ocrx_word' id='word_1_241' title='bbox 1719 3775 1833 3838; x_wconf 90' lang='lat' dir='ltr'>rector</span> <span class='ocrx_word' id='word_1_242' title='bbox 1859 3768 2046 3840; x_wconf 88' lang='grc'><strong>3333133133</strong></span> <span class='ocrx_word' id='word_1_243' title='bbox 2073 3765 2296 3861; x_wconf 90' lang='lat' dir='ltr'>interpellent</span> <span class='ocrx_word' id='word_1_244' title='bbox 2324 3767 2417 3840; x_wconf 84' lang='lat' dir='ltr'>etei</span> 
     </span>
     <span class='ocr_line' id='line_1_22' title="bbox 600 3903 2418 4024; baseline 0 -26"><span class='ocrx_word' id='word_1_245' title='bbox 600 3929 794 4000; x_wconf 90' lang='lat' dir='ltr'>secundum</span> <span class='ocrx_word' id='word_1_246' title='bbox 821 3930 899 4022; x_wconf 89' lang='lat' dir='ltr'>quis</span> <span class='ocrx_word' id='word_1_247' title='bbox 925 3927 1136 4024; x_wconf 90' lang='lat' dir='ltr'>possibilitas</span> <span class='ocrx_word' id='word_1_248' title='bbox 1162 3929 1307 4012; x_wconf 90' lang='lat' dir='ltr'>luerint,</span> <span class='ocrx_word' id='word_1_249' title='bbox 1336 3951 1398 3998; x_wconf 85' lang='lat' dir='ltr'><strong>sua</strong></span> <span class='ocrx_word' id='word_1_250' title='bbox 1424 3928 1535 4021; x_wconf 92' lang='lat' dir='ltr'>portio</span> <span class='ocrx_word' id='word_1_251' title='bbox 1562 3903 1830 4020; x_wconf 49' lang='lat' dir='ltr'>deputetursEt</span> <span class='ocrx_word' id='word_1_252' title='bbox 1856 3950 1916 4021; x_wconf 92' lang='lat' dir='ltr'><strong>per</strong></span> <span class='ocrx_word' id='word_1_253' title='bbox 1935 3925 2000 4018; x_wconf 82' lang='grc'><strong>3113</strong></span> <span class='ocrx_word' id='word_1_254' title='bbox 2018 3935 2175 3998; x_wconf 85' lang='lat' dir='ltr'>exactore</span> <span class='ocrx_word' id='word_1_255' title='bbox 2202 3927 2418 3998; x_wconf 88' lang='lat' dir='ltr'>eeclesiasti-</span> 
     </span>
    </p>
   </div>
   <div class='ocr_carea' id='block_1_6' title="bbox 601 4085 2418 4183">
    <p class='ocr_par' dir='ltr' id='par_1_8' title="bbox 601 4085 2418 4183">
     <span class='ocr_line' id='line_1_23' title="bbox 601 4085 2418 4183; baseline -0.001 -25"><span class='ocrx_word' id='word_1_256' title='bbox 601 4110 661 4158; x_wconf 89' lang='lat' dir='ltr'><strong>cos</strong></span> <span class='ocrx_word' id='word_1_257' title='bbox 689 4086 821 4160; x_wconf 90' lang='lat' dir='ltr'>bonore</span> <span class='ocrx_word' id='word_1_258' title='bbox 846 4110 916 4158; x_wconf 93' lang='grc'><strong>333</strong></span> <span class='ocrx_word' id='word_1_259' title='bbox 934 4088 1200 4183; x_wconf 88' lang='lat' dir='ltr'>compellentur.</span> <span class='ocrx_word' id='word_1_260' title='bbox 1231 4086 1267 4160; x_wconf 88' lang='lat' dir='ltr'><strong>Si</strong></span> <span class='ocrx_word' id='word_1_261' title='bbox 1295 4108 1376 4158; x_wconf 91' lang='grc'><strong>3333</strong></span> <span class='ocrx_word' id='word_1_262' title='bbox 1394 4085 1513 4157; x_wconf 91' lang='lat' dir='ltr'>comiti</span> <span class='ocrx_word' id='word_1_263' title='bbox 1540 4109 1600 4180; x_wconf 94' lang='lat' dir='ltr'>pro</span> <span class='ocrx_word' id='word_1_264' title='bbox 1619 4108 1741 4180; x_wconf 90' lang='lat' dir='ltr'>penam</span> <span class='ocrx_word' id='word_1_265' title='bbox 1761 4086 1972 4180; x_wconf 87' lang='lat' dir='ltr'>prepositum</span> <span class='ocrx_word' id='word_1_266' title='bbox 1992 4085 2106 4182; x_wconf 91' lang='lat' dir='ltr'>operis</span> <span class='ocrx_word' id='word_1_267' title='bbox 2124 4085 2304 4181; x_wconf 80' lang='lat' dir='ltr'>pignerare</span> <span class='ocrx_word' id='word_1_268' title='bbox 2326 4087 2418 4159; x_wconf 87' lang='lat' dir='ltr'>iusta</span> 
     </span>
    </p>
   </div>
   <div class='ocr_carea' id='block_1_7' title="bbox 550 4746 2419 5559">
    <p class='ocr_par' dir='ltr' id='par_1_9' title="bbox 595 4746 784 4824">
     <span class='ocr_line' id='line_1_24' title="bbox 595 4746 784 4824; baseline 0.005 -17"><span class='ocrx_word' id='word_1_269' title='bbox 595 4747 616 4824; x_wconf 88' lang='lat'><strong>¹)</strong></span> <span class='ocrx_word' id='word_1_270' title='bbox 638 4746 721 4807; x_wconf 88' lang='lat' dir='ltr'>Mur.</span> <span class='ocrx_word' id='word_1_271' title='bbox 748 4747 784 4808; x_wconf 85' lang='lat' dir='ltr'><strong>C.</strong></span> 
     </span>
    </p>

    <p class='ocr_par' dir='ltr' id='par_1_10' title="bbox 550 4891 2419 5124">
     <span class='ocr_line' id='line_1_25' title="bbox 590 4891 2419 4978; baseline 0.005 -29"><span class='ocrx_word' id='word_1_272' title='bbox 590 4893 613 4970; x_wconf 82' lang='lat'><strong>²)</strong></span> <span class='ocrx_word' id='word_1_273' title='bbox 636 4915 651 4950; x_wconf 82' lang='lat' dir='ltr'>u</span> <span class='ocrx_word' id='word_1_274' title='bbox 675 4891 830 4955; x_wconf 80' lang='lat' dir='ltr'>Juutores</span> <span class='ocrx_word' id='word_1_275' title='bbox 854 4896 1065 4974; x_wconf 80' lang='lat' dir='ltr'>appellantur·</span> <span class='ocrx_word' id='word_1_276' title='bbox 1086 4900 1124 4958; x_wconf 83' lang='grc'><strong>13</strong></span> <span class='ocrx_word' id='word_1_277' title='bbox 1145 4897 1305 4959; x_wconf 82' lang='lat' dir='ltr'>veteribus</span> <span class='ocrx_word' id='word_1_278' title='bbox 1331 4893 1463 4958; x_wconf 76' lang='lat' dir='ltr'>Tabulis</span> <span class='ocrx_word' id='word_1_279' title='bbox 1484 4897 1696 4976; x_wconf 74' lang='grc'><strong>3331313333</strong></span> <span class='ocrx_word' id='word_1_280' title='bbox 1719 4916 1757 4959; x_wconf 82' lang='lat' dir='ltr'>oc</span> <span class='ocrx_word' id='word_1_281' title='bbox 1779 4895 1934 4978; x_wconf 70' lang='lat' dir='ltr'>officiales</span> <span class='ocrx_word' id='word_1_282' title='bbox 1959 4895 2195 4966; x_wconf 65' lang='lat' dir='ltr'>Continuant</span> <span class='ocrx_word' id='word_1_283' title='bbox 2216 4895 2419 4958; x_wconf 71' lang='grc'><strong>1331133313-</strong></span> 
     </span>
     <span class='ocr_line' id='line_1_26' title="bbox 550 5040 2005 5124; baseline 0.005 -27"><span class='ocrx_word' id='word_1_284' title='bbox 550 5059 566 5096; x_wconf 86' lang='lat' dir='ltr'>u</span> <span class='ocrx_word' id='word_1_285' title='bbox 589 5040 722 5119; x_wconf 77' lang='lat' dir='ltr'>serioris</span> <span class='ocrx_word' id='word_1_286' title='bbox 745 5041 884 5110; x_wconf 80' lang='lat' dir='ltr'>ordinis,</span> <span class='ocrx_word' id='word_1_287' title='bbox 909 5042 967 5120; x_wconf 83' lang='lat' dir='ltr'>qut</span> <span class='ocrx_word' id='word_1_288' title='bbox 989 5041 1165 5120; x_wconf 76' lang='lat' dir='ltr'>majoribus</span> <span class='ocrx_word' id='word_1_289' title='bbox 1188 5042 1342 5104; x_wconf 80' lang='lat' dir='ltr'>suberant</span> <span class='ocrx_word' id='word_1_290' title='bbox 1366 5063 1394 5104; x_wconf 86' lang='grc'><strong>3.</strong></span> <span class='ocrx_word' id='word_1_291' title='bbox 1419 5043 1479 5124; x_wconf 85' lang='grc'><strong>(113</strong></span> <span class='ocrx_word' id='word_1_292' title='bbox 1503 5043 1612 5121; x_wconf 82' lang='lat' dir='ltr'>Gange</span> <span class='ocrx_word' id='word_1_293' title='bbox 1636 5043 1742 5105; x_wconf 79' lang='lat' dir='ltr'><strong>Gluss¹</strong></span> <span class='ocrx_word' id='word_1_294' title='bbox 1767 5043 1805 5103; x_wconf 92' lang='lat' dir='ltr'><strong>V.</strong></span> <span class='ocrx_word' id='word_1_295' title='bbox 1830 5041 2005 5124; x_wconf 77' lang='grc'><strong>13313333).</strong></span> 
     </span>
    </p>

    <p class='ocr_par' dir='ltr' id='par_1_11' title="bbox 550 5188 2418 5559">
     <span class='ocr_line' id='line_1_27' title="bbox 590 5188 2418 5273; baseline 0 -23"><span class='ocrx_word' id='word_1_296' title='bbox 590 5191 613 5268; x_wconf 67' lang='grc'><strong>8)</strong></span> <span class='ocrx_word' id='word_1_297' title='bbox 634 5188 719 5250; x_wconf 86' lang='lat' dir='ltr'>Mur.</span> <span class='ocrx_word' id='word_1_298' title='bbox 744 5209 809 5250; x_wconf 91' lang='lat' dir='ltr'><strong>non</strong></span> <span class='ocrx_word' id='word_1_299' title='bbox 832 5190 875 5250; x_wconf 87' lang='lat' dir='ltr'>ha</span> <span class='ocrx_word' id='word_1_300' title='bbox 897 5188 1049 5254; x_wconf 84' lang='lat' dir='ltr'>caricare</span> <span class='ocrx_word' id='word_1_301' title='bbox 1071 5209 1123 5251; x_wconf 88' lang='lat' dir='ltr'>ma</span> <span class='ocrx_word' id='word_1_302' title='bbox 1145 5207 1332 5255; x_wconf 83' lang='lat' dir='ltr'>carrucarc.</span> <span class='ocrx_word' id='word_1_303' title='bbox 1355 5191 1453 5254; x_wconf 87' lang='lat' dir='ltr'>Nella</span> <span class='ocrx_word' id='word_1_304' title='bbox 1475 5193 1558 5254; x_wconf 89' lang='lat' dir='ltr'>Nota</span> <span class='ocrx_word' id='word_1_305' title='bbox 1587 5193 1640 5273; x_wconf 94' lang='lat' dir='ltr'><strong>poi</strong></span> <span class='ocrx_word' id='word_1_306' title='bbox 1663 5191 1714 5272; x_wconf 78' lang='lat'><strong>54)</strong></span> <span class='ocrx_word' id='word_1_307' title='bbox 1742 5211 1814 5272; x_wconf 84' lang='lat' dir='ltr'>pag.</span> <span class='ocrx_word' id='word_1_308' title='bbox 1839 5193 1901 5255; x_wconf 88' lang='grc'><strong>108</strong></span> <span class='ocrx_word' id='word_1_309' title='bbox 1929 5194 2056 5254; x_wconf 85' lang='grc'><strong>333133;</strong></span> <span class='ocrx_word' id='word_1_310' title='bbox 2087 5207 2266 5255; x_wconf 83' lang='lat' dir='ltr'>carrucarc</span> <span class='ocrx_word' id='word_1_311' title='bbox 2287 5193 2348 5254; x_wconf 85' lang='lat' dir='ltr'>boc</span> <span class='ocrx_word' id='word_1_312' title='bbox 2370 5197 2418 5252; x_wconf 80' lang='lat' dir='ltr'><strong>est</strong></span> 
     </span>
     <span class='ocr_line' id='line_1_28' title="bbox 550 5314 2414 5416; baseline 0.002 -23"><span class='ocrx_word' id='word_1_313' title='bbox 550 5356 565 5394; x_wconf 80' lang='lat' dir='ltr'>a</span> <span class='ocrx_word' id='word_1_314' title='bbox 590 5314 753 5414; x_wconf 70' lang='lat' dir='ltr'>quadros</span> <span class='ocrx_word' id='word_1_315' title='bbox 777 5333 979 5414; x_wconf 80' lang='lat' dir='ltr'>appellamus</span> <span class='ocrx_word' id='word_1_316' title='bbox 1002 5336 1236 5415; x_wconf 85' lang='lat' dir='ltr'>carreggiare,</span> <span class='ocrx_word' id='word_1_317' title='bbox 1261 5337 1312 5398; x_wconf 86' lang='lat' dir='ltr'><strong>far</strong></span> <span class='ocrx_word' id='word_1_318' title='bbox 1335 5335 1367 5397; x_wconf 94' lang='lat' dir='ltr'><strong>di</strong></span> <span class='ocrx_word' id='word_1_319' title='bbox 1391 5337 1556 5416; x_wconf 80' lang='lat' dir='ltr'>carreggi.</span> <span class='ocrx_word' id='word_1_320' title='bbox 1581 5337 1609 5398; x_wconf 88' lang='lat' dir='ltr'><strong><em>A</em></strong></span> <span class='ocrx_word' id='word_1_321' title='bbox 1631 5355 1773 5400; x_wconf 81' lang='grc'><strong>3333333</strong></span> <span class='ocrx_word' id='word_1_322' title='bbox 1799 5338 1964 5408; x_wconf 83' lang='lat' dir='ltr'>vehiculo,</span> <span class='ocrx_word' id='word_1_323' title='bbox 1989 5339 2081 5416; x_wconf 81' lang='lat' dir='ltr'>cujus</span> <span class='ocrx_word' id='word_1_324' title='bbox 2102 5355 2221 5399; x_wconf 83' lang='grc'><strong>33333</strong></span> <span class='ocrx_word' id='word_1_325' title='bbox 2243 5357 2265 5400; x_wconf 88' lang='grc'><strong>3</strong></span> <span class='ocrx_word' id='word_1_326' title='bbox 2285 5353 2414 5405; x_wconf 69' lang='lat' dir='ltr'>currus,</span> 
     </span>
     <span class='ocr_line' id='line_1_29' title="bbox 550 5477 2415 5559; baseline 0.004 -22"><span class='ocrx_word' id='word_1_327' title='bbox 550 5499 566 5537; x_wconf 84' lang='grc'><strong>3</strong></span> <span class='ocrx_word' id='word_1_328' title='bbox 590 5477 656 5540; x_wconf 83' lang='grc'><strong>3133</strong></span> <span class='ocrx_word' id='word_1_329' title='bbox 678 5491 814 5541; x_wconf 74' lang='lat' dir='ltr'>camus:</span> <span class='ocrx_word' id='word_1_330' title='bbox 837 5483 922 5559; x_wconf 80' lang='lat' dir='ltr'>quod</span> <span class='ocrx_word' id='word_1_331' title='bbox 943 5487 973 5544; x_wconf 86' lang='grc'><strong>31</strong></span> <span class='ocrx_word' id='word_1_332' title='bbox 994 5488 1114 5545; x_wconf 82' lang='lat' dir='ltr'>ueteres</span> <span class='ocrx_word' id='word_1_333' title='bbox 1144 5483 1269 5545; x_wconf 78' lang='lat' dir='ltr'>dicere.</span> <span class='ocrx_word' id='word_1_334' title='bbox 1301 5483 1353 5544; x_wconf 78' lang='lat' dir='ltr'><strong>Ex</strong></span> <span class='ocrx_word' id='word_1_335' title='bbox 1375 5497 1554 5549; x_wconf 85' lang='lat' dir='ltr'>carrucarc</span> <span class='ocrx_word' id='word_1_336' title='bbox 1582 5485 1649 5544; x_wconf 81' lang='lat' dir='ltr'>stoc</span> <span class='ocrx_word' id='word_1_337' title='bbox 1678 5479 1848 5548; x_wconf 78' lang='lat' dir='ltr'>carricare</span> <span class='ocrx_word' id='word_1_338' title='bbox 1877 5485 2043 5548; x_wconf 83' lang='lat' dir='ltr'>descendit</span> <span class='ocrx_word' id='word_1_339' title='bbox 2071 5483 2226 5548; x_wconf 82' lang='lat' dir='ltr'>Italicum</span> <span class='ocrx_word' id='word_1_340' title='bbox 2248 5481 2415 5558; x_wconf 78' lang='lat' dir='ltr'>caricare,</span> 
     </span>
    </p>
   </div>
   <div class='ocr_carea' id='block_1_8' title="bbox 549 5625 1475 5852">
    <p class='ocr_par' dir='ltr' id='par_1_12' title="bbox 549 5625 1475 5852">
     <span class='ocr_line' id='line_1_30' title="bbox 549 5625 1475 5703; baseline 0.01 -22"><span class='ocrx_word' id='word_1_341' title='bbox 549 5643 565 5681; x_wconf 82' lang='lat' dir='ltr'>u</span> <span class='ocrx_word' id='word_1_342' title='bbox 590 5625 675 5702; x_wconf 79' lang='lat' dir='ltr'>quod</span> <span class='ocrx_word' id='word_1_343' title='bbox 690 5627 803 5703; x_wconf 78' lang='lat' dir='ltr'>primo</span> <span class='ocrx_word' id='word_1_344' title='bbox 825 5625 1016 5690; x_wconf 80' lang='lat' dir='ltr'>dictumest</span> <span class='ocrx_word' id='word_1_345' title='bbox 1038 5629 1076 5690; x_wconf 87' lang='lat' dir='ltr'><strong>de</strong></span> <span class='ocrx_word' id='word_1_346' title='bbox 1098 5629 1265 5692; x_wconf 79' lang='lat' dir='ltr'>onerando</span> <span class='ocrx_word' id='word_1_347' title='bbox 1288 5647 1423 5692; x_wconf 80' lang='lat' dir='ltr'>currum</span> <span class='ocrx_word' id='word_1_348' title='bbox 1447 5651 1475 5690; x_wconf 84' lang='lat' dir='ltr'><strong>n.</strong></span> 
     </span>
     <span class='ocr_line' id='line_1_31' title="bbox 591 5764 855 5852; baseline 0.015 -20"><span class='ocrx_word' id='word_1_349' title='bbox 591 5764 614 5852; x_wconf 68' lang='grc' dir='ltr'><strong>ι)</strong></span> <span class='ocrx_word' id='word_1_350' title='bbox 635 5772 719 5834; x_wconf 88' lang='lat' dir='ltr'>Mur.</span> <span class='ocrx_word' id='word_1_351' title='bbox 745 5775 855 5836; x_wconf 84' lang='lat' dir='ltr'>CXXI.</span> 
     </span>
    </p>
   </div>
   <div class='ocr_carea' id='block_1_9' title="bbox 0 0 2664 7095">
    <p class='ocr_par' dir='ltr' id='par_1_13' title="bbox 0 0 2664 7095">
     <span class='ocr_line' id='line_1_32' title="bbox 0 0 2664 7095; baseline 0 0"><span class='ocrx_word' id='word_1_352' title='bbox 0 0 2664 7095; x_wconf 95' lang='lat' dir='ltr'><strong> </strong></span> 
     </span>
    </p>
   </div>
  </div>
 </body>
</html>
