5310 7080
968 578 1376 654 lllPLOltlATlCUS
1985 582 2050 651 115

253 807 375 877 919199
399 806 503 874 tollat
519 804 602 874 inde
617 805 744 874 inclita
768 809 934 891 quartam
950 809 1102 894 partem,
1119 807 1244 895 etipse
1260 807 1432 876 madelmo
1447 813 1483 878 91
1501 827 1582 878 suos
1599 811 1721 878 eredes
1737 809 1873 896 relique
1889 812 1961 876 1199
1978 809 2100 893 991119,
2173 873 2177 879 ,

252 977 316 1046 per
338 961 458 1047 partes
481 959 682 1027 laciendum
706 958 799 1045 quod
822 958 1024 1028 boluerit.e
1063 959 1168 1045 quale
1191 963 1346 1047 tempore
1371 963 1553 1049 potuerint
1575 982 1704 1050 parare
1728 963 1803 1031 sibe
1827 962 1902 1048 ipse
1919 959 2095 1030 madelmo

255 1109 312 1178 vel
336 1109 414 1178 eius
437 1109 572 1196 eredes,
598 1111 672 1178 sibe
697 1109 766 1196 ipsi
788 1113 902 1179 mater
926 1111 962 1177 et
986 1109 1078 1178 111199
1101 1114 1138 1177 91
1161 1128 1283 1179 eorum
1307 1113 1428 1181 eredes
1454 1113 1531 1200 ipsa
1555 1116 1672 1202 rebus,
1689 1114 1743 1181 vel
1767 1112 1899 1181 exinde
1915 1091 2008 1199 quod
2024 1112 2101 1198 ipse

253 1264 424 1332 madelmo
447 1263 677 1331 benumdedit
699 1262 857 1349 ipsorum
881 1261 1036 1332 arechisi
1061 1266 1096 1330 et
1121 1264 1275 1350 iaquinti
1302 1265 1452 1334 castaldi
1469 1265 1508 1332 in
1524 1265 1592 1352 ipsi
1610 1265 1696 1334 19919
1718 1265 1836 1334 1911919
1860 1269 1896 1333 91
1910 1265 2041 1332 1199919
2057 1269 2094 1332 91

251 1417 385 1504 ragita,
408 1435 471 1502 per
495 1417 750 1503 qualecumque
774 1417 914 1485 ratione
937 1437 959 1484 a
974 1401 1196 1502 quacumque
1220 1421 1324 1502 119119
1339 1437 1413 1486 una
1429 1438 1512 1504 11919
1528 1419 1606 1484 sine
1624 1417 1753 1504 altera,
1770 1434 1842 1484 non
1859 1416 1948 1485 illud
1964 1416 2097 1485 exinde

255 1589 397 1658 parare,
421 1573 475 1638 set
498 1571 657 1637 mitteret
681 1570 759 1656 ipse
781 1570 956 1638 madelmo
972 1569 1103 1637 eteius
1125 1570 1247 1639 eredes
1273 1573 1344 1640 tres
1367 1573 1475 1641 991119
1498 1573 1666 1658 pretium,
1684 1573 1810 1657 etipse
1834 1573 1947 1638 mater
1971 1568 2095 1636 9111119

254 1729 288 1792 91
311 1743 432 1791 eorum
457 1724 578 1790 eredes
602 1727 767 1808 quartam
792 1726 945 1809 partem,
969 1728 1005 1790 et
1020 1723 1098 1809 ipsa
1121 1726 1228 1791 rebus
1252 1729 1439 1810 pararent3
1457 1727 1600 1792 9191991
1617 1722 1773 1811 pretium
1797 1720 1928 1789 ibidem
1944 1719 2096 1807 miserit,

250 1880 301 1944 919
323 1897 384 1962 per
409 1881 527 1962 partes
549 1879 656 1945 rebus
679 1877 757 1963 ipsa
780 1879 927 1960 habere,
953 1880 989 1944 et
1012 1876 1118 1961 quale
1141 1895 1224 1962 pars
1249 1877 1336 1943 illud
1361 1896 1489 1964 parare
1514 1895 1585 1942 non
1609 1875 1775 1960 boluerit,
1800 1893 1871 1942 non
1895 1875 1991 1942 siant
2009 1873 2093 1941 inde

252 2029 478 2116 culpabilem,
503 2035 558 2098 set
582 2029 642 2098 ille
666 2031 727 2116 qui
753 2029 906 2098 boluerit
929 2029 1005 2116 ipse
1029 2047 1086 2095 eos
1111 2047 1254 2115 parare,
1280 2029 1331 2094 sic
1347 2031 1468 2096 tamen
1491 2046 1554 2114 per
1578 2030 1699 2113 partes
1724 2027 1806 2094 inde
1831 2027 1927 2094 inter
1943 2045 1980 2093 se
2004 2029 2096 2094 99119

253 2184 385 2269 199919,
409 2184 550 2268 quando
576 2183 663 2250 illud
687 2184 733 2252 ad
755 2183 958 2270 parandum
981 2183 1135 2266 benerit,
1152 2181 1195 2248 de
1211 2181 1284 2248 9119
1302 2197 1385 2246 1919
1409 2198 1477 2265 que
1503 2179 1570 2247 fuit
1593 2178 1788 2264 supradicti
1812 2178 2005 2265 rodelghisi
2022 2199 2101 2266 pre·

258 2337 381 2404 sbiteri
406 2335 468 2422 qui
493 2355 590 2403 sasso
614 2336 778 2420 bocabit,
802 2334 893 2420 quod
917 2352 980 2419 per
1003 2336 1079 2419 ipso
1103 2333 1277 2420 scriptum
1300 2335 1502 2401 testamenti
1528 2332 1723 2418 disposuit,
1747 2332 1982 2418 benumdare,
2006 2332 2099 2418 quod

251 2491 319 2577 ipsi
344 2491 517 2559 madelmo
540 2493 576 2556 et
602 2489 671 2578 ipsi
695 2489 761 2558 filii
785 2487 939 2557 maraldi
963 2491 1198 2574 paraberunt,
1217 2490 1253 2553 et
1269 2485 1358 2552 illud
1374 2487 1465 2572 quod
1483 2485 1557 2572 ipse
1573 2483 1769 2571 rodelghisi
1793 2485 1906 2571 ipsius
1930 2484 2099 2554 madelmi

251 2643 425 2710 iudicabit
450 2663 512 2730 per
537 2645 612 2730 ipso
636 2643 808 2728 scriptum
832 2641 1050 2726 testamenti,
1070 2644 1106 2706 et
1123 2639 1210 2706 illud
1226 2637 1318 2724 quod
1335 2637 1410 2723 ipse
1425 2635 1619 2722 rodelghisi
1637 2636 1809 2704 iudicabit
1825 2636 1938 2722 ipsius
1960 2657 2099 2724 gemme

254 2795 329 2864 filia
351 2796 501 2882 predicti
526 2797 681 2865 maraldi
706 2801 742 2864 et
765 2795 841 2882 ipse
866 2795 1019 2863 19199191
1044 2794 1133 2860 illud
1156 2791 1350 2860 bicariabit
1374 2791 1530 2876 ipsorum
1547 2790 1613 2856 11111
1638 2789 1791 2858 maraldi
1807 2791 2008 2876 et'predicti
2024 2813 2099 2862 ma·

254 2945 374 3032 delmi,
399 2945 490 3014 sicut
505 2949 712 3034 supradicta
724 2949 865 3016 cartula
877 2945 1123 3015 bicariationis
1146 2943 1320 3027 continet,
1338 2943 1379 3010 de
1397 2943 1573 3027 quantum
1589 2941 1659 3006 suit
1676 2941 1789 3026 ipsius
1805 2941 2003 3029 radelghisi
2019 2965 2099 3031 pre·
2229 2990 2232 2995 -

253 3100 379 3166 sbiteri
403 3119 466 3186 per
490 3102 704 3188 supradictis
729 3101 816 3168 locis
832 3121 854 3170 a
870 3102 948 3168 1919
964 3100 1043 3186 ipsa
1056 3103 1175 3184 rebus,
1194 3118 1299 3185 quam
1318 3100 1395 3186 ipsa
1411 3098 1642 3184 scriptionem
1664 3095 1854 3164 dibisionis
1878 3097 2047 3184 continet,
2065 3106 2101 3167 91

251 3253 388 3321 919199
413 3253 489 3340 ipso
512 3253 685 3320 molinum
710 3257 745 3321 et
769 3252 865 3320 omni
891 3252 1111 3340 pertinentia
1144 3254 1221 3320 eius
1246 3257 1281 3320 et
1304 3275 1327 3322 a
1351 3255 1447 3320 19199
1470 3252 1560 3319 illud
1584 3252 1627 3320 de
1651 3255 1887 3338 submonte,
1913 3253 2005 3338 quod
2029 3254 2097 3340 ipsi

251 3411 362 3474 mater
387 3413 422 3476 et
446 3409 519 3474 filio
543 3409 714 3476 dederunt
738 3411 773 3474 et
796 3407 1098 3474 confirmaberunt
1122 3407 1235 3494 ipsius
1259 3410 1447 3496 madelmi,
1471 3415 1507 3478 et
1529 3431 1551 3477 a
1575 3411 1671 3476 19199
1695 3408 1784 3475 illud
1807 3409 1850 3475 de
1875 3410 1955 3495 ipsa
1978 3409 2098 3496 clusa,

249 3561 336 3644 quod
360 3561 517 3647 pertinet
540 3563 698 3647 ipsorum
721 3568 834 3630 mater
860 3517 895 3628 et
918 3560 992 3627 filio
1016 3581 1078 3647 per
1102 3563 1179 3647 ipsa
1202 3561 1342 3630 11199119
1365 3567 1400 3629 91
1416 3582 1478 3647 per
1503 3565 1581 3648 ipsa
1605 3561 1794 3646 dibisione,
1817 3567 1853 3628 et
1868 3584 1890 3631 a
1907 3563 2001 3631 19199
2018 3563 2097 3650 ipsa

252 3711 323 3798 bia,
348 3713 441 3798 quod
465 3711 540 3799 11199
564 3712 738 3780 madelmo
755 3712 912 3780 ammisit
927 3714 1040 3800 ipsius
1055 3711 1148 3802 sergi
1166 3721 1238 3783 919
1255 3717 1349 3782 19199
1366 3713 1453 3782 illud
1470 3717 1512 3782 de
1528 3715 1604 3801 ipso
1619 3713 1806 3802 pergolatu
1822 3733 1884 3800 per
1901 3715 1979 3801 11199
1996 3733 2096 3783 men·
2196 3791 2200 3800 ‚

249 3865 357 3953 suria,
374 3866 467 3952 quod
491 3867 773 3953 supradiximus,
790 3868 975 3935 91919199
992 3867 1081 3934 illud
1097 3868 1138 3934 de
1155 3869 1470 3938 1199919911911919
1493 3871 1529 3936 et
1553 3869 1687 3955 ragitu,
1705 3869 1796 3953 quod
1819 3869 1895 3954 11199
1918 3868 2092 3936 madelmo

248 4021 403 4088 1191111111
429 4022 586 4106 ipsorum
604 4020 760 4089 arechisi
777 4025 813 4087 et
829 3997 999 4108 iaquinti,
1024 4021 1312 4089 adcommunabit
1329 4021 1418 4088 illud
1433 4023 1509 4108 ipse
1527 4020 1701 4089 madelmo
1724 4040 1806 4088 cum
1829 4023 1899 4106 ipsi
1921 4031 2036 4090 mater
2059 4027 2097 4092 et

249 4171 373 4238 11119111
390 4190 431 4239 99
447 4173 612 4260 hordine,
630 4177 670 4240 ut
686 4171 835 4260 1119111111
852 4173 1003 4243 maraldi
1020 4175 1153 4241 abeant
1168 4173 1256 4240 illud
1273 4173 1512 4260 medietatem,
1529 4175 1652 4261 etipse
1668 4173 1842 4242 madelmo
1859 4177 1990 4244 abeant
2014 4175 2095 4261 ipsa

249 4325 319 4394 alia
338 4327 530 4394 medietate
547 4347 626 4393 cum
653 4325 720 4413 ipsi
745 4329 861 4396 mater
885 4331 921 4392 et
945 4325 1017 4392 11119
1040 4331 1075 4394 91
1098 4345 1179 4394 cum
1202 4327 1346 4393 illorum
1370 4327 1504 4410 eredes3
1522 4329 1557 4392 et
1574 4327 1652 4412 ipsa
1676 4327 1880 4412 medietate,
1898 4329 1990 4412 quod
2008 4328 2094 4398 inde

248 4498 365 4547 eorum
381 4481 520 4548 benerit
536 4480 583 4550 da
600 4479 669 4567 ipsi
685 4480 751 4547 filii
768 4478 933 4564 maraldi,
949 4477 1025 4547 stad
1041 4479 1158 4550 dibisa
1174 4480 1269 4549 iusta
1286 4481 1459 4548 rationem
1479 4481 1517 4547 in
1533 4482 1709 4566 quadtuor
1732 4481 1858 4548 sortis:
1884 4481 1953 4567 ipsi
1977 4487 2092 4552 mater

247 4637 282 4699 et
303 4633 378 4699 filio
402 4637 438 4700 et
460 4650 582 4700 eorum
605 4634 727 4702 eredes
751 4633 861 4701 tollad
883 4634 967 4702 inde
990 4633 1118 4702 inclita
1142 4639 1307 4720 quartam
1323 4637 1474 4721 partem,
1491 4637 1527 4701 et
1543 4635 1618 4719 ipse
1634 4633 1807 4701 madelmo
1823 4639 1859 4703 et
1873 4654 1955 4703 suos
1971 4637 2095 4705 eredes

247 4789 315 4851 tres
331 4785 451 4870 sortis,
468 4805 531 4871 per
547 4789 667 4870 partes
683 4785 882 4852 laciendum
899 4787 991 4871 quod
1007 4786 1172 4874 boluerit,
1190 4791 1225 4856 et
1242 4788 1317 4874 ipse
1332 4787 1505 4856 madelmo
1522 4790 1558 4851 et
1574 4803 1655 4852 suos
1672 4785 1794 4853 eredes
1810 4785 1997 4855 defensare
2015 4788 2097 4874 ipsa

247 4940 408 5020 quartam
424 4938 563 5021 partem
579 4938 738 5022 ipsorum
753 4941 867 5004 mater
884 4939 920 5004 et
936 4936 1010 5004 filio
1026 4943 1062 5004 et
1079 4937 1124 5006 ad
1139 4956 1261 5005 eorum
1278 4939 1401 5006 eredes
1423 4959 1445 5006 a
1461 4956 1546 5023 pars
1570 4937 1693 5004 uxoris
1717 4955 1780 5004 sue
1803 4941 1839 5006 et
1861 4936 1907 5006 da
1930 4938 1985 5005 illi
2009 4941 2097 5007 omi-

246 5090 349 5156 nibus
372 5095 409 5157 et
430 5089 594 5177 partibus
610 5092 669 5158 cui
684 5109 746 5176 per
763 5091 879 5176 ipsum
895 5091 1081 5176 madelmo,
1100 5093 1156 5158 vel
1172 5111 1233 5177 per
1251 5093 1328 5179 ipsa
1344 5109 1456 5159 uxore
1480 5090 1579 5159 illius
1603 5089 1692 5156 illud
1716 5091 1773 5158 vel
1796 5092 1928 5160 exinde
1952 5093 2094 5178 datum,

245 5247 306 5310 aut
320 5243 645 5330 quomodocumque
662 5243 860 5331 obligatum
876 5245 1052 5333 paruerit3
1070 5249 1107 5312 et
1123 5243 1154 5312 si
1170 5211 1214 5313 19
1228 5245 1306 5332 ipsa
1321 5245 1427 5312 rebus
1443 5262 1511 5331 que
1528 5243 1599 5312 suit
1614 5243 1726 5331 ipsius
1741 5243 1937 5330 rodelghisi
1954 5247 2093 5330 presbi-

246 5395 327 5482 teri,
351 5398 414 5481 qui
438 5415 535 5466 sasso
558 5399 719 5485 bocabit,
742 5397 921 5467 contentio
945 5398 1054 5467 suerit
1076 5402 1230 5486 exucta,
1254 5398 1491 5466 communiter
1524 5399 1619 5466 inter
1642 5417 1680 5466 se
1704 5403 1740 5467 et
1761 5399 1837 5466 suis
1860 5396 2026 5466 eredibus
2052 5415 2093 5464 99

245 5552 371 5621 exinde
393 5555 625 5639 coniungere,
650 5572 731 5622 cum
756 5559 890 5639 quanta
914 5552 1094 5624 monimen
1115 5553 1199 5622 inde
1222 5555 1388 5625 inbenire
1410 5553 1566 5640 potuerit
1590 5552 1788 5637 relabere,
1813 5555 1953 5618 etcum
1977 5549 2089 5637 quale

245 5707 413 5774 meruerit
429 5710 465 5776 et
480 5709 566 5776 abta
589 5709 712 5796 lherit,
728 5727 809 5777 cum
833 5709 901 5778 tale
924 5711 1105 5778 monimen
1120 5711 1157 5777 et
1169 5707 1345 5778 rationem
1367 5707 1450 5774 inde
1473 5724 1624 5777 causare
1647 5708 1780 5792 absque
1802 5703 1898 5771 omni
1916 5703 2091 5788 colludio;

244 5861 329 5927 etsi
354 5860 485 5931 exinde
508 5861 702 5950 perdiderit
725 5884 788 5952 per
811 5865 939 5953 legem,
962 5867 1095 5952 absque
1117 5862 1268 5932 colludio
1290 5851 1383 5929 unus
1406 5860 1557 5928 alterum
1580 5858 1675 5928 inter
1699 5874 1736 5926 se
1760 5863 1795 5928 et
1818 5856 1892 5925 suis
1916 5859 2084 5928 eredibus
