5310 7080
984 521 1391 598 lrlrtolllllbus
1658 579 1663 587 .
2001 523 2065 594 inl

263 752 456 834 scernunt,
482 748 579 834 passi
604 745 758 836 triginta
783 745 865 831 duo;
891 750 926 814 et
950 745 1115 815 similiter
1133 749 1336 820 rebolbente
1352 771 1415 838 per
1431 753 1501 834 line
1518 750 1673 836 illorum,
1691 751 1785 818 sieut
1802 749 1915 816 limite
1931 746 2117 832 discernit,

263 905 367 994 ,passi
392 901 590 987 duodecim3
616 903 652 968 et
675 901 910 970 descendente
934 919 997 988 per
1021 902 1093 970 fine
1117 902 1280 992 illorum,
1305 904 1397 973 sieut
1422 904 1534 974 limite
1557 909 1592 976 et
1614 903 1760 972 termini
1786 903 2009 988 discernunt,
2034 903 2120 968 sunt

268 1056 400 1128 exinde
425 1055 521 1143 passi
546 1054 777 1144 septuaginta
800 1075 876 1125 sex:
904 1057 946 1124 de
971 1059 1095 1124 subtus
1118 1060 1220 1143 parte
1245 1057 1315 1124 linc
1338 1056 1381 1124 de
1405 1058 1527 1125 eredes
1550 1057 1671 1126 aczoni
1694 1055 1857 1144 castaldi,
1876 1055 1969 1122 sieut
1984 1057 2020 1122 et
2037 1052 2121 1120 inde

271 1209 410 1278 termiti
437 1209 664 1296 discernunt,
690 1212 777 1276 sunt
806 1210 935 1278 exinde
960 1211 1054 1296 passi
1080 1211 1323 1296 quadraginta
1352 1210 1437 1276 duo:
1464 1210 1564 1276 etde
1594 1209 1667 1280 alia
1697 1215 1797 1295 parte
1826 1209 1897 1277 fine
1927 1209 1970 1277 de
1999 1174 2121 1278 eredes

274 1361 427 1433 mareldi
453 1359 521 1428 filii
546 1361 826 1446 leomari,¹sicut
849 1361 981 1430 termiti
1007 1361 1192 1447 discernit,
1217 1363 1369 1450 indeque
1392 1363 1487 1448 passi
1504 1367 1649 1430 centum
1664 1363 1797 1450 biginti
1813 1363 1971 1450 quinque
1987 1364 2023 1430 et
2039 1379 2122 1430 con·
2211 1461 2215 1470 ι

274 1515 444 1602 iungente
466 1533 578 1600 usque
602 1515 722 1599 priore
745 1514 828 1581 fine.
855 1533 894 1582 ec
918 1533 1000 1584 vero
1025 1517 1132 1582 rebus
1155 1535 1217 1602 per
1241 1516 1444 1602 supradicte
1468 1517 1552 1584 finis
1578 1520 1614 1584 et
1643 1517 1824 1584 mensurio
1849 1519 1924 1586 tota
1940 1521 1975 1584 et
1992 1515 2119 1588 inclita

271 1686 352 1734 cum
374 1665 496 1736 omnia
520 1665 616 1734 intro
640 1685 677 1734 se
701 1666 890 1734 abentibus
913 1670 949 1734 et
974 1666 1047 1733 suis
1070 1669 1312 1756 pertinentiis,
1330 1675 1462 1739 etcum
1484 1671 1562 1739 vice
1577 1671 1620 1738 de
1635 1669 1695 1740 via
1718 1689 1783 1738 sua
1809 1669 1891 1737 illut
1915 1669 2029 1738 eidem
2047 1689 2123 1738 ma·

272 1821 371 1890 ranei
394 1820 584 1907 presbiteri
608 1822 824 1891 tradidimus
848 1821 913 1890 tali
938 1822 1076 1910 ordine,
1102 1825 1143 1889 ut
1166 1823 1289 1892 liceret
1312 1824 1373 1891 ille
1396 1824 1533 1892 eteius
1556 1825 1689 1911 eredeS,
1706 1829 1743 1892 et
1759 1827 1918 1891 homines
1943 1825 2035 1910 quod
2054 1824 2122 1892 mi·

270 1977 398 2062 serint,
416 1975 497 2042 illut
511 1993 574 2042 sue
590 1974 774 2060 potestatis
790 1979 912 2043 tenere
929 1977 1176 2062 abominare,
1193 1981 1228 2045 et
1244 1979 1340 2046 fovee
1358 1983 1392 2046 et
1408 1979 1521 2046 omnis
1537 1996 1600 2046 sue
1625 1977 1795 2046 utilitatis
1813 1978 1910 2046 iusta
1935 1979 2119 2047 rationem

272 2127 403 2195 ibidem
425 2128 558 2214 iacere,
582 2133 618 2196 et
641 2129 768 2214 quanti
794 2129 972 2196 boluerint
996 2135 1031 2196 et
1054 2129 1190 2198 suerint
1212 2130 1353 2198 ratione
1376 2131 1419 2198 de
1435 2128 1504 2216 ipsi
1528 2129 1718 2215 castaneis,
1736 2131 1935 2216 abscidant,
1949 2135 1984 2198 et
2001 2135 2119 2200 totum

276 2280 355 2349 illut
378 2285 611 2368 pastenarent
635 2280 890 2350 abellanietum
914 2284 949 2347 et
973 2281 1129 2348 arbustis
1153 2283 1277 2349 vitatis
1300 2282 1343 2349 de
1359 2299 1449 2348 vono
1465 2281 1613 2368 vitine03
1629 2287 1665 2350 et
1681 2283 1806 2350 amodo
1821 2287 1858 2348 et
1874 2283 1985 2370 usque
2002 2282 2123 2351 decem

275 2433 362 2502 anni
387 2439 520 2520 quante
544 2434 706 2504 abellane
731 2439 766 2502 et
789 2433 912 2500 vinum
937 2438 972 2501 et
995 2451 1098 2520 poma
1122 2436 1203 2503 inde
1226 2437 1398 2522 exierint,
1422 2441 1534 2505 totum
1557 2437 1639 2504 illut
1662 2437 1728 2504 sivi
1754 2439 1899 2523 abeant,
1916 2438 2122 2540 ¹laciendum

273 2590 363 2676 quod
386 2588 578 2675 boluerint,
595 2594 632 2656 et
648 2589 783 2656 nullam
801 2589 883 2656 inde
899 2589 1018 2658 deant:
1036 2595 1154 2675 preter
1170 2596 1303 2676 quante
1328 2595 1496 2661 castanee
1513 2593 1596 2660 inde
1613 2592 1832 2679 collixerint,
1850 2593 1998 2677 tertiam
2016 2597 2123 2679 parte

272 2745 394 2811 secohe
418 2743 519 2811 nobis
544 2744 605 2811 ille
628 2744 756 2829 deant,
782 2744 882 2810 etde
907 2745 998 2829 quod
1025 2744 1074 2811 ibi
1097 2745 1371 2832 seminaverint,
1396 2747 1607 2813 terraticum
1637 2745 1719 2812 inde
1750 2746 1852 2812 nobis
1876 2745 2004 2831 deant,
2029 2747 2124 2814 sicut

273 2901 488 2968 consuetudo
513 2904 567 2969 est
591 2900 688 2967 locus
711 2901 806 2988 ipsc3
832 2908 867 2969 et
892 2902 951 2969 ubi
977 2899 1139 2984 completi
1165 2899 1299 2965 fuerint
1329 2900 1452 2967 amodo
1480 2899 1664 2966 duodecim
1695 2900 1803 2984 anni,
1828 2901 1960 2967 abeant
1985 2900 2124 2968 ibidem

274 3055 529 3122 abellanietum
553 3059 588 3122 et
611 3055 768 3122 arbustis
790 3055 923 3122 sactum
948 3054 985 3120 iu
1009 3057 1082 3121 tota
1101 3054 1178 3138 ipsa
1194 3053 1300 3118 rebus
1316 3069 1378 3138 per
1394 3052 1471 3136 ipsa
1496 3051 1680 3118 mensuris
1700 3055 1840 3118 surtum
1858 3055 1892 3118 et
1907 3053 2123 3136 hoperatum

273 3215 307 3273 et
330 3207 516 3293 cultatum,
540 3207 634 3274 sicut
657 3207 699 3274 de
724 3209 845 3274 tantos
868 3187 983 3274 annos
1009 3205 1106 3272 locus
1130 3205 1204 3291 ipse
1228 3203 1415 3289 meruerit,
1440 3207 1480 3270 ut
1503 3221 1591 3270 vene
1616 3207 1742 3288 pareat
1766 3204 1966 3272 laboratum
1989 3210 2025 3272 et
2049 3205 2124 3272 cul-

277 3366 402 3444 tatum3
427 3364 464 3426 et
489 3359 520 3427 si
546 3361 726 3428 boluerint
750 3359 882 3426 ibidem
906 3357 1060 3424 residere
1084 3361 1121 3424 et
1144 3357 1298 3443 abitare,
1323 3361 1358 3424 et
1376 3356 1505 3424 ibidem
1530 3359 1692 3426 homines
1716 3359 1761 3426 ad
1777 3359 1986 3427 avitandum
2009 3362 2127 3433 mitte·

277 3531 329 3599 re,
351 3515 562 3598 potestatem
586 3512 731 3596 abeant;
757 3515 793 3578 et
815 3510 862 3579 da
884 3509 953 3596 ipsi
978 3509 1097 3576 decem
1122 3509 1210 3576 anni
1236 3507 1274 3573 in
1297 3511 1405 3576 antea
1429 3527 1492 3594 per
1507 3508 1685 3577 vindemie
1708 3511 1845 3578 saciant
1861 3529 1924 3578 nos
1942 3511 1997 3579 rel
2015 3513 2128 3598 parti·

278 3667 339 3732 bus
362 3666 477 3751 ipsius
501 3662 646 3734 ecclesie
670 3663 777 3748 scire,
803 3667 843 3730 ut
864 3663 1064 3750 dirigamus
1090 3661 1221 3729 ibidem
1251 3663 1397 3728 missum
1422 3665 1602 3748 nostrum,
1627 3661 1699 3729 illis
1723 3663 1798 3750 ipso
1822 3664 1979 3731 arbustis
2004 3664 2128 3732 vinde·

278 3819 402 3905 miare,
426 3821 462 3886 et
486 3835 589 3904 poma
613 3834 681 3904 que
707 3817 757 3884 ibi
780 3815 905 3900 suerit,
929 3815 1117 3902 colligere,
1143 3817 1278 3900 etipse
1302 3813 1467 3884 abellane
1490 3833 1552 3901 per
1575 3819 1732 3902 tempore
1748 3814 1917 3904 colligere
1933 3822 1969 3884 et
1985 3819 2129 3885 seccba·

278 3993 326 4058 re,
350 3977 385 4040 et
408 3972 520 4040 deant
543 3970 646 4037 nobis
670 3971 789 4056 ibique
814 3969 853 4036 iu
876 3968 954 4055 ipsa
978 3971 1083 4036 rebus
1106 3969 1250 4037 tertiam
1275 3973 1425 4055 partem,
1449 3972 1486 4037 et
1510 3969 1577 4037 due
1601 3969 1707 4038 sortis
1732 3969 1806 4036 illis
1830 3969 1897 4036 sivi
1921 3969 2065 4056 tollant,
2093 3971 2130 4036 et

279 4124 371 4190 omni
394 4129 553 4210 tempore
577 4123 659 4190 illut
684 4123 848 4190 laborare
870 4126 905 4191 et
927 4121 1101 4209 studiare,
1126 4125 1163 4188 et
1186 4121 1325 4189 salbum
1348 4119 1429 4192 illut
1452 4121 1582 4206 lacere,
1600 4125 1640 4189 ut
1663 4121 1854 4208 proficiant
1876 4121 1923 4190 da
1946 4122 2015 4208 ipsi
2043 4123 2129 4189 duo-

281 4279 389 4344 decim
414 4279 503 4346 anni
527 4275 566 4343 in
589 4281 698 4346 antea
721 4279 758 4344 et
782 4293 852 4342 non
878 4273 1095 4362 dispereant3
1120 4279 1155 4342 et
1179 4273 1256 4360 ipsa
1280 4278 1405 4342 nostra
1427 4274 1580 4342 sortione
1612 4277 1655 4344 de
1678 4277 1753 4364 ipso
1779 4275 1901 4344 vinum
1927 4275 2000 4344 illis
2025 4295 2128 4362 repo-

277 4434 362 4500 nant
385 4430 424 4496 in
447 4428 628 4516 organeis,
652 4429 714 4514 qui
738 4446 803 4494 nos
827 4425 957 4494 ibidem
981 4443 1105 4492 eorum
1128 4423 1439 4512 adsignaverimus
1463 4445 1525 4512 per
1549 4429 1665 4494 omnis
1689 4445 1825 4496 annum
1842 4427 1919 4512 ipsa
1937 4429 2125 4514 horganea

277 4582 437 4649 conciata
461 4599 524 4666 per
549 4579 634 4666 illis,
660 4581 752 4648 sicut
775 4579 963 4664 meruerit,
988 4583 1023 4644 et
1047 4578 1121 4664 ipso
1146 4578 1271 4644 uinum
1295 4582 1470 4665 reponant
1495 4580 1533 4646 in
1557 4597 1641 4647 casa
1665 4580 1726 4646 ubi
1750 4578 1982 4668 abitaverint,
2006 4585 2043 4648 et
2059 4582 2130 4651 sal-

278 4735 357 4802 bum
374 4733 456 4802 illut
471 4734 572 4802 nobis
589 4734 738 4820 iaciant,
757 4752 866 4820 usque
892 4732 976 4800 dum
1001 4731 1083 4799 illut
1108 4732 1190 4799 inde
1216 4731 1417 4818 tulerimuS,
1443 4734 1575 4818 absque
1598 4731 1875 4818 degeneratione
1901 4739 1938 4803 et
1952 4734 2076 4822 ingue,
2094 4743 2130 4806 et

281 4889 352 4972 ipso
375 4889 525 4956 missum
550 4887 623 4954 illis
647 4887 802 4972 nutrire,
836 4904 947 4972 usque
971 4887 1055 4954 dum
1079 4886 1257 4954 vindemie
1282 4886 1412 4954 ibidem
1437 4887 1596 4972 steterit,
1627 4889 1820 4955 secundum
1850 4891 1960 4957 suerit
1990 4890 2131 4960 illorum

278 5040 560 5126 pessundatam,
585 5045 620 5108 et
642 5037 898 5126 palmentatica
922 5043 957 5106 et
981 5040 1193 5106 terraticum
1217 5041 1299 5108 inde
1325 5041 1424 5108 nobis
1447 5043 1547 5128 dare,
1572 5043 1665 5110 sicut
1690 5042 1786 5109 loeus
1812 5042 1886 5129 ipse
1911 5049 1964 5111 est
1982 5063 2129 5112 consue-

278 5194 373 5280 tudo;
391 5197 428 5262 et
443 5195 550 5281 quale
567 5199 723 5280 tempore
746 5195 791 5262 da
815 5194 881 5280 ipsi
907 5193 1091 5261 duodecim
1114 5194 1201 5262 anni
1226 5193 1264 5260 in
1288 5199 1396 5262 antea
1421 5195 1503 5262 illut
1527 5199 1648 5264 tenere
1673 5195 1868 5282 noluerint,
1895 5197 2021 5265 inclita
2053 5196 2132 5284 ipsa

279 5349 380 5415 rebus
396 5349 559 5418 laborata
583 5354 618 5416 et
633 5349 744 5435 clusa,
771 5349 877 5434 quale
903 5347 965 5416 illo
989 5355 1147 5435 tempore
1170 5351 1356 5435 meruerit,
1382 5350 1531 5418 redeant
1557 5349 1595 5416 in
1621 5351 1699 5436 ipsa
1723 5351 1893 5436 ecclesia,
1926 5349 2129 5418 laciendum

279 5499 370 5582 quud
395 5499 602 5586 boluerint,
631 5507 667 5570 et
690 5501 796 5570 liceat
820 5501 893 5568 illis
917 5501 998 5568 inde
1022 5501 1122 5567 exire
1145 5519 1226 5567 cum
1249 5502 1363 5568 omnis
1387 5520 1454 5569 sua
1477 5522 1587 5572 eausa
1611 5503 1687 5569 sine
1711 5501 1900 5570 cuiuslibet
1929 5505 2131 5571 contrarie-

285 5657 374 5739 tate;
399 5672 462 5722 seu
478 5658 514 5721 et
530 5655 559 5721 si
578 5654 686 5723 talem
702 5655 851 5723 iecerint
867 5655 1019 5742 culpam,
1044 5654 1137 5722 unde
1160 5655 1317 5725 cecidere
1341 5658 1542 5744 debuerint,
1566 5663 1629 5727 aut
1652 5659 1683 5724 si
1707 5656 1749 5725 de
1772 5675 1840 5725 ano
1863 5662 1962 5724 terra
1985 5657 2136 5725 salerni-

282 5813 403 5876 tanam
426 5808 585 5877 exierint
607 5827 672 5896 pro
695 5827 922 5896 quacumque
946 5828 1069 5896 causa,
1095 5813 1283 5896 expectent
1306 5809 1378 5876 illis
1401 5828 1483 5896 pars
1509 5811 1619 5896 ipsius
1643 5809 1789 5877 ecclesie
1814 5827 1925 5894 usque
1949 5813 2022 5876 tres
2046 5811 2133 5878 anni
