5310 7080
864 617 867 626 Δ
982 534 1389 604 lllrllllllTluus
1432 537 1435 542 '

1127 967 1231 1048 DC.

1031 1230 1086 1306 A.
1114 1228 1165 1306 D.
1194 1225 1322 1308 1008.

298 1465 331 1605 †
356 1519 395 1581 ln
419 1517 562 1584 nomine
586 1517 720 1584 domini
748 1521 976 1587 nonodecimo
1000 1537 1095 1590 anno
1117 1520 1339 1606 principatus
1362 1521 1482 1587 domni
1509 1519 1623 1584 nostri
1642 1518 1824 1604 guaimari
1842 1515 1986 1600 gloriosi
2004 1513 2104 1599 prin·

231 1670 353 1756 cipis,
378 1689 499 1737 mense
523 1671 739 1758 lebruarius,
764 1677 867 1741 sexta
891 1673 1101 1740 indictione.
1119 1672 1409 1740 memoratorium
1434 1673 1529 1762 lactu
1552 1691 1574 1739 a
1598 1689 1653 1736 me
1677 1667 1773 1736 maio
1797 1666 1971 1754 presbiter
1987 1669 2023 1733 61
2038 1667 2101 1734 ab·

257 1827 321 1892 bas
343 1823 490 1890 ecclesio
514 1823 630 1892 sancti
655 1825 834 1911 maximi,
859 1843 899 1893 eo
922 1825 1013 1912 quod
1037 1831 1123 1894 ante
1145 1826 1337 1912 subscripti
1361 1828 1469 1893 testes
1500 1843 1563 1912 661
1591 1826 1684 1890 bona
1715 1817 2003 1904 conuenientia,
2028 1837 2102 1886 una

250 1995 388 2044 mecum
413 1978 553 2045 adesset
579 1979 783 2046 romoaldus
807 1983 842 2044 et
864 1981 987 2064 petrus
1011 1979 1214 2063 comitibus,
1231 1981 1294 2064 qui
1311 1983 1395 2045 sunt
1419 1980 1461 2046 de
1485 1977 1635 2044 dominii
1651 1980 1687 2042 et
1702 1973 1972 2042 adbocatoribus
1988 1971 2101 2057 ipsius
2128 2027 2130 2032 ,

254 2131 415 2217 ecclesie,
440 2131 653 2198 tradidimus
675 2133 784 2199 ciceri
807 2132 881 2199 filio
904 2131 1081 2217 quondam
1105 2132 1284 2216 cennami,
1310 2135 1345 2197 et
1368 2129 1517 2198 iohanni
1541 2132 1576 2196 et
1599 2127 1721 2212 ciceri,
1747 2132 1848 2212 pater
1873 2131 1908 2193 et
1931 2125 2014 2209 tilii,
2038 2124 2100 2210 qui

250 2288 395 2350 luerunt
417 2285 459 2351 de
485 2286 645 2370 nuceria,
670 2288 777 2352 rebus
800 2286 1036 2370 pertinentem
1063 2285 1174 2370 ipsius
1197 2283 1359 2371 66616616,
1385 2284 1447 2368 qui
1470 2287 1522 2349 est
1546 2285 1645 2350 terra
1668 2301 1749 2348 cum
1771 2283 1918 2347 arbusto
1934 2297 2015 2347 cum
2031 2279 2099 2347 611-

251 2443 424 2522 quantum
448 2441 599 2507 bacuum
624 2438 666 2506 de
691 2438 806 2504 locum
830 2438 1087 2522 mitilianense,
1103 2441 1164 2506 ubi
1188 2439 1321 2507 dicitur
1345 2438 1521 2521 cassiano,
1538 2436 1630 2522 quod
1647 2437 1685 2502 in
1709 2435 1833 2503 eadem
1856 2433 2006 2501 ecclesia
2029 2454 2092 2521 per

240 2590 390 2657 bicaria
413 2591 535 2658 datum
560 2591 628 2658 suit
650 2592 696 2660 da
720 2610 802 2678 pars
826 2591 1034 2660 monasterii
1059 2591 1176 2660 sancti
1201 2588 1376 2658 benedicti
1400 2607 1462 2673 per
1480 2591 1545 2655 hec
1561 2587 1642 2654 finis
1659 2591 1694 2654 61
1710 2585 1918 2654 mensoria:
1943 2586 1986 2652 de
2008 2587 2096 2671 pede

253 2743 322 2808 line
346 2743 407 2808 bia
431 2743 607 2829 antiqua,
633 2743 784 2828 indeque
808 2761 929 2829 passos
952 2742 1238 2828 quinquaginta:
1270 2762 1292 2808 6
1322 2758 1405 2826 6616
1428 2739 1692 2826 septemtrionis
1716 2740 1786 2806 fine
1811 2740 1923 2825 ipsius
1946 2737 2097 2806 ecclesie

250 2892 341 2976 quod
365 2893 411 2959 ad
436 2895 697 2979 pastenandum
721 2895 852 2962 retinet
875 2895 968 2962 maio
992 2895 1087 2961 lilius
1112 2892 1280 2979 iaquinti‚
1305 2896 1341 2960 61
1365 2892 1448 2959 inde
1463 2910 1584 2978 passos
1600 2897 1744 2959 centum
1760 2891 2025 2978 quadraginta:
2052 2896 2096 2962 de

247 3065 337 3131 capu
361 3046 432 3114 line
456 3047 613 3133 predicte
637 3050 806 3134 66616616,
832 3049 915 3117 iude
938 3067 1059 3136 passos
1082 3047 1326 3134 quadraginta
1349 3047 1441 3113 duo:
1468 3067 1489 3114 a
1514 3045 1661 3112 meridie
1687 3046 1855 3112 similiter
1882 3044 1954 3114 flue
1979 3047 2096 3134 ipsius

247 3197 404 3286 ecclesie,
430 3197 511 3268 inde
536 3219 657 3286 passos
680 3207 824 3270 centum
848 3201 1105 3289 quadraginta,
1129 3205 1242 3268 totum
1266 3200 1310 3267 ad
1334 3199 1427 3267 iusto
1450 3218 1607 3285 passum.
1633 3219 1672 3266 66
1697 3217 1779 3265 vero
1803 3200 2011 3286 supradicta
2037 3222 2096 3270 re-

248 3351 334 3436 buS,
359 3352 517 3436 qualiter
540 3353 705 3439 superius
728 3355 812 3420 finis
835 3355 946 3440 posite
969 3357 1053 3420 sunt
1076 3359 1110 3422 61
1134 3354 1316 3420 mensoria
1338 3353 1417 3438 ipsa
1440 3353 1637 3439 percurrit,
1663 3357 1776 3420 totum
1799 3359 1835 3421 et
1858 3354 2022 3422 inclitum
2048 3355 2095 3420 il-

247 3505 297 3570 lut
322 3523 445 3571 eorum
469 3506 515 3573 ad
540 3506 770 3575 laborandum
801 3512 837 3573 et
867 3507 1075 3575 cultandum
1107 3507 1342 3574 tradidimus:
1375 3505 1415 3572 in
1445 3507 1551 3573 simul
1576 3512 1611 3574 61
1635 3506 1849 3576 tradidimus
1873 3527 1995 3576 eorum
2019 3529 2092 3578 una

246 3656 344 3741 pecia
368 3657 411 3724 de
434 3663 533 3726 terra
557 3659 678 3744 ibique
702 3658 876 3727 coniunta
901 3677 981 3724 cum
1005 3660 1183 3744 aliquanti
1209 3659 1399 3729 arboribus
1424 3659 1530 3727 bitati
1561 3677 1624 3745 per
1648 3679 1687 3728 66
1711 3662 1793 3728 finis
1817 3667 1852 3729 et
1884 3665 2089 3733 mensuria:

245 3829 267 3877 a
294 3829 378 3895 pars
401 3810 550 3878 orientis
573 3813 644 3878 fine
668 3811 781 3898 ipsius
803 3811 974 3896 ecclesie,
1000 3811 1082 3878 inde
1105 3811 1200 3897 passi
1224 3816 1325 3878 octo:
1358 3834 1381 3881 a
1403 3829 1486 3898 pars
1510 3812 1660 3883 meridie
1690 3813 1855 3881 similiter
1886 3815 1957 3882 flue
1981 3819 2094 3904 ipsius

245 3963 406 4048 66616616,
433 3962 516 4030 inde
541 3965 638 4050 passi
660 3964 867 4050 octoaginta
891 3983 978 4031 sex:
1005 3985 1027 4032 a
1050 3981 1134 4050 pars
1157 3964 1350 4032 occidentis
1374 3965 1538 4033 similiter
1563 3966 1633 4034 fine
1658 3965 1770 4053 ipsius
1786 3968 1949 4052 ecclesie,
1973 3953 2093 4054 passos

244 4117 473 4202 septuaginta
497 4118 697 4203 quadtuor;
730 4121 766 4185 et
798 4113 840 4184 de
871 4115 945 4186 alia
967 4120 1068 4203 parte
1100 4118 1267 4187 similiter
1291 4121 1362 4186 fine
1386 4120 1498 4206 ipsius
1521 4120 1681 4207 ecclesie,
1709 4139 1830 4207 passos
1859 4121 2092 4208 septuaginta

244 4268 445 4353 quadtu0r3
480 4271 584 4338 etde
617 4270 690 4338 alia
719 4276 821 4356 parte
851 4269 1017 4338 similiter
1047 4270 1117 4338 dne
1148 4271 1260 4355 ipsius
1291 4273 1462 4357 ecclesie,
1493 4275 1575 4342 inde
1599 4275 1692 4359 66661
1719 4271 1951 4358 octoaginta,
1975 4278 2089 4340 totum

243 4429 488 4493 mensuratum
512 4426 557 4493 ad
581 4425 784 4512 supradicto
807 4445 964 4512 passum.
990 4415 1097 4510 lstut,
1122 4424 1215 4492 sicut
1239 4425 1421 4511 diximus,
1445 4443 1567 4492 eorum
1591 4425 1806 4492 tradidimus
1831 4426 1877 4493 ad
1901 4429 2092 4510 6661611611-

247 4577 349 4664 dum,
375 4579 436 4646 ubi
460 4578 652 4665 meruerit,
677 4581 819 4647 arbores
843 4583 880 4646 et
903 4578 994 4648 bites
1018 4578 1143 4646 amodo
1166 4583 1201 4646 et
1224 4597 1336 4665 usque
1360 4598 1424 4646 sex
1448 4579 1536 4646 anni
1560 4579 1749 4665 completi;
1780 4583 1817 4646 et
1840 4583 2014 4665 quantum
2037 4581 2094 4648 bi-

245 4737 342 4800 ctum
366 4739 402 4802 et
428 4735 591 4820 quicquit
614 4735 747 4804 exinde
769 4735 894 4802 tollere
918 4737 973 4803 vel
996 4738 1103 4804 abere
1126 4735 1309 4820 potuerint
1332 4733 1456 4803 amodo
1480 4738 1516 4801 et
1538 4751 1649 4819 usque
1666 4733 1735 4821 ipsi
1752 4751 1816 4801 sex
1832 4733 1920 4801 anni
1938 4735 2092 4820 comple-

246 4882 289 4970 ti,
312 4888 427 4952 totum
451 4885 534 4953 illut
557 4885 627 4952 sibi
651 4889 825 4972 aberent,
848 4887 884 4951 61
906 4885 1043 4954 nullam
1067 4887 1150 4954 inde
1175 4886 1213 4954 in
1237 4905 1321 4972 pars
1346 4885 1457 4973 ipsius
1484 4884 1631 4954 66616616
1655 4884 1787 4970 deant,
1812 4889 1848 4952 et
1871 4887 1949 4972 ipsa
1972 4888 2092 4971 priore

242 5044 354 5124 curte,
380 5039 474 5124 quod
497 5043 662 5126 superius
685 5059 808 5108 eorum
830 5039 1058 5126 tradidimus,
1082 5042 1143 5127 qui
1167 5044 1222 5107 est
1244 5045 1343 5108 terra
1365 5058 1446 5106 cum
1471 5042 1616 5107 arbusto
1633 5059 1714 5108 cum
1730 5039 1958 5125 aliquantum
1982 5044 2090 5110 bacu-

242 5213 313 5280 um,
339 5194 465 5261 amodo
488 5199 524 5263 61
547 5215 685 5282 semper
711 5195 823 5265 licead
848 5194 920 5261 illis
944 5200 980 5262 61
1003 5193 1144 5261 illorum
1168 5194 1289 5262 eredes
1313 5193 1394 5263 illut
1416 5200 1540 5263 tenere
1564 5199 1601 5264 et
1624 5195 1830 5281 dominare,
1854 5202 1890 5265 61
1913 5217 1997 5266 6666
2020 5201 2089 5266 lin-

242 5347 361 5432 6111116
386 5347 519 5416 ibidem
543 5350 674 5436 166616,
697 5353 733 5417 61
756 5347 886 5416 ibidem
911 5347 1066 5416 residere
1090 5351 1126 5415 61
1148 5347 1301 5436 abitare,
1325 5354 1363 5418 61
1386 5351 1501 5417 omnis
1524 5367 1592 5416 sua
1616 5348 1773 5418 utilitate
1797 5351 1892 5419 iusta
1914 5353 2090 5421 rationem

240 5497 374 5566 ibidem
399 5501 531 5588 facere,
556 5506 592 5569 61
615 5502 709 5568 abtis
731 5499 950 5586 temporibus
974 5503 1087 5568 totum
1111 5500 1185 5586 ipso
1208 5504 1393 5570 arbustum
1418 5504 1624 5571 laborarent
1647 5507 1683 5570 61
1707 5503 1886 5573 cultarent
1909 5503 1952 5571 de
1976 5523 2082 5591 super

134 5639 136 5642 ’
243 5655 277 5720 61
300 5653 343 5722 de
367 5656 504 5742 subter,
529 5656 622 5722 sicut
644 5655 741 5722 locus
764 5653 838 5740 ipse
861 5653 1047 5741 meruerit,
1070 5659 1247 5742 quatenus
1269 5655 1441 5741 proficiad
1463 5661 1499 5726 et
1515 5675 1586 5726 non
1604 5659 1802 5744 disperead,
1818 5663 1854 5726 61
1870 5659 1933 5726 ubi
1949 5677 2088 5729 merue-

239 5806 311 5895 rit,
335 5807 434 5877 inlra
457 5811 570 5877 totum
595 5809 673 5896 ipso
697 5809 882 5877 arbustum
905 5825 985 5874 cum
1009 5811 1122 5877 totum
1147 5809 1222 5894 ipso
1246 5811 1411 5879 bacibum
1435 5815 1581 5881 arbores
1603 5817 1640 5880 61
1670 5813 1760 5881 bites
1791 5814 2025 5900 plantarent,
2050 5819 2086 5882 61
