5318 7102
640 541 687 612 52
1341 540 1705 613 CAPII'ULARIA

589 760 894 836 Consideravimus
919 756 1024 838 etiam
1042 767 1064 860 ¹)
1085 761 1268 834 castaldeis
1295 763 1422 836 nostris
1440 762 1548 836 curtis
1566 772 1701 835 nostras
1727 761 1988 859 providentibus
2006 763 2034 834 si
2054 763 2171 859 propio
2197 786 2315 835 eorum
2334 767 2437 860 pretio

638 922 667 993 si
694 945 750 994 res
775 923 936 1009 emerint,
965 931 1024 995 aut
1050 921 1204 1017 quolibet
1231 923 1362 995 iustum
1389 946 1428 994 ac
1445 930 1628 994 tractatum
1656 922 1891 1018 acquisierint,
1921 925 2011 996 sicut
2037 924 2091 994 lex
2119 924 2195 995 illas
2221 923 2263 995 ad
2289 932 2433 997 nostram

641 1089 773 1176 partem
791 1083 964 1170 concedit,
992 1082 1041 1156 lta
1067 1090 1188 1154 noscat
1215 1082 1284 1154 illis
1301 1085 1324 1176 ²)
1344 1081 1581 1166 concedimus,
1598 1081 1679 1151 dum
1706 1081 1742 1150 in
1769 1080 1949 1152 servitium
1968 1091 2125 1153 nostrum
2144 1079 2254 1152 fidelis
2274 1082 2437 1154 iuventuti

638 1243 823 1341 mmmm

587 1562 631 1623 lu
655 1563 814 1626 NOMINE
838 1564 986 1627 DOMINI
1008 1565 1132 1628 INCIP.
1159 1565 1367 1628 CAPITULA
1390 1563 1500 1638 QUOD
1523 1563 1691 1626 DOMNUS
1719 1560 1954 1624 LOTHARIUS
1978 1561 2220 1626 INPERATOR
2246 1563 2436 1626 TEMPORE

802 1710 974 1772 EUGENII
998 1711 1104 1773 ΡΑΡΕ
1128 1709 1337 1772 INSTITUIT
1360 1709 1414 1770 AD
1437 1707 1658 1770 LIMINARIA
1682 1707 1808 1769 BEATI
1831 1707 1955 1770 PETRI
1985 1709 2185 1771 APOSTOLI
2206 1707 2230 1788 ⁸)

1247 2017 1623 2112 LOTTHARIUS
1654 2017 1778 2110 REX

463 2415 466 2422 ,
585 2364 765 2450 Volumus,
796 2371 834 2434 ut
860 2362 1007 2458 singulis
1034 2362 1222 2436 comitibus
1249 2362 1312 2434 lrac
1340 2364 1558 2436 districtione
1584 2371 1767 2436 teneantur
1795 2362 1885 2433 inter
1902 2383 1961 2433 cos
1979 2362 2038 2455 qui
2057 2385 2138 2434 cum
2157 2361 2207 2432 cis
2226 2361 2437 2434 introierunt

518 2523 523 2530 ’
635 2525 671 2595 in
699 2524 847 2610 corsica,
877 2523 931 2594 rel
960 2545 1139 2596 remanere
1176 2523 1314 2596 debent.

587 2683 631 2754 Ut
657 2682 811 2755 domnici
838 2682 979 2755 bassalli
998 2685 1057 2777 qui
1072 2684 1214 2756 castaldi
1242 2693 1336 2769 suut,
1358 2685 1532 2756 innostro
1559 2685 1685 2778 placito
1711 2685 1910 2777 frequenter
1936 2681 2105 2768 serviunt,
2134 2681 2319 2768 VolumuS,
2337 2690 2374 2754 ut
2391 2705 2441 2753 re-

630 2851 793 2914 maneant
818 2867 938 2916 eorum
965 2843 1123 2916 homines
1150 2867 1236 2937 quos
1262 2854 1341 2917 ante
1368 2843 1574 2930 habuerunt,
1602 2851 1739 2938 propter
1765 2841 1828 2914 hac
1855 2841 2075 2914 occasionem
2101 2842 2133 2911 ci
2160 2863 2196 2912 sc
2223 2842 2441 2914 commenda-

633 2981 770 3089 verunt,
801 3026 880 3074 cum
906 3026 1028 3075 eorum
1054 3002 1249 3074 senioribus
1275 3011 1488 3089 remaneant,
1517 3003 1679 3076 volumus
1714 3003 1804 3074 scire
1832 3001 1891 3095 qui
1918 3001 1987 3074 sint
2013 3009 2047 3072 et
2073 2999 2184 3072 adhuc
2217 3001 2439 3072 considerare

632 3159 794 3232 uolumus
820 3161 897 3252 quis
916 3169 983 3244 eat,
1005 3169 1063 3232 aut
1077 3160 1155 3253 quis
1174 3168 1387 3232 remaneant.
1408 3160 1461 3230 llli
1489 3183 1569 3233 vcro
1588 3160 1647 3255 qui
1665 3159 1833 3232 beneficia
1851 3167 1970 3233 nostra
1986 3157 2112 3231 habent
2130 3168 2164 3230 ct
2182 3159 2266 3230 loris
2285 3170 2436 3247 manent,

635 3317 808 3406 volumus,
839 3327 876 3390 ut
902 3329 991 3390 cant.

584 3477 747 3548 Homines
773 3500 855 3550 vero
882 3482 1135 3573 episcoporum,
1165 3504 1225 3551 seu
1252 3479 1466 3566 abbatorum,
1488 3481 1596 3573 etqui
1625 3479 1709 3550 soris
1737 3487 1865 3564 manet,
1895 3480 2077 3566 Volumus,
2099 3489 2136 3552 ut
2154 3503 2233 3550 cum
2253 3479 2438 3552 comitibus

585 3740 793 3748 ——-.-———-
800 3743 890 3748 -.-.-..,
900 3743 1027 3750 -—-—-.

626 3951 649 4032 ¹)
671 3952 790 4013 Invece
815 3949 848 4010 di
872 3949 1156 4016 consideravimus
1179 3951 1289 4024 ettam,
1316 3949 1338 4010 il
1363 3950 1445 4011 Mur.
1471 3952 1524 4011 ha:
1549 3951 1757 4016 concedimus
1780 3951 1890 4014 etiam.

622 4090 647 4178 ²)
669 4097 696 4157 11
720 4104 805 4159 testo
828 4097 1050 4160 Muratoriano
1074 4099 1128 4159 ha:
1152 4097 1200 4161 ita
1221 4113 1279 4161 nos
1302 4113 1357 4162 eas
1373 4096 1441 4161 illis
1458 4097 1663 4162 concedimus
1687 4119 1704 4161 6
1729 4117 1793 4159 non
1816 4097 2140 4179 l'inccmprensibile
2162 4098 2213 4162 lta
2234 4106 2356 4164 noscat
2375 4099 2440 4164 illis

580 4243 788 4309 concedimus
812 4245 866 4307 del
890 4247 1009 4309 Codice
1035 4249 1194 4310 Carense.

622 4391 752 4470 31Μ111.
777 4392 919 4455 LXXIII.

622 4539 646 4620 ⁴)
672 4540 797 4612 Questa
819 4540 966 4612 rubrica,
992 4541 1054 4603 che
1071 4540 1094 4601 11
1110 4542 1206 4603 Pertz
1231 4540 1361 4602 chiama
1382 4546 1539 4602 scorrctto
1554 4540 1769 4619 soprascrtua
1788 4539 1860 4620 (mit
1876 4539 1937 4601 her
1953 4539 2169 4618 unricbtigeu
2184 4541 2439 4621 Ueberschrist)

580 4687 608 4747 si
635 4685 730 4763 legge
756 4686 786 4746 al
810 4686 912 4762 foglio
934 4688 1109 4750 11016116
1131 4690 1213 4768 dopo
1237 4687 1260 4746 il
1284 4685 1504 4749 decimoterzo
1527 4685 1610 4763 rigo.
1636 4685 1662 4744 Il
1687 4684 1789 4764 foglio
1812 4691 1988 4762 seguente,
2014 4687 2086 4748 aiod
2111 4685 2133 4747 il
2157 4687 2215 4749 241
2240 4696 2342 4761 recto,
2367 4707 2440 4770 pre-

580 4836 677 4893 senta
699 4837 919 4892 nuovamente
943 4832 975 4891 la
994 4833 1103 4916 ligura
1126 4831 1157 4892 di
1181 4832 1323 4902 Lotario,
1349 4849 1402 4892 ma
1425 4848 1442 4890 a
1465 4829 1590 4892 cavallo
1615 4849 1676 4890 con
1700 4831 1734 4889 in
1758 4847 1837 4909 capo
1860 4829 1893 4889 la
1908 4849 2029 4893 corona
2046 4850 2064 4891 e
2081 4851 2142 4893 con
2165 4851 2210 4891 un
2233 4839 2326 4895 corto
2350 4853 2439 4895 man-

579 4977 660 5040 tello
695 4979 835 5040 fermato
870 4998 930 5040 con
963 4977 1048 5039 nodo
1078 4977 1277 5040 sull’omero
1311 4977 1434 5050 destr0,
1466 4977 1676 5057 ependente
1708 4978 1815 5038 dietro
1838 4978 1870 5038 le
1894 4976 2012 5058 spalle.
2038 4981 2171 5057 Stringe
2202 4999 2263 5042 ccn
2286 4980 2320 5042 la
2343 5000 2438 5044 mano

581 5125 721 5186 sinistra
743 5126 774 5187 1ο
798 5132 921 5187 scettro
945 5127 986 5188 ed
1010 5125 1039 5186 al
1064 5125 1188 5188 cavallo
1212 5125 1245 5186 la
1266 5125 1399 5202 briglia,
1419 5089 1556 5186 'mentre
1582 5143 1643 5187 con
1666 5124 1698 5184 la
1721 5123 1833 5185 destra
1855 5125 1946 5185 tiene
1969 5145 2030 5206 per
2053 5124 2153 5204 lunga
2175 5127 2275 5189 corda
2297 5129 2329 5190 al
2345 5131 2440 5207 guin-

581 5269 686 5348 zaglio
708 5291 753 5331 un
776 5290 858 5334 cane
883 5273 916 5333 di
940 5272 1030 5335 color
1051 5274 1218 5343 turchino,
1245 5273 1306 5334 clre
1331 5274 1471 5350 insegne
1490 5291 1507 5330 a
1523 5277 1607 5332 tutta
1630 5290 1726 5334 corsa
1748 5291 1792 5332 un
1817 5290 1914 5334 cervo
1932 5271 1965 5331 di
1988 5271 2077 5350 pelle
2102 5290 2205 5334 rossa.
2231 5274 2298 5336 Con
2314 5275 2436 5338 lettere

580 5418 701 5480 onciali
725 5418 838 5480 binate
862 5421 891 5481 si
914 5419 1010 5500 legge
1036 5422 1070 5481 in
1094 5420 1177 5480 altro
1201 5419 1317 5482 scritto
1342 5420 1366 5480 il
1390 5439 1485 5481 nome
1511 5419 1541 5479 di
1568 5420 1699 5481 Lutario
1723 5421 1784 5481 Re.
1810 5423 1895 5484 Poco
1919 5439 2077 5502 appresso
2101 5421 2131 5481 al
2154 5423 2202 5484 Re
2225 5425 2254 5483 si
2277 5425 2361 5486 rede
2389 5445 2439 5487 ca-

577 5567 709 5627 valcare
734 5586 799 5626 una
822 5575 931 5629 scorta
954 5573 1070 5628 arente
1095 5567 1201 5629 dietro
1218 5567 1282 5628 alle
1307 5567 1413 5647 spalle
1437 5586 1502 5628 una
1519 5573 1669 5629 cornetta
1685 5569 1903 5630 svolazzante.
1921 5570 2103 5632 Brandisce
2126 5588 2192 5630 una
2215 5571 2324 5634 lancia
2348 5570 2436 5632 nella

578 5733 673 5774 mano
697 5714 825 5786 destra,
852 5734 869 5774 e
894 5733 954 5775 con
978 5714 1009 5775 la
1032 5715 1168 5776 sinistra
1191 5715 1281 5775 tiene
1314 5716 1513 5775 fortemente
1539 5715 1573 5774 in
1596 5715 1693 5775 freno
1716 5715 1740 5774 il
1764 5715 1901 5778 casallo.
1937 5713 1999 5778 Nel
2029 5717 2125 5777 basso
2148 5716 2236 5778 della
2257 5718 2433 5798 pagina,c

578 5861 825 5940 propriamente
851 5861 939 5941 negli
964 5861 1073 5922 ultimi
1097 5863 1218 5940 cinque
1242 5861 1328 5938 riglri
1353 5861 1509 5922 continua
1533 5860 1563 5920 la
1587 5861 1744 5928 scribtura
1768 5861 1822 5923 dei
1848 5863 2034 5943 capitulari.
2059 5862 2141 5925 Vcdi
2166 5863 2358 5927 fac-slmile.
