5310 7080
631 551 674 615 72
1270 551 1444 622 oobnx
1478 551 1744 624 CAVENSIS

590 767 760 858 iohanni,
783 791 826 840 eo
849 773 940 858 quod
963 777 1046 841 ante
1069 773 1262 842 subscribti
1295 778 1402 843 testes
1427 793 1489 862 per
1513 780 1605 848 bona
1628 777 1889 846 combenientia
1922 777 2070 844 tradidit
2095 776 2183 843 mihi
2208 776 2355 843 iannaoi
2379 795 2439 846 ca·

587 923 725 991 staidus
749 925 845 992 filius
868 926 1046 1011 quondam
1070 926 1147 993 ursi
1171 927 1248 994 bico
1272 933 1389 996 suaet
1412 930 1488 998 vice
1511 951 1623 1017 grusu
1647 933 1822 1018 genitrice
1849 951 1915 1000 sua
1937 931 2064 1000 inclita
2088 931 2280 997 sortionem
2304 935 2340 996 et
2356 930 2432 999 bice

475 1115 478 1122 -
587 1075 728 1142 illorum
751 1080 788 1144 et
811 1077 1080 1166 pertinenti-am,
1097 1099 1203 1164 quam
1221 1081 1293 1147 illis
1309 1084 1417 1150 abent
1433 1081 1471 1148 in
1485 1082 1634 1151 ecclesia
1660 1081 1802 1150 illorum
1826 1082 2047 1167 pertinentes
2072 1081 2283 1149 bocabulum
2306 1083 2431 1148 sancte

586 1227 643 1293 dei
668 1227 855 1313 genitricis
878 1231 991 1298 marie
1007 1235 1043 1298 et
1060 1231 1174 1299 sancti
1201 1232 1348 1314 iohanni
1374 1231 1537 1318 apostoli,
1554 1233 1615 1317 qui
1633 1233 1838 1299 constructa
1854 1235 1909 1298 est
1925 1231 1963 1296 in
1980 1232 2085 1297 rebus
2101 1229 2245 1295 illorum
2261 1228 2303 1295 de
2319 1228 2432 1293 locum

587 1379 713 1463 beteri,
729 1397 810 1446 cum
826 1380 920 1448 casis
935 1380 1092 1465 qualiter
1107 1381 1208 1450 modo
1220 1384 1318 1469 sunt,
1331 1385 1366 1448 et
1382 1401 1461 1448 cum
1478 1383 1593 1449 omnis
1609 1384 1716 1449 rebus
1731 1386 1766 1449 et
1784 1400 1931 1449 causam
1947 1381 2056 1466 ipsius
2071 1380 2243 1448 hecclesie
2256 1380 2437 1465 pertinen-

587 1538 638 1603 tes
661 1540 697 1602 et
722 1557 804 1602 cum
827 1555 936 1605 causa
960 1536 1106 1605 mobilia
1122 1537 1165 1605 de
1178 1539 1256 1624 ipsa
1268 1537 1444 1606 hecclesia
1456 1535 1689 1623 pertinentes,
1706 1537 1770 1601 hoc
1786 1539 1882 1622 sunt,
1900 1537 2037 1602 hunum
2053 1533 2144 1603 liber
2160 1534 2288 1602 comite
2302 1536 2434 1618 betere,

588 1690 624 1754 et
639 1685 752 1754 alium
769 1687 859 1754 liber
875 1689 1001 1755 comite
1018 1690 1162 1774 nobum,
1179 1693 1214 1756 et
1229 1708 1303 1756 una
1317 1688 1458 1775 omelia,
1482 1686 1750 1775 quaddraginta
1765 1692 1800 1754 et
1818 1707 1927 1755 unum
1943 1691 2088 1774 gestaru
2104 1691 2238 1774 petere,
2262 1692 2298 1754 et
2323 1705 2431 1753 unum

589 1839 892 1926 ontephanarium
908 1839 951 1908 de
974 1843 1076 1909 nocte
1099 1842 1218 1907 betere
1241 1841 1319 1907 sine
1342 1845 1440 1927 uoto,
1456 1844 1492 1907 et
1509 1860 1620 1908 unum
1636 1839 1807 1927 spalteriu
1832 1843 1964 1926 betere,
1982 1845 2018 1908 et
2033 1841 2176 1927 planete
2201 1839 2243 1906 de
2259 1838 2337 1907 linu
2355 1839 2436 1924 due,

587 1998 622 2060 et
645 2011 718 2061 una
742 1993 887 2079 planeta
900 1993 943 2060 de
967 1993 1092 2080 sirion,
1116 1991 1288 2062 ammicta
1311 1994 1396 2080 dua,
1420 1995 1517 2062 orari
1533 1993 1608 2080 dui,
1624 1994 1736 2062 calice
1752 1993 1794 2060 de
1807 1998 1924 2060 stamu
1940 1993 1966 2074 ¹)
1981 1992 2063 2078 duo,
2081 1996 2117 2060 et
2133 2011 2207 2060 una
2222 1995 2374 2079 pectene
2397 1991 2438 2058 de

587 2149 707 2215 stamu
722 2153 757 2215 et
774 2148 848 2217 alia
861 2149 904 2216 dc
921 2147 1061 2234 lingnu,
1079 2146 1222 2215 manule
1239 2166 1314 2213 unu
1330 2145 1515 2233 intaliatu,
1532 2145 1668 2213 cortine
1684 2146 1766 2233 due,
1784 2144 1949 2214 sindones
1965 2143 2143 2230 undecim,
2160 2143 2312 2231 pannilli
2330 2144 2433 2212 serici

590 2299 722 2383 decem,
739 2317 851 2365 unum
867 2296 1080 2365 crucifixum
1095 2297 1138 2364 de
1154 2296 1292 2383 lignum
1308 2301 1344 2364 et
1361 2315 1434 2364 una
1450 2315 1554 2363 cruce
1571 2296 1613 2363 de
1629 2314 1743 2381 rame,
1759 2313 1848 2364 cona
1864 2314 1949 2381 una,
1966 2295 2101 2362 duobus
2119 2295 2211 2362 becti
2227 2295 2253 2378 ²)
2268 2295 2311 2361 de
2328 2295 2439 2382 serru,

591 2455 627 2519 et
643 2450 715 2520 dua
731 2450 894 2535 tiribula,
911 2451 947 2517 et
962 2446 1144 2516 candelari
1160 2447 1202 2514 de
1218 2465 1318 2516 rame
1332 2450 1406 2515 tres
1422 2452 1457 2515 et
1468 2447 1539 2517 alie
1555 2449 1672 2515 tribus
1697 2466 1797 2532 cono;
1822 2449 1918 2515 doec
1934 2448 2139 2534 omniaque
2156 2466 2265 2533 supra
2289 2447 2435 2534 legitur,

589 2607 627 2669 et
643 2601 686 2669 de
703 2601 864 2688 predicta
880 2601 1030 2669 ecclesia
1053 2606 1089 2668 et
1111 2601 1155 2669 de
1178 2602 1293 2668 omnis
1309 2602 1414 2668 rebus
1430 2600 1555 2668 stabile
1572 2606 1607 2669 et
1623 2599 1749 2668 mobile
1766 2597 1876 2685 ipsius
1884 2599 2056 2667 hecclesie
2072 2599 2293 2686 pertinentes
2309 2599 2435 2666 inclita

588 2755 744 2823 sortione
769 2773 833 2823 sua
858 2759 893 2822 et
916 2753 1027 2840 ipsius
1043 2755 1230 2841 genitricis
1244 2771 1321 2839 sue,
1338 2758 1373 2821 et
1388 2753 1493 2838 quale
1511 2751 1624 2820 bicem
1639 2756 1674 2819 et
1688 2753 1907 2838 pertinentia
1922 2753 1998 2820 hibi
2010 2755 2105 2820 bunt
2122 2758 2150 2834 ³)
2171 2759 2206 2821 et
2222 2757 2440 2836 habuerunt,

594 2905 648 2972 vel
672 2906 861 2992 abuerint,
886 2904 975 2972 mihi
998 2904 1153 2991 tradidi;
1178 2926 1286 2992 quam
1308 2910 1344 2973 et
1367 2904 1516 2973 tradidit
1540 2904 1630 2971 mihi
1655 2906 1762 2970 rebus
1786 2905 1825 2971 in
1849 2903 1924 2990 ipso
1956 2903 2069 2970 locum
2108 2907 2218 2972 beteri
2250 2907 2343 2992 quod
2367 2907 2439 2992 ipse

591 3059 737 3129 iannaci
760 3059 796 3124 et
820 3057 897 3143 ipsa
920 3057 1095 3143 genitrice
1119 3058 1244 3124 suain
1268 3057 1392 3124 eadem
1416 3056 1565 3124 ecclesia
1589 3056 1826 3141 offeruerunt,
1851 3059 1891 3123 ut
1914 3057 1966 3122 sic
1991 3057 2143 3125 manead
2167 3059 2273 3125 rebus
2297 3058 2436 3144 ipsein

591 3211 668 3297 ipsa
691 3208 880 3295 hecclesia,
905 3210 998 3277 sicut
1021 3209 1178 3278 continet
1203 3208 1349 3277 scribtio
1372 3209 1567 3276 offertionis
1591 3208 1684 3294 quod
1700 3207 1773 3276 illis
1790 3211 1916 3294 abunt,
1940 3207 2097 3293 qualiter
2114 3210 2196 3276 illut
2212 3211 2250 3276 in
2267 3210 2345 3296 ipsa
2360 3213 2439 3280 hec-

590 3361 701 3430 closia
725 3361 955 3429 offeruerunt.
980 3358 1058 3428 Tali
1083 3358 1206 3426 ordine
1230 3357 1311 3426 illut
1335 3359 1423 3426 mihi
1448 3359 1618 3447 tradidit,
1643 3364 1683 3428 ut
1717 3360 1842 3429 amodo
1864 3363 1901 3428 et
1925 3361 2050 3430 diebus
2081 3363 2154 3430 bite
2178 3380 2253 3429 mee
2278 3363 2439 3432 inclitum

588 3516 673 3582 illut
697 3520 815 3583 nostre
840 3514 1022 3600 potestatis
1045 3517 1231 3582 teneamus
1255 3515 1290 3580 et
1314 3512 1548 3599 dominemus,
1566 3517 1602 3582 et
1619 3513 1656 3580 in
1673 3514 1772 3583 cellis
1798 3513 1873 3601 ipse
1888 3518 1925 3583 et
1940 3518 2033 3583 casis
2057 3517 2213 3585 residere
2228 3517 2271 3585 ed
2287 3519 2438 3608 abitare,

590 3673 627 3737 et
652 3668 689 3734 in
716 3667 792 3751 ipsa
816 3665 991 3734 hecclesia
1014 3665 1071 3732 die
1095 3669 1271 3751 noctuque
1294 3665 1486 3733 offlciemus
1509 3670 1545 3732 et
1567 3667 1725 3736 officiare
1749 3667 1936 3756 saciamuS,
1954 3670 2046 3736 sicut
2060 3670 2161 3738 decet
2176 3673 2352 3756 presbiter
2372 3672 2437 3738 bil·

593 3823 711 3908 lanuS,
735 3825 771 3888 et
793 3821 899 3888 rebus
923 3819 1000 3906 ipsa
1024 3820 1224 3898 laboremus
1247 3818 1351 3886 etad
1375 3817 1609 3886 laborandum
1632 3820 1767 3907 demus,
1792 3826 1833 3889 ut
1855 3821 2044 3908 proficiant
2067 3827 2103 3890 et
2124 3841 2196 3892 non
2219 3824 2434 3912 dispereant;

590 3980 627 4044 et
650 3973 765 4042 omnis
788 3973 926 4059 binum,
951 3977 987 4042 et
1009 3974 1170 4060 frugem,
1195 3975 1231 4040 et
1252 3971 1397 4060 offerta,
1419 3977 1455 4040 et
1477 3973 1694 4059 notationes,
1717 3991 1780 4040 seu
1802 3973 2005 4062 sepultura,
2029 3978 2122 4063 quod
2147 3977 2230 4046 inde
2253 3978 2377 4049 tollere
2401 3986 2435 4047 et

590 4130 699 4196 abere
722 4126 955 4213 potuerimus,
979 4129 1091 4192 totum
1115 4124 1196 4192 illut
1218 4123 1321 4191 nobis
1344 4126 1526 4209 abeamus
1550 4123 1753 4192 faciendum
1776 4126 1868 4211 quod
1893 4091 2121 4217 boluerimuS,
2145 4134 2181 4196 et
2197 4149 2265 4216 que
2281 4146 2345 4216 per
2363 4129 2434 4196 illis

589 4281 644 4348 vel
668 4299 730 4366 per
754 4277 837 4346 aliis
861 4278 899 4345 in
923 4277 1047 4350 eadem
1070 4276 1220 4346 ecclesia
1243 4277 1369 4346 datum
1385 4275 1439 4343 vel
1455 4275 1617 4342 offertum
1631 4274 1954 4363 quomodocumque
1970 4277 2091 4366 fuerit,
2108 4285 2223 4349 totum
2240 4283 2322 4350 illut
2337 4286 2436 4352 nobis

591 4437 773 4519 abeamus3
797 4436 954 4518 tantum,
978 4430 1006 4498 si
1032 4432 1138 4498 rebus
1153 4429 1209 4497 vel
1227 4429 1398 4498 animalia
1414 4429 1510 4518 biba,
1527 4436 1590 4498 aut
1604 4430 1712 4498 talem
1728 4449 1875 4501 causam
1889 4432 1928 4501 in
1946 4433 2023 4521 ipsa
2037 4435 2214 4506 hecclesia
2238 4437 2431 4528 introierit,

594 4587 655 4671 qui
680 4586 867 4673 pertinead
890 4585 935 4654 ad
958 4588 1206 4656 ornamentum
1231 4590 1267 4654 et
1289 4583 1449 4672 regimen
1472 4583 1514 4653 de
1538 4585 1617 4672 ipsa
1640 4587 1829 4673 hecclesia,
1846 4607 1984 4676 semper
2000 4590 2074 4658 sint
2088 4591 2131 4659 de
2146 4591 2225 4680 ipsa
2248 4596 2435 4682 hecclesia,

593 4737 639 4806 ad
662 4755 727 4832 ego
750 4735 830 4805 illut
853 4738 1048 4825 regendum
1070 4743 1106 4806 et
1127 4736 1422 4826 gubernandum,
1449 4737 1540 4804 sicut
1562 4741 1597 4804 et
1621 4739 1696 4823 ipso
1720 4738 1831 4828 aliut,
1855 4743 1891 4808 et
1914 4743 2037 4811 amodo
2061 4749 2097 4814 et
2119 4745 2243 4815 diebus
2268 4750 2340 4817 bite
2364 4771 2437 4820 mee

595 4887 721 4956 inclita
743 4887 949 4973 supradicta
979 4907 1045 4955 sua
1067 4887 1280 4956 tradictione
1304 4885 1364 4954 ille
1387 4890 1423 4954 et
1445 4903 1526 4954 suos
1549 4889 1697 4956 heredes
1720 4892 1823 4959 nobis
1838 4893 2022 4964 defensare
2046 4917 2128 4966 cum
2145 4899 2221 4968 bice
2237 4902 2281 4969 de
2298 4901 2360 4972 bia
2374 4923 2439 4972 sua

594 5039 640 5110 da
664 5042 779 5108 omnis
800 5039 935 5107 omines
957 5040 1121 5125 omnique
1144 5041 1317 5129 panibus„
1334 5045 1370 5110 et
1384 5057 1456 5108 non
1471 5040 1552 5108 illut
1568 5041 1631 5116 ⁴vel
1658 5042 1788 5111 exinde
1814 5043 1915 5113 nobis
1940 5047 2063 5117 tollere
2087 5052 2143 5119 vel
2165 5059 2333 5125 contrane
2356 5076 2439 5144 que-

637 5499 659 5580 ⁴)
680 5501 720 5562 de
741 5507 860 5575 stamu,
885 5501 1018 5566 scilicet
1039 5522 1079 5565 cx
1101 5509 1230 5577 stanno,

636 5647 661 5726 ²)
683 5647 776 5720 beoti,
800 5647 888 5709 idern
912 5664 950 5710 ac
972 5654 1097 5710 vectes.

636 5792 661 5873 ⁸)
683 5793 773 5865 bunt,
798 5811 856 5873 pro
878 5792 1009 5856 habent.
1098 5799 1100 5804 '
