5318 7102
937 583 1103 654 llEGUlll
1136 581 1441 654 FllrlNCtlllUll
1642 576 1644 582 ¹
1829 609 1841 684 '.
2019 586 2061 657 31

306 801 512 895 pagensibus
539 801 624 872 loeis
651 801 746 874 illius
773 811 892 875 notum
919 805 964 876 sit
990 813 1024 876 et
1041 813 1213 900 acceptus.
1245 805 1280 878 Si
1300 829 1381 877 vcro
1400 806 1458 898 qui
1478 805 1717 899 interpellatus
1738 805 1863 894 luerit,
1893 831 1957 880 nec
1983 817 2110 882 aucto-

306 983 391 1042 rem,
421 985 485 1032 nec
512 962 731 1048 testimonia,
768 986 832 1034 neo
859 973 952 1036 carta
978 964 1164 1036 collatione
1192 964 1398 1036 hostendere
1426 965 1578 1058 potuerit
1605 965 1697 1059 ipse,
1735 967 1896 1060 quicum
1930 967 2108 1064 inscripsit

305 1121 518 1192 saecundum
544 1121 658 1214 legem
685 1131 778 1192 carta
805 1121 877 1216 ipsa
904 1123 1027 1194 elalsa
1055 1146 1131 1194 esse
1150 1123 1266 1208 iaciat,
1295 1131 1329 1194 et
1347 1145 1486 1193 serrum
1505 1145 1607 1194 suum
1626 1123 1820 1216 conquirat,
1841 1134 1900 1197 aut
1917 1135 2020 1198 carte
2038 1128 2110 1200 col-

307 1271 433 1350 latione
462 1279 600 1352 vinctus
627 1280 743 1367 suerit,
764 1281 881 1352 etheo
909 1283 999 1376 qued
1025 1281 1175 1354 voluerit
1201 1281 1333 1352 efficere
1359 1305 1427 1352 non
1454 1281 1617 1375 potuerit,
1647 1281 1838 1374 multaque
1858 1285 1891 1354 in
1911 1285 1983 1380 ipsa
2010 1288 2111 1380 igne-

306 1437 408 1508 vitate
436 1440 648 1523 continetur,
678 1447 823 1533 cogatur
849 1439 1010 1510 exolvere
1037 1440 1072 1532 Ι).

252 1596 292 1668 Si
319 1597 395 1690 quis
421 1597 594 1667 seniorem
621 1621 722 1668 suum
749 1597 921 1669 dimittere
949 1598 1097 1670 uoluerit
1123 1605 1156 1668 et
1182 1597 1213 1666 ei
1241 1596 1427 1690 adprovare
1453 1595 1604 1690 potuerit
1631 1595 1763 1666 hunum
1791 1597 1860 1669 reis
1882 1601 2102 1688 criminibus,

304 1755 394 1826 ldesl
419 1755 529 1849 primo
556 1755 717 1849 capitulo.
747 1755 783 1826 Si
810 1757 926 1827 senior
951 1779 1031 1828 eum
1047 1755 1174 1828 iniuste
1189 1755 1223 1825 in
1243 1755 1385 1826 servitio
1404 1756 1558 1851 redigere
1578 1755 1741 1843 veluerit,
1771 1777 1795 1826 Η
1814 1760 1917 1852 capit.
1938 1759 1975 1832 Si
1995 1761 2105 1834 invita
2168 1841 2174 1850 ,

303 1915 335 1986 ei
362 1915 618 2000 consiliaverit,
655 1925 688 1988 el
714 1915 815 1988 homo
843 1916 905 1988 hoc
932 1916 1086 1988 sentiens
1115 1916 1218 1986 liceat
1244 1937 1324 1986 eum
1351 1915 1547 2016 dimittere,
1577 1936 1615 1990 111
1642 1939 1715 2011 cap.
1747 1917 1781 1989 Si
1810 1919 1926 1990 senior
1961 1919 2102 1992 bassalli

301 2077 356 2148 sui
384 2099 525 2148 uxorem
551 2077 808 2161 adulteraverit,
838 2097 889 2146 1111
917 2100 991 2171 cap.
1014 2076 1049 2148 Si
1069 2075 1249 2170 evaginato
1280 2075 1394 2168 gladio
1426 2099 1636 2170 supereum
1665 2074 1892 2164 hoccurrerit,
1923 2078 2107 2150 hoccidere

304 2235 455 2305 uoluerit
481 2235 731 2320 voluntaric,v
758 2259 832 2329 cap.
864 2235 898 2307 Si
927 2235 1043 2305 senior
1071 2233 1207 2304 bassalli
1235 2235 1288 2304 sui
1316 2233 1501 2302 defendere
1530 2233 1668 2326 poterit,
1689 2242 1871 2327 postquam
1899 2237 1971 2330 ipsc
1998 2239 2110 2309 mani-

302 2394 366 2464 bus
392 2395 464 2464 suis
490 2393 797 2478 commendaverit,
827 2404 860 2464 et
888 2417 955 2464 non
983 2393 1100 2478 luerit,
1129 2392 1233 2464 liceat
1257 2392 1444 2466 bassallum
1472 2416 1550 2462 eum
1569 2392 1763 2478 dimittere,
1784 2394 2035 2490 qualecumque
2063 2398 2105 2468 dc

302 2554 354 2625 his
381 2555 532 2648 quinque
559 2555 720 2649 capitulis
746 2557 861 2626 senior
888 2563 1007 2626 contra
1033 2555 1220 2626 bassallum
1248 2577 1348 2624 suum
1376 2553 1636 2646 perpetrauerit,
1668 2552 1772 2624 liceat
1801 2554 1989 2625 bassallum
2022 2581 2102 2627 eum

302 2715 488 2786 dimittere.

253 2893 379 2945 lucrum
406 2893 602 2946 carlruuuu
627 2893 694 2954 oua
720 2895 796 2946 uum
824 2895 981 2947 huuanba
1009 2893 1099 2948 surm
1126 2895 1168 2944 aa
1194 2894 1306 2948 unrlss1
1334 2891 1452 2944 corum
1470 2893 1605 2946 uacuas
1631 2893 1765 2947 euacua
1795 2895 1838 2944 aa
1856 2895 1979 2948 curum
2008 2894 2101 2948 noan

221 2995 224 3000 Ι
301 3052 446 3106 saeuas.

250 3211 423 3266 cheraeus
448 3215 491 3266 DE
519 3214 658 3268 uenena
685 3213 969 3266 alucccncslanunl
995 3196 1031 3288 ²).

247 3351 287 3424 Si
315 3353 392 3444 quis
417 3352 569 3445 qualibet
595 3377 719 3438 causa,
753 3360 811 3422 aut
844 3353 919 3421 sine
953 3374 1057 3422 causa
1083 3350 1259 3421 hominem
1288 3351 1322 3420 in
1349 3350 1518 3420 aecclesia
1551 3348 1746 3420 interficere
1773 3351 1935 3436 voluerit,
1965 3353 2007 3422 de
2036 3355 2105 3425 uita

298 3519 492 3606 componat.
523 3511 558 3582 Si
586 3536 667 3583 vero
696 3511 793 3583 rixati
821 3511 951 3582 luerint
969 3519 1003 3582 et
1021 3535 1130 3581 unum
1149 3511 1294 3581 alterum
1315 3511 1350 3580 in
1370 3510 1540 3582 aecclesia
1562 3511 1716 3604 lugerint
1735 3513 1772 3604 ³),
1789 3511 1836 3582 ibi
1855 3535 1891 3582 se
1911 3512 2103 3582 defenden-

296 3673 378 3745 dum
397 3697 476 3744 eum
496 3673 735 3758 interllccrint,
756 3674 784 3743 si
803 3675 905 3744 huius
931 3675 1010 3744 lacti
1037 3681 1144 3745 testes
1163 3697 1231 3745 uon
1250 3672 1444 3760 habuerint,
1473 3697 1551 3744 cum
1564 3691 1622 3741 ’ΧΗ
1644 3672 1853 3744 iuratoribus
1873 3674 2021 3768 legitimi
2041 3698 2103 3769 per

295 3843 550 3906 sacramentum
569 3834 727 3907 adfirmet
746 3859 781 3906 se
801 3835 1055 3906 defendendum
1074 3855 1152 3904 eum
1172 3831 1440 3904 interfecissent.
1457 3831 1499 3902 Et
1521 3839 1597 3926 post
1615 3833 1678 3902 hec
1696 3851 1737 3902 uc
1756 3832 1886 3903 solides
1905 3833 1945 3903 ad
1967 3841 2098 3928 partem

296 3997 405 4092 ipsius
423 3997 583 4084 ecclesia,
600 4019 701 4088 quam
716 3995 776 4068 illo
795 3997 982 4068 homicidio
1003 3995 1184 4090 polluerat,
1202 4001 1396 4090 componat,
1414 4003 1448 4067 et
1468 3994 1608 4088 insuper
1625 3993 1776 4066 bannum
1795 4002 1953 4066 nostrum
1967 3995 2101 4068 solbere
2196 4065 2198 4069 ,

296 4165 438 4252 cogatur
454 4160 491 4253 ι).
513 4157 572 4228 His
599 4181 681 4228 vero
699 4157 758 4250 qui
778 4156 984 4228 interiectus
1010 4164 1076 4242 est,
1097 4153 1223 4250 absque
1243 4153 1510 4249 compositiones
1529 4153 1649 4238 iaceat,
1670 4151 1734 4224 hac
1753 4153 1879 4225 deinde
1899 4156 2102 4228 interlector

296 4314 488 4385 secundum
515 4315 720 4386 canonicum
748 4314 916 4386 iudicium
943 4337 1132 4408 congruam
1159 4311 1306 4384 facinori
1334 4313 1425 4406 quod
1453 4312 1604 4398 admisit,
1634 4311 1860 4407 penitentiam
1880 4315 2040 4410 accipiat.
2064 4317 2099 4390 Si

289 5011 312 5089 q
333 5011 416 5070 usur.
441 5011 495 5070 vr.

285 5156 308 5235 ²)
331 5157 453 5229 Queste
477 5156 635 5218 rubriche
661 5175 724 5216 non
748 5156 776 5216 si
801 5154 939 5232 leggono
963 5153 1017 5214 nel
1040 5151 1209 5233 Muratori.

284 5301 308 5382 ³)
329 5303 449 5364 Invece
474 5302 506 5362 di
529 5302 558 5365 si
580 5317 659 5364 vere
682 5297 785 5365 rixati
807 5299 934 5364 fuerint
955 5305 990 5362 et
1010 5313 1111 5365 unum
1132 5297 1276 5363 alterum
1298 5297 1331 5360 in
1365 5297 1530 5362 aecclesia
1559 5299 1706 5379 fugerint
1728 5303 1752 5361 il
1775 5301 1857 5363 Mur.
1878 5304 1936 5363 ha:
1961 5303 1994 5365 Si
2016 5323 2098 5370 vero

240 5447 326 5518 foris
348 5447 450 5513 rixati
471 5447 597 5512 luerint
618 5453 652 5510 et
672 5463 756 5512 unus
778 5453 853 5526 post
873 5445 1019 5510 alterum
1039 5444 1167 5523 fugerit
1187 5443 1221 5506 in
1245 5443 1404 5519 Ecclesia,
1429 5451 1464 5509 et
1485 5443 1552 5508 ibi..

283 5596 307 5674 ὅ)
329 5597 373 5656 Le
396 5595 608 5674 parole-ad
630 5601 759 5675 partem
780 5589 882 5673 ipsius
904 5589 1066 5655 ecclesiae
1092 5639 1099 5652 .
1127 5639 1133 5650 .
1158 5638 1168 5664 ,.
1197 5638 1202 5651 .
1227 5591 1357 5656 solbere
1381 5599 1517 5672 cogatur
1549 5595 1577 5654 si
1601 5593 1742 5672 leggono
1766 5614 1857 5658 come
1892 5596 1947 5657 nel
1972 5603 2095 5670 nostro,

238 5745 311 5804 cesi
333 5744 503 5823 puranehe
529 5742 582 5803 nel
607 5741 682 5804 Cod.
708 5743 823 5803 Esten.
840 5741 867 5800 Il
883 5741 966 5802 lllur.
991 5744 1070 5820 perc
1095 5760 1160 5802 non
1183 5739 1213 5800 le
1237 5742 1279 5800 ha
1303 5741 1444 5802 inserite
1469 5741 1523 5803 nel
1548 5761 1607 5804 suo
1630 5749 1726 5815 testo,
1753 5761 1910 5806 masone
1934 5745 2097 5827 riportate

240 5886 335 5949 nella
358 5895 434 5950 nota
455 5891 506 5970 15)
528 5907 601 5969 pag.
626 5889 698 5950 128.
