5310 7080
613 562 660 630 oi
1255 562 1429 636 CODEX
1463 563 1728 637 CAVENSIS

566 787 722 854 scribere
745 788 950 874 rogabimus
973 795 1007 858 te
1025 791 1174 858 roderisi
1197 792 1380 860 notarium
1405 796 1524 860 actum
1546 789 1698 862 salerno.

612 914 642 1030 †
668 943 742 1028 Ego
769 942 829 1027 qni
854 960 962 1027 supra
984 948 1106 1029 petrus
1130 943 1239 1012 iudex

612 1063 642 1177 †
666 1093 740 1178 Ego
761 1092 822 1176 qui
846 1111 954 1178 supra
975 1093 1134 1161 sellictus
1159 1096 1270 1161 abbas

611 1213 641 1328 †
666 1243 741 1328 Ego
763 1243 825 1326 qui
851 1259 960 1328 supra
985 1243 1208 1311 theodericus
1233 1261 1288 1310 me
1313 1241 1505 1327 subscripsi

611 1366 640 1480 †
665 1397 738 1481 Ego
761 1395 978 1462 madelsreda

610 1519 640 1634 †
665 1549 740 1632 Ego
763 1553 884 1632 petrus
908 1565 1034 1614 comes.

1319 2051 1663 2134 DLXXVIII.

1338 2315 1391 2427 a.
1421 2312 1471 2388 o.
1502 2307 1630 2388 1005.

608 2557 643 2694 †
671 2609 709 2671 iu
735 2604 878 2672 nomine
901 2604 1033 2670 domini
1065 2602 1213 2668 sebtimo
1242 2603 1377 2669 docimo
1401 2619 1496 2668 anno
1518 2599 1747 2686 'principatus
1771 2597 1889 2665 domni
1919 2598 2032 2664 nostri
2061 2596 2245 2684 guaimari
2270 2595 2413 2682 gloriosi

565 2757 751 2845 principis,
776 2775 895 2822 mense
920 2756 1123 2836 nobember‚
1139 2757 1268 2838 quarta
1284 2751 1493 2820 indictione.
1522 2752 1807 2819 Memoratorium
1832 2753 1927 2818 factu
1951 2771 1973 2819 a
1996 2771 2051 2816 me
2078 2751 2251 2818 iohannes
2278 2749 2416 2815 sirren·

560 2910 637 2977 tino
662 2910 736 2974 tilio
764 2907 869 2994 petri,
894 2905 955 2992 qui
985 2925 1062 2971 sum
1088 2910 1335 2972 commanente
1363 2904 1401 2969 in
1428 2905 1542 2971 locum
1566 2907 1736 2992 nuceria,
1761 2923 1801 2972 99
1825 2905 1917 2989 quod
1945 2909 2030 2971 ante
2058 2902 2241 2989 presentia
2270 2903 2405 2970 maioni

561 3063 751 3149 presbiteri
776 3067 811 3127 et
834 3059 956 3128 abbati
981 3057 1126 3124 99919919
1151 3057 1266 3123 sancti
1290 3058 1466 3144 maximi,
1493 3060 1555 3143 qui
1583 3063 1689 3128 situm
1714 3021 1766 3128 991
1790 3063 1888 3129 intus
1911 3079 1978 3126 ane
2003 3059 2262 3126 salernitanam
2287 3056 2411 3124 civita-

561 3225 647 3302 tem,
673 3221 709 3282 et
732 3215 851 3299 ibique
876 3216 995 3280 essent
1019 3211 1210 3296 subscripti
1237 3216 1365 3293 testes,
1390 3229 1452 3295 per
1478 3211 1786 3280 demandationem
1812 3213 1921 3298 ipsius
1945 3210 2067 3280 abbati
2093 3212 2137 3278 ad
2162 3211 2354 3277 tenendum
2378 3215 2413 3276 et

562 3368 794 3436 lai-orandum
817 3363 967 3431 tradidit
989 3362 1078 3428 mihi
1102 3365 1222 3446 petrus
1245 3363 1419 3446 presbiter
1443 3368 1477 3428 91
1502 3363 1727 3447 primicerius
1749 3363 1861 3449 ipsius
1877 3364 2022 3431 ecclesie
2039 3362 2100 3448 qui
2118 3367 2176 3428 oto
2194 3362 2316 3446 bocad‚
2343 3378 2413 3428 una

561 3519 719 3586 clusoria
742 3519 784 3584 de
808 3521 907 3584 terra
932 3533 1012 3579 cum
1037 3513 1205 3597 arbustis
1230 3515 1321 3596 quod
1346 3531 1429 3598 pars
1456 3514 1566 3600 ipsius
1588 3515 1733 3582 ecclesie
1757 3519 1839 3583 abet
1863 3517 1900 3581 in
1925 3515 2000 3600 ipso
2024 3516 2136 3581 locum
2161 3515 2323 3599 nuceria,
2351 3510 2410 3578 ubi

564 3675 609 3738 ad
633 3671 866 3740 catacansulu
890 3668 1045 3753 dicitur,
1070 3669 1162 3753 quod
1188 3667 1262 3753 ipse
1283 3651 1407 3752 petrus
1430 3668 1604 3753 presbiter
1629 3673 1664 3735 91
1687 3668 1914 3755 primicerius
1938 3669 2015 3754 ipsa
2048 3667 2207 3735 clusuria
2239 3669 2281 3734 de
2314 3671 2412 3736 terra

564 3844 644 3889 rum
672 3821 829 3890 arbustis
854 3819 892 3886 in
907 3791 1116 3885 beneficium
1134 3816 1269 3886 retinet
1285 3837 1307 3884 a
1325 3837 1407 3904 pars
1433 3818 1544 3904 ipsius
1560 3819 1719 3905 ecclesie,
1744 3839 1806 3905 per
1830 3838 1869 3886 ec
1893 3819 1975 3886 fluis
1998 3824 2033 3888 et
2050 3821 2252 3886 mensurio:
2282 3837 2304 3886 a
2331 3839 2413 3905 pars

564 3974 714 4041 orientis
747 3975 817 4039 fine
844 3971 904 4040 bia
931 3970 1099 4056 publica,
1129 3974 1213 4037 sunt
1239 3967 1321 4036 inde
1348 3971 1442 4055 passi
1471 3971 1783 4055 quadtuordeeim:
1814 3993 1836 4040 a
1863 3972 2010 4040 meridie
2038 3971 2109 4040 fine
2136 3973 2179 4040 de
2205 3973 2327 4041 eredes
2357 3991 2414 4038 ru-

564 4126 669 4192 991911
698 4124 765 4190 dlii
789 4122 898 4209 petri,
923 4123 1008 4187 sunt
1031 4121 1112 4186 inde
1137 4120 1231 4204 passi
1254 4119 1414 4205 sideoim,
1439 4120 1642 4187 rebolbente
1665 4140 1727 4206 per
1752 4123 1873 4190 eadem
1897 4122 1967 4190 dne
1991 4125 2030 4189 in
2054 4141 2137 4208 pars
2162 4123 2310 4190 meridie
2335 4139 2413 4209 pas-

462 4363 464 4366 ,
564 4297 619 4344 sos
641 4275 800 4363 viginti,
825 4273 1028 4339 rebolbonte
1051 4233 1113 4358 per
1142 4270 1220 4356 ipsa
1243 4272 1313 4335 fine
1338 4269 1474 4336 ruscini
1500 4267 1537 4335 in
1561 4289 1645 4356 pars
1665 4269 1858 4336 occidentis
1883 4272 1979 4356 passi
2009 4273 2168 4358 viginti,
2200 4273 2331 4341 iterum
2358 4293 2412 4341 re·

559 4431 722 4498 99199919
752 4430 789 4494 19
819 4447 901 4514 pars
927 4425 1121 4493 occidentis
1153 4443 1214 4508 per
1245 4424 1368 4492 eadem
1392 4425 1462 4491 fine
1488 4421 1581 4508 passi
1614 4422 1803 4508 tridecim,
1827 4421 1995 4531 rediendo
2019 4425 2057 4490 in
2081 4445 2164 4511 pars
2189 4428 2410 4496 sebtembrio·

563 4585 621 4649 nis
643 4603 705 4668 per
729 4583 799 4647 fine
826 4583 948 4648 sancte
976 4577 1089 4644 marie
1116 4577 1210 4662 passi
1239 4576 1369 4662 viginti
1398 4595 1487 4662 sex,
1515 4577 1644 4676 iterum
1671 4577 1839 4644 rediendo
1870 4595 1932 4662 per
1963 4579 2085 4645 cadem
2110 4580 2181 4646 ilne
2211 4585 2247 4647 et
2275 4599 2338 4666 per
2368 4583 2409 4648 fi·

561 4755 606 4800 ne
632 4733 820 4817 domnica,
842 4730 941 4797 sicud
964 4730 1046 4796 inde
1075 4728 1187 4796 limite
1210 4734 1245 4795 et
1270 4746 1371 4793 muro
1398 4728 1593 4810 discernit,
1620 4733 1703 4793 sunt
1724 4727 1805 4793 inde
1838 4729 1932 4813 passi
1963 4735 2105 4796 centum
2135 4729 2257 4798 decem
2293 4739 2330 4800 et
2358 4751 2411 4801 sc-

565 4891 683 4953 btem:
712 4902 734 4950 a
757 4901 840 4968 pars
867 4878 1060 4947 occidentis
1087 4879 1157 4945 fine
1182 4880 1224 4945 de
1247 4879 1368 4944 eredes
1392 4877 1625 4964 erchemperti
1652 4880 1755 4947 etde
1783 4881 1860 4964 ipsa
1888 4881 2008 4948 eredes
2035 4843 2147 4968 ipsius
2180 4882 2341 4970 ruscini,
2366 4885 2412 4950 si-

564 5037 631 5104 cud
657 5035 738 5100 inde
763 5031 878 5098 limite
902 5031 1087 5115 discernit,
1112 5034 1196 5098 sunt
1221 5028 1302 5094 inde
1327 5029 1423 5114 passi
1447 5028 1600 5115 triginta
1624 5033 1755 5098 sebtem
1779 5039 1815 5099 et
1838 5033 1955 5099 cuvito
1980 5050 2113 5100 unum:
2140 5051 2162 5100 a
2187 5035 2408 5102 sebtemtrio·

564 5190 622 5254 nis
646 5189 717 5253 dne
735 5187 777 5252 de
795 5185 917 5251 eredes
940 5184 1053 5270 ipsius
1077 5182 1229 5269 ruscini,
1252 5183 1352 5248 sicud
1369 5181 1451 5248 inde
1467 5181 1581 5249 limite
1597 5181 1779 5267 discernit,
1805 5189 1888 5251 suni
1904 5185 1986 5251 inde
2009 5186 2104 5270 passi
2130 5185 2285 5273 triginta
2306 5189 2414 5275 quad-

563 5349 643 5424 11199
669 5346 705 5408 91
727 5338 846 5406 cubito
870 5357 995 5421 unum,
1021 5337 1227 5404 rebolbente
1253 5336 1291 5402 in
1315 5353 1398 5421 pars
1422 5334 1571 5402 meridie
1594 5353 1657 5421 per
1680 5334 1750 5402 fine
1772 5335 1815 5403 de
1837 5338 1959 5404 eredes
1983 5339 2191 5427 dacuperti‚
2216 5341 2318 5410 sicud
2342 5349 2412 5412 ter-

564 5495 742 5562 minatum
766 5498 839 5578 est,
864 5497 948 5558 sunt
972 5489 1054 5556 iude
1078 5488 1173 5574 passi
1197 5487 1317 5556 decem
1341 5491 1376 5554 91
1399 5491 1524 5554 nobem
1548 5494 1584 5556 et
1608 5489 1788 5575 medium,
1812 5490 1942 5558 iterum
1965 5493 2169 5562 rebolbente
2193 5497 2318 5564 eadem
2341 5500 2411 5565 flue

562 5647 748 5733 dacuperti
772 5646 811 5712 in
836 5665 921 5732 pars
946 5643 1117 5729 orientis,
1142 5648 1177 5709 91
1200 5660 1262 5728 per
1288 5640 1366 5728 ipsa
1389 5641 1460 5710 fine
1483 5649 1654 5728 pergente
1677 5645 1967 5732 eteoniungenie
1989 5665 2026 5714 99
2051 5649 2089 5714 in
2115 5647 2193 5736 ipsa
2218 5651 2280 5718 via
2295 5651 2414 5738 priore

561 5797 676 5885 fines,
701 5803 784 5865 sunt
808 5798 891 5865 inde
914 5813 1036 5883 passos
1060 5800 1203 5863 centum
1227 5791 1495 5879 quadtordecim
1528 5799 1564 5860 et
1596 5793 1776 5881 medium,
1808 5801 1920 5865 totum
1944 5799 1989 5866 ad
2015 5799 2105 5867 iusto
2128 5821 2272 5887 passum
2297 5805 2406 5872 omini
