5376 7094
1264 565 1438 638 CODEX
1472 561 1738 634 divensis

1400 968 1614 1050 DXLV.

1356 1235 1410 1310 A.
1439 1234 1489 1311 D.
1518 1231 1645 1313 1002.

622 1483 713 1624 †1n
730 1533 874 1600 nomina
889 1532 1024 1599 domini
1041 1531 1309 1618 quartodedimo
1325 1546 1419 1596 anno
1436 1527 1660 1613 principatus
1673 1526 1792 1592 domni
1807 1525 1921 1591 nostri
1933 1523 2115 1610 guaimari
2132 1520 2278 1607 gloriosi
2296 1521 2431 1607 priuci-

576 1687 646 1775 ρίε,
663 1705 784 1756 meuse
800 1689 943 1774 agustu,
960 1685 1226 1771 quintadecima
1251 1682 1460 1750 indictione.
1486 1680 1566 1747 Ideo
1582 1679 1643 1765 qui
1662 1696 1739 1764 noe,
1765 1677 1777 1745 i
1802 1695 1924 1747 sumus
1946 1673 2193 1761 ampulloneus
2210 1677 2246 1740 et
2262 1672 2432 1760 algardus

576 1841 742 1930 germani
758 1839 825 1907 filii
842 1839 1013 1924 arechisi,
1027 1841 1062 1905 et
1073 1854 1139 1925 ego
1150 1836 1280 1903 mulier
1297 1835 1439 1901 nomine
1456 1831 1621 1900 inielaita
1638 1831 1713 1897 filia
1728 1827 1912 1912 maiorini,
1926 1830 1961 1893 θῖ
1974 1844 2065 1894 uxor
2081 1843 2160 1892 sum
2176 1825 2277 1892 modo
2293 1824 2428 1892 risandi

576 1993 642 2062 filii
659 1994 841 2079 iohannis,
858 1991 1105 2061 clarelacimus
1121 2009 1184 2058 nos
1200 1993 1315 2058 mater
1327 1992 1363 2056 et
1375 1987 1441 2054 lilii
1459 2005 1564 2055 avere
1581 1987 1687 2053 rebus
1700 1985 1739 2051 in
1753 1983 1868 2049 locum
1884 1983 2103 2064 munierum,
2118 1997 2187 2064 que
2201 1980 2304 2047 uobis
2320 1979 2431 2045 nomi-

577 2149 651 2217 nati
669 2147 834 2235 germani
848 2151 901 2215 θεῖ
913 2147 1132 2233 pertinentes
1145 2165 1168 2213 a
1180 2143 1384 2231 supradicto
1400 2141 1564 2228 genitore
1579 2141 1773 2223 nostruque
1786 2133 1966 2222 germani,
1983 2136 2019 2200 ct
2034 2131 2145 2200 michi
2157 2131 2340 2200 nominata
2356 2151 2432 2201 mu-

579 2297 680 2368 lieris
694 2298 824 2367 exinde
840 2299 996 2386 pertinet
1013 2317 1118 2366 avere
1134 2299 1302 2383 quartam
1318 2298 1420 2382 parte
1433 2312 1495 2380 per
1513 2309 1612 2359 meus
1625 2291 1798 2376 scriptum
1811 2288 2077 2374 morgincaput,
2090 2288 2176 2371 quot
2187 2285 2298 2354 michi
2313 2287 2433 2356 emisit

577 2455 654 2541 ipse
666 2454 856 2522 iamdictus
872 2450 1065 2520 alechisius
1081 2450 1199 2536 priore
1212 2449 1288 2514 viro
1301 2466 1400 2514 meus
1412 2446 1606 2516 secundum
1619 2445 1712 2532 lege,
1725 2442 1868 2528 quaudo
1881 2461 1937 2510 me
1954 2441 2021 2508 sivi
2035 2443 2073 2506 in
2085 2440 2252 2526 coniugio
2268 2441 2431 2527 sociavit3

578 2608 680 2674 modo
696 2623 779 2673 vero
796 2622 995 2691 congruum
1018 2606 1073 2670 est
1096 2601 1198 2667 nobis
1215 2599 1297 2667 illut
1312 2599 1445 2667 donare
1470 2615 1542 2666 una
1567 2597 1669 2684 pecia
1692 2596 1735 2664 de
1752 2599 1851 2663 terra
1875 2614 1957 2663 cum
1974 2594 2230 2661 abellauietum
2256 2593 2294 2660 in
2319 2593 2433 2662 locum

579 2764 785 2827 mentorum
801 2757 950 2824 iohanni
968 2755 1041 2822 filio
1059 2754 1151 2822 idem
1168 2753 1336 2820 iohannis
1352 2751 1563 2837 consoprino
1579 2753 1691 2818 fratre
1707 2753 1897 2836 nostroque
1914 2748 2096 2834 germani,
2114 2753 2167 2815 set
2182 2764 2247 2833 ego
2264 2747 2433 2816 iamdicta

580 2911 722 2995 mulier,
740 2914 779 2977 ut
794 2927 853 2976 eos
870 2908 1023 2994 pleniter
1039 2905 1222 2992 adinplere
1238 2923 1326 2988 erga
1350 2921 1420 2988 mc,
1437 2904 1646 2971 conbocavit
1662 2904 1738 2988 ipse
1754 2901 1944 2970 iamdictus
1969 2900 2136 2969 risandus
2160 2905 2330 2985 sequente
2357 2903 2433 2970 viro

580 3081 693 3150 meuS,
710 3063 749 3129 in
765 3063 869 3128 cuius
885 3061 1072 3129 mundium
1089 3077 1144 3126 me
1160 3059 1239 3126 dico
1254 3075 1344 3143 esse,
1369 3061 1409 3126 ut
1432 3057 1470 3123 in
1487 3076 1529 3125 ac
1546 3058 1737 3126 donatione
1760 3058 1870 3124 michi
1894 3058 2096 3124 consenties
2112 3059 2226 3123 esset:
2254 3056 2315 3123 ille
2338 3075 2434 3143 vere,

581 3215 755 3284 exaudita
772 3234 852 3283 mea
867 3214 1120 3301 postulatione,
1136 3212 1398 3279 consentientes
1422 3212 1531 3279 michi
1549 3211 1631 3278 inde
1647 3211 1729 3297 suit;
1754 3193 1894 3280 interea
1911 3229 1974 3278 nos
1991 3211 2152 3280 iamdicti
2170 3215 2284 3282 mater
2300 3216 2337 3281 et
2354 3211 2436 3300 filii,

581 3373 702 3438 tamen
718 3385 784 3454 ego
800 3368 971 3436 iamdicta
986 3367 1115 3434 mulier
1133 3386 1194 3453 per
1210 3365 1431 3434 absolutione
1448 3365 1562 3451 ipsius
1583 3365 1653 3432 viri
1670 3366 1753 3450 mei,
1768 3365 1862 3432 sicut
1885 3365 1987 3431 nobis
2010 3383 2210 3452 congruum
2233 3371 2287 3434 θεῖ
2314 3372 2435 3436 nostro

584 3537 677 3588 vene
703 3521 914 3606 voluntatiS,
932 3524 1015 3588 aute
1031 3519 1222 3603 subscripti
1239 3521 1346 3586 testes
1361 3537 1423 3604 per
1439 3537 1509 3584 unc
1526 3519 1697 3604 scriptum
1713 3519 1887 3588 donamus
1910 3520 2025 3606 adque
2041 3520 2086 3589 ad
2098 3538 2236 3606 semper
2260 3521 2436 3588 avendum

584 3673 877 3741 confirmabimus
892 3673 959 3740 tivi
975 3673 1136 3740 iamdicti
1154 3673 1303 3739 iohanni
1319 3689 1392 3739 una
1409 3673 1510 3757 pecia
1525 3671 1567 3738 de
1583 3675 1681 3740 terra
1697 3693 1778 3740 cum
1794 3674 2048 3742 avellanietum
2065 3694 2133 3761 que
2149 3679 2202 3743 est
2217 3678 2256 3744 in
2269 3663 2436 3744 iamdicto

582 3825 699 3894 locum
717 3794 900 3913 munteru,
913 3826 974 3892 ubi
988 3829 1042 3893 est
1053 3827 1251 3912 propinquo
1263 3787 1410 3892 ecclesie
1427 3825 1542 3892 sancti
1556 3824 1745 3912 benedicti,
1758 3845 1826 3911 quc
1838 3830 1919 3894 avet
1930 3827 2027 3893 finis:
2041 3827 2087 3895 da
2100 3846 2173 3896 una
2184 3833 2286 3915 parte
2298 3821 2369 3896 fine
2381 3830 2439 3898 via

586 3996 657 4065 que
673 3978 773 4048 vadit
789 3979 835 4047 ad
851 3979 930 4064 ipsa
945 3978 1096 4046 ecclesia
1112 3978 1228 4046 sancti
1246 3977 1435 4046 venedicti:
1453 3981 1488 4044 θῖ
1504 3977 1550 4045 da
1567 3977 1641 4046 alia
1657 3983 1758 4066 parte
1775 3980 1846 4047 fine
1861 3981 1904 4048 de
1920 3981 2021 4048 redes
2044 3981 2221 4050 maraldi:
2247 3987 2284 4050 et
2305 3982 2352 4051 da
2367 3981 2438 4052 alio

585 4133 698 4203 latere
714 4133 784 4201 linc
802 4133 895 4201 leoni
910 4134 1117 4220 presbiteri:
1134 4136 1170 4200 θῖ
1185 4133 1231 4201 da
1247 4133 1320 4200 alia
1336 4135 1439 4219 parte
1453 4133 1524 4200 fine
1539 4133 1582 4201 de
1598 4132 1699 4200 redes
1714 4135 1869 4220 guisoni.
1895 4136 1944 4202 Ec
1960 4153 2041 4203 vero
2057 4138 2163 4203 rebus
2190 4155 2253 4222 per
2270 4137 2437 4207 iamdicta

585 4287 669 4356 finis
684 4293 798 4356 toturn
813 4293 849 4355 et
865 4287 1032 4355 inclitum
1048 4306 1128 4355 cum
1145 4289 1267 4356 omnia
1292 4289 1387 4354 iutro
1410 4305 1447 4354 se
1471 4289 1599 4354 arente
1623 4288 1857 4374 omnibusque
1880 4289 1955 4356 suis
1970 4291 2186 4376 pertinente,
2203 4292 2437 4379 omnibusque

587 4445 663 4510 suis
679 4444 909 4531 pertinentiis
925 4448 961 4511 et
977 4462 1058 4511 cum
1075 4445 1153 4511 bice
1169 4445 1212 4512 dc
1228 4445 1288 4512 via
1304 4461 1370 4510 sua
1388 4441 1469 4509 illut
1485 4441 1551 4509 tivi
1569 4441 1719 4510 iohanni
1734 4443 1961 4528 donavimus,
1984 4448 2020 4511 ot
2036 4443 2133 4514 infra
2150 4447 2224 4532 ipse
2240 4445 2324 4514 finis
2340 4446 2440 4515 nulla

587 4598 742 4665 sortione
759 4600 888 4666 ividem
903 4617 975 4664 nou
992 4599 1145 4666 dicimus
1162 4615 1366 4683 remanere,
1382 4601 1435 4664 set
1450 4599 1562 4663 tetum
1578 4595 1659 4664 illut
1671 4595 1736 4662 tivi
1749 4595 1974 4684 donavimus,
1988 4597 2034 4665 ad
2046 4599 2221 4667 securiter
2237 4605 2273 4668 θῖ
2288 4601 2438 4670 firmiter

588 4751 715 4820 amodo
730 4757 765 4820 et
780 4771 917 4839 semper
933 4759 972 4822 tu
984 4759 1019 4821 et
1030 4755 1102 4822 tuis
1117 4753 1282 4821 eredibus
1294 4753 1376 4820 illut
1392 4751 1585 4837 avendum,
1597 4751 1866 4838 dominandum,
1880 4752 2144 4842 possidendum,
2157 4757 2278 4824 omnia
2291 4757 2374 4824 inde
2389 4759 2440 4827 fa-

591 4905 759 4974 ciendum
776 4911 861 4992 quot
876 4907 942 4975 tivi
958 4907 1147 4993 placuerit3
1164 4911 1199 4976 et
1214 4925 1278 4994 pro
1295 4924 1335 4973 oc
1348 4901 1479 4973 donum
1492 4906 1590 4972 vobis
1601 4907 1816 4972 firmandum
1829 4907 2004 4995 launegilt
2016 4928 2038 4977 a
2051 4912 2085 4977 ῖθ
2100 4911 2230 4978 exinde
2246 4913 2442 5000 recepimus

589 5059 787 5128 secundum
805 5059 933 5146 legem,
949 5059 1083 5126 camiso
1097 5077 1181 5146 uno,
1198 5060 1369 5146 finitoque
1386 5059 1561 5147 launegilt
1577 5065 1663 5146 aput
1674 5077 1751 5147 nes,
1768 5062 1811 5128 de
1823 5081 1895 5148 qua
1906 5081 1969 5148 per
1982 5081 2074 5131 vona
2089 5065 2342 5136 conbenientia
2353 5087 2442 5154 gua-

588 5213 658 5282 dia
674 5233 738 5281 nos
755 5214 929 5282 nominati
947 5219 1062 5282 mater
1078 5218 1113 5282 et
1128 5213 1211 5300 dlii,
1226 5219 1347 5284 tamen
1362 5234 1428 5301 ego
1445 5215 1615 5282 iamdicta
1631 5215 1759 5282 mulier
1774 5235 1837 5302 per
1861 5215 2051 5304 largiebata
2075 5219 2188 5304 ipsius
2204 5221 2274 5288 viri
2299 5222 2384 5310 mei,
2408 5231 2443 5291 θῖ

594 5386 763 5437 unacum
778 5366 925 5454 ipsifllii
941 5367 1012 5435 mei
1028 5367 1260 5436 mediatorem
1276 5369 1349 5434 tiv’r
1358 5368 1539 5454 posuimus
1555 5387 1619 5434 nos
1634 5369 1735 5455 ipsis3
1752 5373 1788 5437 et
1802 5388 1865 5456 per
1882 5369 1961 5456 ipsa
1973 5373 2108 5457 guadia
2123 5373 2363 5460 obligavimus
2378 5393 2440 5444 nos

594 5525 634 5590 et
649 5521 783 5589 nostris
800 5520 965 5589 eredibus
982 5519 1107 5588 amodo
1122 5523 1158 5588 el
1172 5538 1310 5607 semper
1323 5519 1569 5588 antistandum
1592 5527 1628 5590 et
1649 5522 1906 5591 defensandum
1921 5525 1986 5592 tivi
2001 5527 2125 5612 tuique
2138 5528 2303 5597 eredibus
2318 5533 2394 5600 tota
2410 5535 2444 5597 θῖ

597 5675 727 5744 inclita
743 5675 990 5762 suprascripta
1006 5679 1129 5743 nostra
1144 5673 1334 5743 donatione
1350 5675 1396 5742 da
1411 5691 1495 5760 pars
1512 5679 1635 5742 nostra
1652 5679 1687 5742 et
1701 5675 1748 5742 da
1763 5675 1848 5744 filiis
1859 5680 1895 5744 et
1905 5677 2027 5747 eredes
2043 5682 2166 5749 nostra
2177 5685 2213 5751 et
2224 5681 2271 5752 da
2287 5681 2339 5751 illi
2358 5687 2444 5752 omi-

595 5829 717 5917 nibus,
732 5829 792 5898 cui
809 5847 871 5916 per
887 5847 951 5896 nos
968 5828 1094 5897 datum
1109 5827 1163 5896 vel
1179 5829 1389 5917 obligatum,
1405 5847 1504 5897 seum
1520 5829 1789 5902 manifestatum
1804 5851 1880 5902 esse
1896 5835 2072 5922 paruerit;
2085 5836 2128 5905 de
2144 5837 2228 5906 aliis
2252 5857 2335 5906 vero
2358 5841 2445 5907 omi-
