5376 7094
634 545 679 614 3„
1284 539 1456 609 ‹zounx
1485 541 1747 614 ‹tivuvsrs

584 773 620 836 et
645 769 778 836 rodolfo
803 767 877 834 filio
900 767 1000 852 ursi,
1028 786 1069 833 eo
1100 767 1192 852 quod
1216 771 1301 833 ante
1326 765 1516 852 subscripti
1549 769 1656 836 testes
1679 767 1757 835 vice
1781 771 1904 836 nostra
1935 771 1972 834 et
1998 767 2041 834 de
2064 765 2286 834 consortibus
2309 765 2444 834 nostris

585 921 801 990 tradidimus
825 937 888 986 nos
913 917 1068 1004 iaquinti
1093 917 1167 985 filio
1191 918 1350 988 radoaldi
1382 919 1428 987 da
1451 918 1533 1006 piru
1564 921 1606 987 de
1632 923 1737 987 rebus
1761 925 1884 990 nostra
1907 940 1986 988 curn
2010 920 2247 987 castanietum
2279 921 2315 985 et
2338 937 2444 1004 quer-

586 1073 734 1160 cietum,
759 1073 852 1158 quod
876 1091 940 1140 nos
963 1091 1041 1139 cum
1066 1075 1287 1141 consortibus
1312 1072 1443 1141 nostris
1466 1074 1700 1140 communiter
1724 1076 1870 1141 abemus
1896 1074 1934 1141 in
1959 1074 2071 1141 locum
2089 1075 2181 1158 rota,
2198 1069 2260 1138 ubi
2283 1071 2327 1139 ad
2351 1069 2442 1140 silva

585 1226 693 1312 plana
715 1225 867 1312 dicitur,
891 1245 954 1312 per
979 1229 1043 1293 hec
1068 1227 1173 1295 finis:
1199 1249 1221 1295 a
1246 1189 1329 1312 pars
1353 1227 1616 1314 septemtrionis
1640 1228 1710 1294 flne
1735 1228 1794 1296 via
1817 1227 1979 1315 puplica:
2007 1229 2052 1296 ab
2076 1225 2258 1292 occidente
2283 1225 2353 1291 fine
2381 1241 2444 1291 no-

584 1383 672 1464 stra,
697 1379 789 1446 sicut
813 1379 927 1447 medio
951 1380 1089 1449 vallone
1113 1381 1285 1449 discernit
1309 1381 1370 1466 qui
1394 1381 1526 1448 dicitur
1550 1381 1596 1449 da
1620 1399 1731 1448 cosce:
1755 1381 1797 1447 de
1821 1399 1925 1466 super
1949 1377 2066 1466 capite
2090 1377 2257 1446 similiter
2282 1379 2353 1444 fine
2380 1396 2440 1442 no-

584 1537 673 1616 stra,
698 1533 790 1599 sicut
815 1531 929 1600 limite
945 1533 1130 1620 discernit,
1155 1535 1246 1620 quod
1270 1543 1323 1599 est
1348 1555 1369 1601 a
1393 1538 1495 1620 parte
1520 1533 1679 1600 meridie:
1706 1537 1752 1602 ab
1768 1533 1906 1601 oriente
1923 1531 2090 1600 similiter
2106 1531 2177 1599 flne
2194 1535 2332 1618 nostra,
2349 1531 2440 1598 sicut.

583 1685 684 1754 vadit
701 1705 811 1772 usque
836 1688 874 1754 in
900 1687 959 1755 via
983 1693 1146 1756 traversa
1170 1707 1238 1773 que
1257 1689 1369 1755 intrat
1395 1689 1433 1754 in
1458 1687 1539 1755 aliis
1556 1691 1662 1754 rebus
1679 1687 1823 1772 nostris,
1839 1690 1875 1754 et
1892 1686 2035 1752 abiente
2052 1705 2114 1772 per
2131 1685 2209 1772 ipsa
2226 1687 2285 1752 via
2300 1689 2336 1752 et
2352 1705 2434 1754 con-

584 1841 758 1928 iungente
782 1843 827 1911 ad
852 1843 928 1929 ipsa
952 1843 1024 1911 alia
1049 1843 1108 1910 via
1131 1842 1272 1930 puplica
1296 1843 1426 1929 priore.
1453 1843 1541 1912 istut
1559 1862 1620 1929 per
1636 1844 1804 1912 iamdicte
1828 1843 1910 1911 finis
1927 1843 2094 1910 inclitum
2119 1860 2183 1910 nos
2208 1841 2289 1908 illut
2312 1843 2345 1910 ei
2363 1849 2437 1912 tra·

579 1995 746 2081 didimus3
772 1997 866 2064 unde
889 2016 952 2084 per
969 2001 1061 2065 bona
1077 1997 1340 2064 combenientiu
1356 1997 1490 2083 guadia
1506 1998 1607 2066 nobis
1623 1997 1697 2083 ipse
1715 1997 1900 2084 iaquintus
1923 1997 2020 2064 dedit
2037 1999 2073 2062 et
2091 1997 2321 2064 mediatorem
2336 1995 2438 2064 nobis

579 2149 695 2234 posuit
719 2151 872 2219 andreas
896 2150 992 2218 filius
1017 2151 1171 2239 maioni,
1196 2157 1231 2219 et
1256 2171 1318 2239 per
1343 2151 1420 2238 ipsa
1443 2150 1577 2238 guadia
1600 2151 1775 2238 obligavit
1800 2169 1837 2216 se
1861 2150 1927 2218 tali
1952 2149 2091 2236 ordine,
2117 2155 2155 2216 ut
2180 2152 2303 2218 amodo
2327 2169 2437 2236 usque

583 2303 661 2384 duo¹
680 2305 799 2372 t‘rudia
824 2305 1012 2371 recollecta
1036 2324 1097 2372 sue
1122 2305 1309 2390 potestatis
1332 2323 1389 2371 eos
1414 2312 1535 2372 tenere
1558 2309 1594 2371 et
1618 2305 1731 2371 omnis
1745 2323 1807 2371 sue
1823 2301 1976 2373 utilitati
1994 2304 2098 2372 iuxta
2115 2303 2292 2372 rationem
2309 2305 2436 2371 ibidem

579 2461 712 2543 lacere,
736 2463 772 2524 et
797 2477 855 2524 eos
879 2457 1043 2526 laborare
1066 2463 1102 2525 et
1126 2460 1303 2526 seminare
1328 2465 1363 2526 et
1390 2457 1598 2544 recolligere
1621 2459 1815 2525 secundum
1840 2458 2134 2526 consuetudinem
2161 2458 2274 2546 ipsius
2298 2459 2380 2543 loci,
2402 2468 2437 2522 et

577 2611 620 2676 do
643 2611 736 2695 quod
761 2610 891 2677 ibidem
915 2611 1162 2699 seminaverit,
1187 2614 1294 2680 deant
1313 2613 1396 2680 inde
1412 2613 1513 2680 nobis
1530 2611 1743 2679 terraticum
1762 2611 1866 2678 iuxta
1882 2611 2175 2679 consuetudinem
2195 2613 2237 2678 de
2256 2613 2329 2700 ipso
2345 2615 2433 2679 locu.

578 2766 668 2851 quod
692 2767 721 2831 si
747 2767 869 2835 taliter
895 2768 1014 2836 omnia
1036 2769 1280 2854 suprascripta
1305 2757 1386 2854 ipse*
1404 2769 1587 2857 iaquintus
1611 2775 1647 2837 et
1671 2774 1748 2838 eius
1773 2771 1895 2838 eredes
1912 2769 2013 2838 nobis
2031 2769 2232 2855 nostrisque
2249 2771 2436 2838 heredibus·

575 2939 646 2988 non
671 2922 934 3009 adimpleverit,
953 2925 1006 2990 vel
1025 2925 1154 3010 aliquit
1179 2925 1260 2991 inde
1284 2924 1560 3010 contradixerit,
1586 2944 1648 3011 per
1673 2925 1750 3011 ipsa
1773 2925 1907 3010 guadia
1922 2925 2095 3010 obligavit
2111 2944 2147 2990 se
2165 2924 2266 2992 nobis
2290 2925 2436 2994 nostris-

573 3091 643 3156 que
667 3071 856 3140 heredibus
879 3094 1085 3162 componere
1109 3077 1226 3144 decem
1250 3078 1329 3144 auri
1354 3078 1482 3144 solidos
1504 3079 1763 3163 constantines,
1780 3085 1815 3144 et
1832 3077 1953 3145 omnia
1977 3077 2221 3164 suprascripta
2246 3098 2309 3164 per
2328 3081 2432 3148 imvi-

575 3225 621 3291 tis
646 3228 747 3292 nobis
770 3228 966 3314 compliret.
993 3233 1028 3296 et
1053 3250 1121 3296 unc
1147 3233 1287 3297 brebem
1311 3230 1437 3316 scripsi
1462 3251 1526 3314 ego
1552 3231 1723 3296 iohannes
1748 3227 1911 3296 notarius
1936 3229 1995 3313 qui
2025 3229 2201 3296 interluit.

618 3353 648 3469 †
672 3400 738 3468 ego
762 3385 885 3468 petrus

621 3505 652 3620 †
677 3553 744 3622 ego
769 3537 947 3604 bisantius
970 3541 1159 3624 presbiter.

1390 4087 1600 4166 DL'XII.

1351 4345 1406 4419 A.
1436 4342 1487 4418 D.
1517 4343 1646 4423 1004.

614 4545 649 4684 †
678 4601 715 4662 ln
740 4597 882 4665 nomino
906 4599 1039 4666 domini
1065 4602 1303 4668 sextodecimo
1327 4621 1421 4669 anno
1447 4604 1670 4690 principatus
1688 4607 1807 4672 elorrrni
1826 4609 1937 4673 nostri
1956 4607 2135 4693 guaimari
2161 4609 2315 4694 glorioso
2332 4611 2428 4695 prin-

568 4751 660 4835 cipe,
687 4767 804 4816 mense
829 4750 992 4837 martiuS,
1017 4753 1172 4818 securula
1196 4753 1404 4820 indictione.
1432 4757 1719 4824 memoratorium
1737 4761 1832 4827 suctu
1850 4781 1871 4827 a
1886 4778 1939 4826 me
1955 4761 2203 4827 constantinus
2220 4762 2425 4829 atrianense

566 4904 641 4968 filio
665 4903 842 4988 quondam
868 4903 1018 4969 iohanni
1041 4904 1191 4988 curiali,
1225 4907 1380 4991 eoquod
1405 4911 1490 4974 ante
1514 4910 1706 4996 subscripti
1732 4917 1839 4978 testes
1857 4914 2047 4981 coniuntus
2072 4936 2149 4981 sum
2175 4935 2254 4982 cum
2280 4917 2423 4986 iannaci

566 5055 776 5124 atrianense
793 5073 986 5141 germanus
1002 5073 1111 5142 meuS,
1138 5063 1280 5142 propter
1305 5059 1350 5126 ad
1365 5058 1593 5128 dibidendum
1617 5083 1698 5130 cum
1720 5084 1800 5131 eum
1818 5073 1914 5134 terra
1930 5075 1965 5134 et
1982 5087 2065 5136 casa
2081 5070 2123 5135 de
2141 5070 2240 5136 intus
2257 5071 2351 5138 banc
2368 5091 2423 5140 sa-

568 5207 789 5275 lernitanam
806 5205 989 5273 cibitatem
1008 5206 1052 5273 ad
1069 5206 1145 5292 ipsa
1161 5205 1254 5275 lama
1270 5215 1302 5274 et
1324 5212 1429 5276 rebus
1447 5217 1569 5279 nostra
1593 5215 1635 5280 de
1651 5215 1763 5282 locum
1780 5219 1868 5304 sepi,
1894 5220 1955 5304 qui
1980 5225 2063 5286 sunt
2088 5219 2194 5286 terris
2219 5241 2300 5287 cum
2323 5225 2429 5290 arbu-

565 5365 637 5446 sta,
654 5371 690 5428 et
708 5363 858 5430 bacuum
875 5363 910 5426 et
928 5363 1033 5426 rebus
1046 5365 1168 5428 nostra
1186 5363 1228 5428 de
1247 5363 1362 5428 locum
1382 5367 1509 5452 boteri,
1533 5367 1593 5451 qui
1609 5375 1662 5435 est
1678 5390 1699 5436 a
1716 5389 1821 5456 super
1839 5372 1897 5438 bia
1913 5373 1973 5456 qui
1990 5373 2106 5458 pergit
2127 5374 2171 5440 ad
2189 5376 2351 5461 nuceria,
2365 5378 2424 5463 qui

564 5521 618 5581 est
637 5526 734 5584 terra
749 5534 829 5580 cum
848 5512 952 5580 binea
968 5516 1004 5579 ct
1021 5515 1184 5597 bucuum,
1201 5515 1242 5580 de
1260 5522 1433 5600 quantum
1453 5530 1657 5609 quantoque
1672 5531 1758 5593 anto
1774 5545 1811 5593 os
1827 5528 1902 5595 dies
1918 5527 2028 5614 ipsius
2044 5529 2187 5596 iannaci
2214 5529 2251 5595 in
2269 5531 2424 5596 sortione

565 5673 714 5738 obbenit
731 5671 776 5738 da
794 5669 848 5736 leo
864 5687 1058 5754 germanus
1074 5674 1206 5755 noster,
1223 5675 1259 5736 et
1277 5672 1357 5740 illut
1374 5679 1547 5758 quantum
1564 5685 1769 5765 quantoque
1786 5685 1953 5767 paratum
1970 5686 2115 5750 alienius
2133 5684 2259 5752 ibidem
2288 5687 2328 5752 in
2350 5687 2424 5773 ipso

563 5823 675 5890 locum
701 5827 812 5890 boteri
835 5826 880 5893 da
903 5824 1076 5891 iohannes
1104 5825 1196 5890 tilius
1226 5827 1315 5910 petri
1342 5830 1384 5894 de
1409 5830 1483 5914 ipso
1501 5835 1676 5899 nronaclru
1694 5833 1754 5918 qui
1783 5845 1836 5900 est
1861 5841 1960 5903 terra
1977 5857 2055 5903 <turn
2073 5837 2178 5904 bineu
2199 5845 2233 5906 et
2253 5845 2421 5910 baeuum.
