5318 7102
630 577 678 648 dl
1333 575 1697 650 unetrutnnln

629 799 790 873 coniuret
803 797 1009 888 sculdasios,
1029 801 1245 898 saltarios),
1274 801 1330 875 vel
1357 801 1434 876 looo
1453 802 1596 898 positos,
1617 806 1656 873 ut
1672 797 1791 872 nullus
1817 781 2049 898 concelent),
2069 807 2104 871 et
2121 799 2271 895 positum
2287 809 2336 875 est
2351 824 2427 874 con·

630 960 771 1034 stitutos
797 959 852 1032 die
877 979 925 1035 xv
950 969 1027 1058 post
1053 969 1212 1036 sanctum
1230 959 1368 1058 pasche;
1388 969 1424 1036 et
1440 961 1470 1035 si
1488 961 1566 1056 quis
1585 985 1716 1050 servos,
1736 969 1794 1035 aut
1811 959 1955 1034 ancillas
1972 961 2114 1056 fugaces
2130 957 2300 1046 habuerit,
2318 967 2423 1034 tarneu

630 1119 914 1214 aecclesiasticis,
943 1145 1005 1196 seu
1030 1121 1123 1219 regis
1148 1123 1270 1210 curtis,
1300 1123 1356 1196 vel
1380 1120 1508 1220 populo
1526 1121 1562 1194 in
1578 1122 1781 1210 constituto,
1811 1122 1903 1216 ipsos
1929 1119 1988 1214 qui
2014 1141 2118 1192 suum
2144 1119 2355 1214 cognouerit,
2373 1143 2427 1194 su·

630 1281 809 1378 scipiatur.

580 1437 628 1510 lle
655 1440 804 1516 advenas
831 1453 866 1518 et
891 1447 1106 1543 peregrinos,
1135 1450 1195 1544 qui
1221 1447 1257 1519 in
1283 1447 1339 1518 dei
1365 1445 1509 1518 servitio
1535 1467 1631 1516 rorna
1657 1439 1712 1514 vol
1739 1439 1807 1514 alia
1833 1446 2033 1512 sanctorum
2051 1437 2261 1512 festinantur
2279 1460 2424 1535 corpora,

627 1599 682 1672 vel
701 1599 788 1674 salvi
807 1599 934 1675 badant
951 1611 986 1676 et
1004 1611 1221 1678 revertantur
1239 1601 1303 1676 sub
1320 1610 1438 1676 nostra
1456 1601 1672 1687 defensione,
1690 1609 1723 1673 et
1741 1599 1800 1696 qui
1819 1623 1860 1672 ex
1879 1598 1963 1696 ipsis
1981 1597 2188 1694 peregrinis,
2209 1621 2315 1671 ausus
2331 1598 2429 1674 luerit

627 1759 801 1848 occidere,
833 1779 879 1832 nx
905 1761 1034 1836 solidos
1052 1762 1088 1834 in
1106 1761 1231 1858 palatio
1248 1771 1368 1836 nostro
1386 1769 1580 1859 componat.
1601 1761 1745 1857 Insuper
1763 1759 1968 1855 compositio
1996 1758 2056 1831 illa
2082 1759 2125 1831 de
2148 1758 2221 1854 ipso
2249 1758 2430 1834 homicidio

626 1929 882 2016 componatur,
919 1922 977 1994 cui
1007 1920 1144 2018 legibus
1170 1922 1274 1994 leudo
1300 1923 1324 2019 ³)
1352 1923 1426 2018 ipso
1452 1922 1673 2018 pertinuerit,
1702 1929 1737 1994 et
1761 1919 1827 1994 hoo
1854 1921 1976 1994 damus
2003 1918 2202 2006 mandatis,
2231 1919 2277 1992 Ut
2302 1920 2428 1994 cunctis

623 2077 808 2174 episcopis,
836 2079 1029 2168 abbatibus,
1058 2078 1257 2166 comitibus,
1278 2101 1340 2152 seu
1359 2080 1560 2153 actionariis
1577 2080 1719 2168 nostris,
1740 2087 1779 2152 ut
1795 2080 1880 2152 hacc
1899 2079 2016 2152 omnia
2034 2077 2271 2174 suprascripta
2289 2079 2427 2153 iustitias

624 2235 753 2330 absque
780 2237 852 2310 ulla
876 2239 1038 2312 tarditate
1065 2239 1252 2334 adimpleta
1277 2237 1351 2311 fieri
1377 2239 1537 2327 debeant,
1566 2241 1610 2312 Ut
1636 2240 1695 2335 qui
1722 2243 1758 2312 in
1784 2248 1898 2313 tantos
1925 2263 2034 2312 annos
2052 2239 2202 2312 iustitias
2221 2238 2349 2312 habere
2365 2261 2429 2312 non

624 2395 801 2490 potuerit,
837 2395 894 2469 vel
928 2397 1030 2470 modo
1063 2420 1124 2494 per
1157 2397 1213 2469 dei
1247 2397 1495 2494 omnipotentis
1521 2397 1823 2485 misericordiam,
1852 2397 1895 2471 Et
1919 2422 1980 2496 per
2005 2395 2225 2495 preceptione
2262 2395 2378 2470 domni
2401 2409 2431 2470 et

625 2558 774 2654 genitori
802 2582 880 2632 tneo
906 2558 1019 2632 karoli
1045 2559 1137 2654 regis
1164 2559 1277 2654 gentis
1304 2558 1504 2632 francorum
1530 2557 1903 2654 etlangobardorum,
1941 2557 2046 2631 sinrul
2074 2567 2108 2631 et
2133 2581 2193 2654 per
2219 2565 2338 2630 nostra
2362 2581 2431 2653 pre-

624 2718 782 2814 ceptione
809 2720 1050 2815 unusquisque
1077 2719 1245 2794 iustitiam
1273 2712 1503 2816 suscipiat).
1532 2721 1581 2793 lta
1606 2729 1736 2808 tannen,
1766 2728 1805 2793 ut
1828 2739 1875 2794 xv
1901 2721 1976 2792 dies
2002 2730 2080 2816 post
2106 2728 2269 2792 sanctum
2295 2721 2431 2816 paschae

622 2879 738 2952 ornnia
764 2878 948 2975 adimpleta
974 2904 1050 2954 csse
1077 2879 1236 2954 debeant.
1265 2880 1308 2954 Et
1333 2890 1418 2954 tunc
1445 2883 1684 2977 unusquisque
1718 2879 1822 2952 iudex
1859 2888 1977 2954 noster
2011 2879 2137 2977 dirigat
2163 2880 2311 2954 missurn
2337 2904 2430 2954 suun

579 3241 1030 3254 —————--——-

614 3487 636 3565 ¹)
657 3486 778 3548 Invece
802 3485 835 3548 di
857 3485 899 3550 Et
919 3484 1025 3566 capud
1046 3484 1154 3549 locum
1176 3483 1328 3549 coniuret
1348 3483 1532 3550 sculdasios
1555 3485 1579 3546 il
1601 3485 1685 3548 Mur.
1711 3487 1771 3547 ha:
1797 3493 1830 3549 et
1850 3485 1937 3566 apud
1958 3486 2065 3551 locum
2083 3488 2198 3589 jurent
2218 3483 2380 3550 scultasii.
2401 3483 2425 3545 ll

441 3638 445 3644 '
573 3631 650 3695 Cod.
676 3633 792 3694 Esten.
816 3631 871 3712 poi
894 3631 1058 3694 concorda
1081 3629 1131 3693 col
1155 3635 1278 3705 nostro,
1304 3631 1387 3703 cioe,
1412 3648 1472 3692 usa
1495 3632 1527 3692 la
1549 3651 1627 3694 voce
1652 3635 1836 3715 conjurant:
1860 3642 1896 3699 et
1916 3632 2003 3713 apud
2023 3633 2131 3699 locum
2154 3635 2331 3714 conjurent
2351 3630 2430 3697 scul-

571 3775 637 3842 dai.
660 3778 722 3860 (ut.
745 3777 831 3840 Mur.
858 3777 903 3838 ib.
927 3778 1097 3858 Nerate).

611 3929 635 4010 ²)
658 3930 782 4002 Questa
803 3927 899 4007 legge
923 3928 989 3990 lino
1012 3927 1078 3989 alla
1099 3927 1213 4008 parole
1233 3926 1403 3991 concelent
1424 3926 1587 3991 concorda
1609 3927 1660 3989 ool
1682 3927 1723 3990 N.
1747 3927 1787 3999 X,
1812 3926 1867 3988 del
1888 3927 1972 3988 Mur.

569 4105 574 4114 ·
609 4075 633 4156 ³)
657 4097 672 4134 n
696 4074 842 4139 Leutlum
871 4074 1057 4154 appellatur
1089 4075 1224 4154 quaevis
1249 4076 1443 4152 praestatio,
1476 4075 1527 4136 vel
1558 4075 1695 4154 quodvis
1717 4075 1888 4148 tributurn,
1911 4075 2056 4136 monime
2079 4075 2163 4156 quod
2180 4093 2245 4153 pro
2268 4075 2424 4138 mercibus

569 4242 585 4280 o
606 4221 780 4301 penditur:
800 4265 1004 4282 ........
1028 4221 1057 4281 Α
1079 4238 1159 4282 voce
1182 4219 1354 4281 teutonica
1376 4221 1499 4298 leysteu
1521 4218 1574 4280 vel
1598 4219 1729 4291 leistou,
1754 4236 1838 4297 quae
1861 4223 2039 4299 praeterea
2061 4217 2228 4296 significat
2232 4262 2430 4284 ........

567 4365 664 4448 (Vett.
692 4365 835 4430 Glossne.
860 4365 1017 4442 Leudum,
1042 4367 1229 4444 compositio
1251 4366 1318 4426 siue
1344 4364 1524 4445 Wiartpita
1548 4387 1577 4425 a.
1602 4365 1669 4448 (Du
1693 4365 1801 4443 Gange
1823 4365 1930 4426 Gloss
1955 4383 1985 4425 v.
2009 4363 2178 4445 laudum).

608 4516 635 4576 Il
658 4513 743 4578 Mur.
766 4534 840 4596 pag.
865 4516 926 4580 120
948 4515 1032 4578 Nota
1054 4514 1106 4595 at)
1128 4514 1259 4576 scrive:
1286 4536 1301 4572 a
1324 4513 1479 4588 laudum,
1504 4515 1560 4576 ltoc
1583 4519 1640 4586 est,
1663 4513 1786 4576 ntulctu
1802 4513 2006 4592 pecuniaria
2028 4513 2137 4577 debita
2166 4515 2429 4596 consanpuineis,

568 4669 629 4724 aut
649 4661 863 4725 munductdis
880 4679 1042 4740 personae
1064 4662 1188 4723 occisae
1212 4682 1240 4720 a.

609 4799 634 4888 ⁸)
659 4807 784 4899 Questa
805 4807 902 4886 legge
924 4807 1095 4888 puranahe
1120 4805 1283 4870 concorda
1306 4804 1356 4868 col
1379 4806 1419 4869 N.
1443 4805 1487 4868 XI
1510 4806 1565 4867 del
1586 4805 1670 4892 llus.
1696 4805 1760 4866 lino
1785 4804 1850 4866 alla
1871 4805 1985 4888 parole
1999 4805 2170 4888 suscipiat.
2194 4807 2243 4869 Ib.
2261 4809 2318 4890 poi
2342 4808 2430 4870 nella

569 4952 656 5015 Nota
683 4953 735 5034 21)
764 4954 793 5015 si
823 4953 942 5034 leggo:
969 4977 985 5014 a
1011 4951 1088 5016 Coa.
1112 4955 1223 5017 Estcu.
1253 4960 1284 5016 et
1304 4969 1366 5035 per
1393 4952 1661 5034 praeceptionem
1681 4949 1827 5025 Domini,
1852 4957 1887 5017 et
1916 4951 2080 5018 (ianitoris
2108 4953 2174 5019 mei
2202 4955 2313 5021 caroli
2334 4954 2430 5036 Redis

576 5118 592 5157 c
614 5097 831 5176 Francorum,
861 5105 896 5163 et
923 5097 1228 5180 Langobardorum,
1252 5114 1291 5162 ac
1312 5096 1449 5163 Patricii
1478 5099 1692 5165 Romanorum
1715 5099 1748 5180 *).
1772 5099 1858 5181 Erpa
1881 5107 1957 5164 ante
1978 5101 2112 5162 Annum
2133 5099 2206 5163 800
2221 5103 2432 5186 promulpatc

568 5267 584 5304 α
608 5247 677 5326 fuit
698 5248 751 5310 leco
773 5248 849 5322 ista,
874 5247 1036 5310 nimirum
1065 5252 1285 5326 anteaquam
1311 5245 1561 5327 ploriosissirnus
1594 5249 1650 5311 ille
1672 5248 1744 5310 Rex
1764 5247 1987 5313 Romanor-tun
2008 5249 2192 5330 Imperator
2214 5252 2429 5315 renunciatus

570 5415 587 5453 o
610 5395 715 5474 suerit
739 5415 767 5454 a.

567 5669 1019 5687 m———n———u—

607 5915 630 5989 ‘)
650 5915 750 5984 Queste
771 5919 862 5991 parole
883 5929 1014 5974 monceau
1036 5915 1077 5973 net
1100 5921 1189 5972 nostro
1213 5913 1318 5972 codiee.
