5376 7094
622 513 670 587 32
1260 516 1432 588 deunx
1468 516 1735 590 onvsdsls

576 738 722 825 prefata
745 744 846 809 terra
869 759 950 810 cum
972 740 1120 826 parietis
1143 743 1196 808 est
1218 760 1281 826 per
1303 761 1344 810 ec
1365 742 1568 810 mensuria:
1592 762 1616 811 a
1638 745 1741 829 parte
1765 741 2027 828 septemtrionis
2054 741 2139 806 sunt
2163 736 2268 825 pedes
2291 736 2425 825 biginti

581 891 760 976 quadtuor
783 897 820 960 et
842 891 1013 978 supmisse
1036 911 1160 959 unum:
1178 913 1201 962 a
1216 897 1320 980 parte
1342 893 1538 963 occidentis
1552 899 1639 964 sunt
1661 895 1766 984 pedes
1789 895 2035 984 quadraginta
2058 910 2184 960 unum:
2204 897 2345 981 aparte
2360 911 2434 962 me·

582 1043 676 1112 ridie
698 1049 783 1113 sunt
806 1045 910 1132 pedes
933 1045 1069 1134 biginti
1086 1051 1163 1115 octo
1178 1051 1215 1116 et
1231 1047 1405 1134 supmisse
1421 1066 1547 1117 unum:
1564 1067 1587 1117 a
1601 1050 1705 1136 parte
1721 1047 1872 1116 orientis
1895 1050 1980 1116 sunt
2002 1045 2108 1134 pedes
2131 1043 2299 1134 triginta,
2316 1047 2429 1114 totum

584 1201 832 1267 mensuratum
862 1199 908 1267 ad
941 1199 1035 1268 iusto
1066 1201 1190 1288 pedem
1220 1219 1367 1270 manum
1398 1201 1548 1269 homini.
1573 1199 1670 1268 Infra
1692 1199 1850 1285 predicte
1874 1198 1957 1266 linis
1979 1201 2016 1266 et
2039 1197 2221 1266 mensurio
2244 1197 2348 1265 nobis
2375 1204 2429 1268 est

580 1349 822 1434 pertinentem
846 1350 891 1420 de
916 1352 996 1439 ipsa
1019 1357 1119 1422 terra
1142 1371 1222 1420 cum
1246 1352 1315 1440 ipsi
1339 1353 1493 1440 parietis
1516 1373 1538 1421 a
1561 1359 1664 1440 parte
1688 1353 1840 1441 predicti
1864 1352 2021 1440 genitori
2053 1355 2175 1420 nostro
2207 1352 2333 1421 inclite
2356 1356 2429 1421 tres

577 1503 760 1590 sortionis,
784 1509 820 1574 61
842 1506 912 1574 due
934 1504 1103 1574 sortionis
1126 1506 1194 1573 feci
1218 1512 1310 1575 esset
1333 1509 1411 1594 ipsa
1433 1513 1532 1578 16116
1553 1527 1635 1576 cum
1658 1509 1765 1578 vinea
1787 1512 1823 1577 et
1846 1511 2000 1578 bacuum
2021 1508 2065 1576 de
2088 1509 2204 1576 locum
2229 1506 2343 1576 veteri
2362 1507 2423 1592 qui

581 1661 636 1725 est
658 1677 723 1744 per
748 1677 788 1726 ec
811 1661 1009 1728 mensoria:
1034 1681 1057 1728 a
1079 1666 1182 1747 parte
1205 1661 1354 1730 meridie
1376 1663 1448 1730 ilne
1471 1661 1555 1748 poiu
1577 1666 1613 1731 61
1635 1680 1730 1750 sepe,
1754 1667 1838 1730 sunt
1862 1661 1945 1730 inde
1967 1660 2064 1748 passi
2093 1660 2287 1747 sexaginta
2310 1677 2423 1746 usque

582 1812 620 1876 in
644 1810 764 1879 media
787 1830 870 1899 sepe
894 1813 955 1896 qui
981 1815 1096 1881 estin
1119 1831 1204 1899 pars
1228 1813 1391 1882 orientis:
1416 1834 1439 1882 a
1462 1833 1546 1902 pars
1570 1815 1834 1902 septemtrionis
1858 1816 1930 1882 fine
1953 1816 2040 1902 pede
2063 1815 2288 1883 dementem:
2306 1832 2431 1900 apars

579 1963 775 2032 occidentis
797 1966 869 2032 fine
893 1965 1008 2033 medio
1031 1966 1183 2052 misnen,
1207 1967 1308 2035 etde
1331 1966 1517 2054 longitudo
1539 1968 1586 2038 16
1609 1970 1685 2056 ipso
1708 1968 1791 2057 poiu
1815 1987 1927 2056 usque
1950 1969 1990 2037 in
2014 1969 2102 2055 pede
2125 1969 2168 2036 de
2193 1969 2310 2055 ipsum
2328 1985 2427 2034 mon-

580 2121 667 2204 tem,
692 2121 728 2184 et
750 2117 855 2203 quasi
880 2117 918 2184 in
942 2119 1057 2186 medio
1079 2117 1154 2185 loco
1176 2137 1240 2206 per
1264 2119 1344 2207 ipsa
1367 2119 1477 2189 vinea
1499 2125 1618 2190 vetere
1641 2124 1726 2190 sunt
1741 2121 1838 2209 passi
1862 2121 2056 2210 sexaginta
2072 2125 2221 2208 septem,
2239 2123 2276 2188 et
2291 2123 2427 2188 rectum

585 2269 695 2340 badat
718 2272 764 2341 da
790 2270 858 2360 ipsi
883 2272 1079 2359 sexaginta
1103 2276 1238 2359 septem
1263 2274 1361 2358 passi
1392 2293 1456 2361 per
1480 2274 1557 2360 ipso
1580 2275 1731 2363 11161166,
1755 2275 1819 2362 qui
1841 2278 1895 2344 661
1918 2297 1941 2344 6
1964 2293 2049 2362 pars
2071 2275 2294 2364 occidentis,
2319 2293 2432 2362 usque

584 2425 623 2491 in
648 2424 736 2512 pede
761 2427 804 2494 de
830 2428 945 2513 ipsum
968 2430 1146 2494 montem:
1171 2431 1247 2496 tota
1270 2427 1479 2514 supradicta
1494 2428 1678 2498 mensurio
1701 2428 1770 2496 fuit
1791 2434 2036 2498 mensuratum
2049 2430 2095 2498 ad
2111 2447 2255 2516 passum
2279 2430 2341 2516 qui
2357 2428 2430 2496 sin-

581 2587 733 2665 gnatum
756 2587 810 2650 est
833 2582 872 2647 in
895 2581 1061 2651 columna
1083 2600 1284 2651 marmorea
1307 2582 1523 2651 deecclesia
1547 2583 1662 2653 sancti
1687 2587 1823 2654 mathei
1847 2588 1891 2654 16
1920 2583 2204 2673 archiepiscopio
2238 2581 2432 2652 salernita-

585 2751 646 2802 no.
670 2735 769 2802 Unde
793 2735 893 2820 prius
917 2735 993 2820 ipse
1016 2733 1266 2802 constantinus
1290 2736 1518 2820 conpreensit
1542 2736 1581 2802 in
1605 2740 1736 2803 sortem
1761 2736 1840 2823 ipsa
1865 2741 1965 2804 terra
1988 2754 2070 2802 cum
2092 2731 2161 2820 ipsi
2186 2734 2336 2820 parietis
2358 2735 2430 2803 fra-

585 2887 692 2955 britis
715 2891 777 2974 qui
802 2893 867 2976 est,
891 2888 985 2956 sicut
1008 2888 1188 2976 diximus,
1211 2893 1286 2957 tres
1318 2888 1491 2956 sortiones
1514 2908 1595 2956 cum
1619 2889 1697 2976 ipsa
1729 2892 1834 2957 rebus
1856 2889 1900 2956 de
1923 2889 2038 2956 locum
2068 2889 2165 2975 sepi,
2197 2891 2234 2954 et
2257 2905 2321 2954 nos
2346 2907 2427 2957 con·

585 3019 809 3128 preeus'imus
839 3043 878 3108 in
907 3047 1038 3111 sortem
1070 3041 1278 3130 supradicta
1307 3045 1408 3112 terra
1436 3061 1517 3109 cum
1549 3043 1656 3110 vinea
1687 3047 1722 3110 et
1744 3045 1898 3111 bacuum
1921 3041 1964 3108 de
1988 3040 2065 3128 ipso
2101 3041 2217 3108 locum
2241 3042 2352 3110 veteri
2369 3061 2432 3128 per

586 3198 790 3285 supradicte
814 3196 897 3263 finis
919 3201 956 3264 et
979 3198 1160 3263 mensurio
1173 3243 1183 3281 ,
1214 3195 1308 3263 sicut
1331 3195 1496 3282 superius
1519 3195 1673 3283 legitur:
1701 3215 1741 3264 ec
1766 3196 1893 3282 661116,
1920 3194 2013 3264 sicut
2039 3197 2350 3284 conpreensimuS,
2382 3199 2433 3266 sic

584 3372 647 3439 per
670 3356 793 3439 partes
815 3353 910 3419 inter
933 3369 997 3418 nos
1020 3352 1081 3418 ille
1103 3351 1330 3437 tradidimus,
1355 3369 1437 3418 cum
1459 3350 1579 3418 omnia
1603 3350 1699 3418 intro
1723 3369 1760 3418 se
1783 3351 1971 3419 abentibus
1995 3351 2228 3438 omnibusque
2252 3353 2327 3420 suis
2350 3371 2431 3439 per-

583 3503 749 3572 tinentiis
773 3507 808 3573 61
831 3524 912 3572 cum
935 3505 1012 3572 vice
1035 3505 1078 3573 de
1103 3504 1164 3572 bia
1187 3523 1266 3592 sua,
1291 3503 1336 3572 ad
1360 3504 1534 3572 securiter
1558 3509 1594 3572 et
1616 3504 1766 3570 tirmiter
1790 3505 1914 3573 amodo
1937 3508 1972 3571 et
1995 3522 2123 3591 senper
2147 3522 2210 3572 nos
2234 3509 2270 3574 et
2297 3507 2434 3574 nostris

584 3658 749 3726 eredibus
773 3660 852 3745 ipsa
875 3664 998 3727 nostra
1021 3659 1214 3726 sortionem
1236 3657 1427 3744 abendum,
1443 3657 1689 3744 posidendum,
1705 3653 1973 3744 dominandum,
1990 3656 2111 3724 omnia
2135 3658 2267 3727 exinde
2291 3658 2428 3728 sacien-

583 3813 667 3878 dum
691 3813 783 3898 quod
806 3813 1035 3901 voluerimus,
1061 3816 1196 3899 absque
1219 3811 1316 3878 omni
1339 3811 1594 3880 contrarietate
1616 3810 1729 3897 ipsius
1752 3810 1969 3879 constantini
1993 3815 2030 3877 et
2053 3811 2197 3880 deeius
2220 3812 2359 3898 eredes;
2384 3813 2427 3881 de

583 3985 655 4050 qua
670 3983 838 4052 perrona
859 3950 1146 4034 convenientiam
1169 3965 1302 4052 guadia
1325 3964 1427 4032 nobis
1451 3964 1549 4032 dedit
1564 3963 1641 4052 ipse
1663 3965 1926 4053 constantinus
1941 3970 1976 4033 et
1992 3966 2223 4035 mediatorem
2246 3967 2350 4034 nobis
2366 3977 2426 4054 po-

585 4121 658 4187 suit
681 4138 804 4190 manso
829 4119 1006 4190 castaldus
1036 4119 1132 4188 filius
1162 4119 1401 4205 constantini;
1424 4123 1461 4187 et
1484 4137 1546 4206 per
1570 4120 1647 4204 ipsa
1677 4119 1810 4205 guadia
1839 4119 2012 4205 obligavit
2040 4138 2079 4188 se
2102 4126 2138 4189 et
2161 4121 2237 4188 suis
2264 4121 2431 4191 eredibus

585 4273 681 4340 omni
705 4279 862 4362 tempore
885 4273 1166 4362 permanendum
1197 4273 1382 4341 nobiscum
1406 4279 1545 4343 etcum
1569 4273 1703 4343 nostris
1726 4275 1890 4342 eredibus
1915 4274 1953 4341 in
1976 4275 2180 4361 supradicta
2201 4277 2431 4365 divisionem,

585 4434 621 4496 61
646 4447 717 4497 non
740 4446 931 4515 queramus
953 4423 1047 4495 inter
1071 4443 1135 4492 nos
1159 4428 1194 4492 et
1216 4426 1348 4492 nostris
1372 4425 1535 4494 eredibus
1559 4445 1617 4494 eos
1641 4444 1821 4494 removere
1845 4431 1908 4497 aut
1930 4431 2112 4516 contrare3
2130 4428 2429 4500 616116111611116

586 4589 642 4656 rel
665 4603 746 4653 suos
769 4585 890 4655 eredes
915 4584 1046 4652 ibidem
1069 4601 1140 4650 non
1164 4583 1460 4671 permanseritet
1484 4580 1627 4667 aliquit,
1650 4579 1693 4648 de
1717 4578 1809 4667 quod
1831 4582 1997 4667 superius
2014 4583 2162 4670 legitur,
2180 4583 2357 4668 quesierit
2372 4603 2429 4651 re·

587 4740 728 4805 mobere
751 4743 814 4806 aut
835 4739 1013 4823 contrare,
1036 4753 1245 4821 componere
1267 4733 1440 4820 obligavit
1455 4751 1492 4801 se
1508 4737 1542 4801 et
1558 4752 1639 4800 suos
1662 4734 1784 4803 eredes
1808 4735 1910 4802 nobis
1934 4738 2136 4822 nostrisque
2161 4737 2328 4806 eredibus
2343 4753 2431 4805 cen-

589 4897 665 4957 tum
689 4889 768 4960 auri
795 4889 923 4956 solidos
945 4887 1253 4956 constantinianos
1276 4889 1313 4952 61
1335 4884 1423 4954 talia
1439 4885 1541 4952 nobis
1557 4885 1758 4974 nostrisque
1774 4887 1938 4954 eredibus
1954 4887 2153 4974 adinplere:
2179 4893 2321 4958 tantum
2345 4891 2377 4957 si
2393 4891 2437 4957 de

590 5043 794 5132 supradicte
816 5042 922 5111 sortis
945 5061 1007 5130 per
1032 5043 1146 5127 legem
1169 5039 1394 5127 perdidemus
1417 5041 1550 5126 absque
1574 5040 1788 5128 colludium,
1813 5060 1905 5108 unus
1929 5042 2083 5111 alterum
2106 5044 2202 5111 inter
2225 5061 2290 5112 nos
2314 5049 2350 5113 et
2374 5061 2436 5111 no-

591 5200 676 5269 stris
701 5197 867 5267 eredibus
889 5196 985 5264 iusta
1008 5194 1184 5263 rationem
1207 5191 1339 5262 exinde
1369 5197 1624 5280 restauremuS,
1649 5198 1683 5261 et
1707 5213 1776 5262 unc
1794 5197 1943 5264 brebem
1972 5194 2100 5284 scripsi
2124 5215 2191 5283 ego
2214 5197 2439 5285 grimoaldus

591 5352 768 5420 notarius.

639 5479 669 5596 †
695 5509 771 5593 Ego
795 5503 955 5592 desigius

641 5635 671 5749 †
697 5663 772 5749 Ego
796 5661 995 5727 romoaldus
1019 5672 1073 5722 me
1098 5654 1290 5739 subscripsi

643 5789 672 5903 †
697 5818 771 5904 Ego
793 5816 1005 5884 imetancus.
