5334 7098
1009 483 1414 554 uiridissimus
2015 477 2083 552 219

268 733 364 781 mus:
390 730 455 779 nos
479 713 683 799 nostrisque
707 711 911 796 heredibus,
936 710 991 780 vel
1016 711 1163 779 missum
1188 712 1349 778 nostrum
1364 705 1531 776 tollamus
1545 724 1604 776 eos
1619 706 1859 793 medietatem,
1876 710 1913 774 et
1930 706 2008 793 ipsa
2024 704 2126 776 halia

272 865 468 956 medietate
491 865 558 933 sibi
584 867 729 954 abeant,
746 864 947 935 iaciendum
970 865 1053 932 inde
1077 882 1139 950 per
1166 867 1286 950 partes
1310 859 1403 948 quod
1426 858 1655 947 voluerimus3
1671 865 1706 927 et
1722 858 1800 946 ipsa
1824 861 1950 927 nostra
1965 859 2125 926 sortione

270 1023 450 1108 reponant
483 1018 557 1088 illis
587 1037 646 1088 eos
677 1021 775 1087 vobis
807 1019 905 1087 intus
929 1018 1005 1104 ipso
1028 1019 1425 1104 organeumnostrum,
1449 1016 1485 1080 et
1509 1009 1717 1082 annualiter
1749 1011 1889 1080 salvum
1917 1011 2000 1080 illut
2024 1012 2131 1080 nobis

269 1171 420 1260 saciant,
445 1173 555 1240 donec
579 1171 662 1240 illut
688 1172 769 1240 inde
792 1170 993 1258 tulerimus²
1017 1172 1149 1258 absque
1173 1165 1452 1255 degeneratione
1478 1171 1514 1234 et
1538 1167 1622 1252 igne
1639 1169 1675 1235 et
1691 1185 1823 1252 mures3
1839 1169 1875 1233 et
1891 1165 1976 1233 dum
1993 1163 2128 1233 ibidem

270 1327 478 1394 steterimus
500 1344 565 1394 nos
589 1325 645 1394 vel
670 1326 816 1394 missum
847 1327 1008 1392 nostrum
1031 1342 1094 1411 per
1117 1321 1295 1391 vindemie
1326 1339 1390 1408 pro
1413 1319 1659 1405 recipiendum
1694 1319 1775 1406 ipsa
1805 1323 1928 1388 nostra
1952 1318 2128 1405 sortione,

270 1480 343 1546 illis
368 1498 432 1546 nos
455 1480 595 1548 nutrire
619 1481 813 1549 secundum
838 1480 979 1548 illorum
1003 1477 1250 1565 possivilitate‚
1275 1481 1311 1544 et
1334 1477 1442 1576 deant
1467 1474 1571 1552 nobis
1588 1475 1843 1564 palmentatica
1857 1480 1893 1544 et
1909 1477 2120 1544 terraticum

271 1634 469 1702 secundum
493 1633 786 1700 consuetudinem
802 1631 844 1699 de
860 1630 937 1720 ipso
954 1630 1081 1699 locum:
1098 1631 1142 1700 ad
1158 1629 1370 1717 completum
1387 1630 1502 1716 ipsum
1519 1629 1754 1697 constitutum
1773 1627 1889 1697 licead
1904 1628 1978 1696 illis
1993 1629 2126 1698 exinde

271 1790 401 1875 exire3
426 1793 461 1857 et
486 1789 516 1856 si
540 1808 625 1859 casa
648 1789 702 1857 vei
727 1789 879 1858 reditum
909 1787 1042 1856 ibidem
1071 1788 1168 1858 sacta
1199 1787 1365 1873 abuerit,
1390 1785 1523 1855 liceant
1557 1785 1630 1852 illis
1660 1784 1764 1852 illum
1788 1783 1872 1852 inde
1895 1782 2020 1851 tollere
2046 1803 2128 1852 cum
2197 1868 2199 1874 Α

270 1944 388 2010 omnis
411 1942 486 2010 alia
509 1962 574 2011 sua
596 1961 720 2029 causa,
745 1945 781 2010 et
802 1946 949 2030 portare
972 1941 1051 2010 illos
1076 1944 1138 2010 ubi
1161 1943 1355 2030 voluerint,
1380 1943 1457 2010 sine
1481 1938 1737 2008 contrarietate
1760 1942 1910 2024 nostra,
1934 1943 1970 2006 et
1995 1937 2123 2006 inclita

274 2095 354 2182 ipsa
377 2103 501 2166 nostra
524 2097 691 2164 tradictio
715 2096 885 2164 remittad
909 2095 954 2163 ad
978 2099 1149 2182 potestate
1180 2102 1303 2166 nostra
1335 2096 1437 2164 etde
1461 2095 1593 2164 nostris
1617 2093 1794 2161 eredibus.
1818 2093 1917 2162 Unde
1940 2111 2002 2179 per
2027 2093 2125 2161 bona

271 2251 540 2319 combenientia
563 2251 698 2338 guadia
721 2249 830 2317 michi
858 2252 932 2338 ipse
955 2249 1130 2320 malireda
1153 2249 1264 2338 dedit,
1280 2255 1316 2319 et
1332 2251 1561 2319 mediatorem
1586 2247 1695 2316 michi
1720 2248 1839 2334 posuit
1855 2247 2014 2316 sellictus
2030 2245 2129 2314 filius

272 2405 366 2488 petri
374 2425 384 2491 3
410 2408 446 2472 et
467 2422 530 2490 per
556 2403 635 2491 ipsa
658 2405 795 2491 guadia
818 2411 881 2475 etc.
908 2408 1056 2474 Stototo
1078 2408 1195 2473 motta
1217 2407 1348 2491 ctpinti
1371 2405 1565 2472 solidorum
1581 2375 1666 2470 cori
1680 2403 2071 2476 constantinianoram.
2090 2403 2127 2468 et

273 2561 368 2625 bunc
393 2560 536 2627 brebem
560 2557 685 2646 scripsi
718 2577 784 2646 ego
807 2557 980 2628 iohannes
1012 2559 1164 2630 clericus
1187 2563 1223 2628 et
1247 2559 1413 2628 notarius
1437 2557 1499 2644 qui
1523 2556 1689 2624 interfui.
1713 2557 1973 2624 Verumtamen
1996 2559 2032 2623 et
2056 2557 2121 2623 hoc

274 2711 515 2798 recordamuS‚
541 2714 580 2778 ut
604 2711 678 2798 ipse
702 2710 890 2797 malireda‚
915 2712 970 2778 vel
993 2710 1070 2779 eius
1094 2713 1216 2780 eredes
1239 2714 1383 2798 portent
1400 2711 1480 2796 ipsa
1502 2714 1628 2778 nostra
1652 2709 1808 2777 sortione
1833 2709 1876 2776 de
1900 2709 1975 2796 ipso
1998 2709 2127 2776 vinum

275 2883 385 2950 usque
408 2862 593 2933 cellarium
617 2867 791 2952 nostrum,
816 2866 908 2951 quod
932 2866 1137 2934 abuerimus
1160 2867 1206 2935 ad
1232 2865 1310 2953 ipsa
1333 2871 1433 2934 curte
1456 2870 1581 2933 nostra
1597 2865 1642 2932 da
1658 2883 1743 2934 casa
1767 2862 1896 2932 sollicti
1923 2863 1991 2933 fllii
2017 2863 2127 2946 (deest

276 3019 424 3103 orontem),
442 3021 477 3086 ct
494 3018 608 3104 ipsum
631 3034 829 3104 organeum
853 3036 916 3104 per
940 3016 1014 3084 iltis
1037 3016 1108 3084 fiad
1133 3019 1349 3106 comiatum,
1374 3021 1467 3087 sicut
1491 3019 1676 3089 meruerit.
1694 3039 1760 3107 ego
1784 3019 1957 3088 iohannes
1975 3018 2130 3088 clericus

273 3174 309 3237 et
331 3169 495 3238 notarius
519 3188 558 3237 ec
582 3170 765 3237 subiunxi.

320 3298 348 3413 †
374 3327 449 3412 Ego
473 3326 536 3412 qui
561 3344 670 3411 supra
693 3325 879 3394 mirandus
902 3324 1011 3394 iudex

319 3451 348 3565 †
373 3497 438 3568 ego
462 3479 623 3549 ademari
646 3479 809 3550 notarius
832 3498 887 3548 mc
911 3477 1108 3565 subscripsi

318 3607 348 3722 †
371 3653 437 3720 ego
460 3633 717 3703 inachenoifns,

1049 4181 1334 4264 DCLXIV.

1048 4444 1104 4522 Α.
1132 4441 1184 4521 D.
1212 4439 1335 4523 1013.

314 4683 351 4822 †
376 4735 415 4802 ln
440 4735 583 4803 nomine
599 4734 732 4803 domini
748 4734 805 4804 dei
821 4732 1007 4806 salvatoris
1023 4735 1125 4803 ihesu
1140 4736 1281 4821 christi,
1304 4737 1522 4822 temporibus
1537 4735 1657 4804 domni
1674 4735 1786 4824 sergii
1802 4733 1947 4822 gloriosi
1965 4733 2069 4806 ducis
2086 4741 2122 4807 et

271 4889 471 4978 imperialis
486 4891 632 4978 patricii
648 4909 743 4961 anno
759 4891 958 4978 undecimo,
975 4889 1032 4958 die
1048 4889 1186 4960 decima
1201 4889 1334 4958 mensis
1349 4889 1524 4976 ianuarii,
1542 4887 1738 4958 indictione
1755 4889 1958 4978 undecima,
1984 4887 2121 4961 amalfi.

270 5047 414 5116 Certum
437 5053 491 5117 est
513 5067 571 5117 me
595 5049 780 5118 anthiocia
802 5047 879 5116 fllia
902 5048 1081 5135 quondam
1104 5046 1216 5115 leonis
1240 5045 1282 5115 de
1305 5043 1425 5132 sergio
1439 5044 1483 5113 de
1499 5043 1623 5130 lupino
1639 5042 1682 5112 de
1705 5043 1835 5114 domna
1850 5045 1957 5134 crini,
1974 5050 2011 5114 et
2028 5065 2123 5118 uxor

271 5219 355 5271 vero
380 5203 600 5274 constantini
623 5203 690 5271 filii
715 5202 895 5290 quondam
919 5201 1031 5270 leonis
1053 5200 1096 5269 dc
1119 5201 1236 5288 sergio
1258 5199 1301 5268 dc
1326 5199 1449 5288 lupino
1479 5199 1523 5268 de
1552 5197 1682 5268 domna
1704 5198 1827 5287 crini,
1859 5205 1894 5269 et
1919 5218 2011 5269 uxor
2036 5220 2122 5270 vero

269 5361 490 5430 constantini
514 5361 581 5428 filii
605 5335 784 5448 quondam
814 5357 908 5430 leoni
938 5357 1155 5444 tortellario‚
1186 5375 1249 5444 per
1280 5353 1539 5426 absolutionem
1571 5372 1656 5460 vero
1687 5354 1926 5444 suprascripti
1951 5359 2119 5429 constan·

272 5518 336 5586 tini
362 5517 433 5585 viri
456 5515 525 5586 mei
550 5515 730 5604 michique
752 5515 981 5586 constantino
1004 5514 1135 5601 optime
1159 5513 1297 5600 placet,
1327 5517 1363 5582 et
1387 5514 1452 5582 hec
1476 5511 1635 5581 venditio
1665 5530 1728 5598 per
1751 5529 1871 5579 meum
1902 5528 2119 5582 consensum

269 5682 306 5746 ct
328 5675 551 5744 voluntatem
575 5676 671 5744 iacta
694 5679 760 5762 est,
785 5691 807 5742 a
830 5670 986 5758 presenti
1010 5671 1068 5740 die
1091 5670 1332 5758 promtissima
1354 5670 1538 5740 voluntate
1554 5669 1861 5757 Venundedimus‚
1886 5673 1994 5762 atque
2018 5675 2054 5741 et
2077 5669 2120 5738 in

269 5831 443 5918 presentis
466 5831 637 5902 cessimus
660 5833 696 5899 et
719 5826 1000 5901 contradidimus
1025 5827 1124 5897 vobis
1147 5825 1274 5896 domno
1297 5825 1414 5914 sergio
1434 5824 1508 5894 mio
1531 5824 1709 5912 quondam
1732 5825 1853 5895 domni
1879 5823 2047 5896 iohannis
2074 5823 2120 5894 de
