5310 7080
576 556 624 624 48
1217 556 1391 628 CODEX
1426 555 1693 630 CAVENSIS

529 782 708 870 boluerit;
733 788 770 852 et
792 783 822 850 si
847 783 1022 852 animalia
1045 781 1278 870 guardaverit
1300 782 1371 869 ipsi
1393 781 1460 850 filii
1485 781 1563 870 sui,
1589 783 1756 852 similiter
1786 781 1930 850 tertiam
1955 782 2094 866 partem
2118 780 2202 848 inde
2225 779 2379 868 tolleret,

529 938 732 1009 laciendum
755 935 887 1006 exinde
911 935 1003 1022 quod
1026 933 1190 1002 boluerit.
1216 934 1311 1003 unde
1334 934 1456 1002 taliter
1481 935 1747 1024 adimplendum
1770 935 1904 1024 guadia
1935 933 2012 1020 ipsa
2035 933 2123 1002 lieni
2147 931 2256 1001 michi
2282 933 2379 1001 dedit

531 1109 709 1161 unacum
734 1087 916 1158 dauferius
939 1073 1103 1156 notarius
1125 1061 1374 1157 adbocatorem
1398 1105 1514 1176 suum,
1538 1093 1632 1158 etse
1657 1092 1734 1175 ipsa
1758 1091 1874 1176 posuit
1897 1085 2116 1174 mediatrice3
2140 1090 2180 1154 ut
2202 1085 2232 1152 si
2257 1084 2378 1154 taliter

531 1245 652 1314 omnia
675 1239 919 1329 suprascripta
944 1256 1016 1307 non
1041 1237 1288 1326 adimpleverit
1302 1243 1339 1307 et
1352 1239 1482 1328 aliquit
1497 1242 1628 1310 exinde
1651 1260 1830 1312 removere
1844 1241 2030 1330 quesierit,
2045 1227 2263 1326 componere
2270 1237 2377 1305 michi

530 1399 586 1467 vel
613 1397 658 1464 ad
682 1414 767 1482 pars
790 1392 903 1482 ipsius
925 1392 1073 1462 ecclesie
1095 1397 1239 1461 centum
1262 1396 1344 1464 auri
1366 1395 1496 1464 solidos
1518 1397 1747 1467 costantinus.
1765 1401 1802 1466 et
1817 1417 1886 1467 unc
1902 1397 2046 1464 brebem
2068 1390 2195 1461 scribsi
2211 1408 2278 1477 ego
2292 1389 2378 1456 dau-

527 1547 639 1617 ferius
663 1550 828 1616 notarius
852 1545 914 1633 qui
937 1545 1100 1616 interlui.

577 1673 608 1789 †
633 1720 699 1789 ego
722 1701 785 1786 qui
810 1719 919 1788 supra
940 1703 1061 1785 petrus
1086 1700 1207 1768 iudex.

1337 2282 1576 2363 DLXIX.

1309 2546 1364 2623 A.
1392 2542 1444 2621 D.
1472 2540 1601 2623 1004.

577 2785 613 2925 †
637 2839 677 2902 ln
701 2838 845 2905 nomine
868 2836 1001 2905 domini
1026 2837 1262 2906 sextodecimo
1278 2854 1374 2904 anno
1391 2837 1615 2924 principatus
1630 2837 1749 2904 domni
1767 2838 1879 2906 nostri
1895 2835 2092 2925 guaimarii
2109 2837 2263 2924 glorioso
2278 2840 2376 2926 prin-

532 3011 627 3079 cepe,
652 3009 771 3060 mense
794 2993 1005 3077 september,
1028 2991 1137 3058 tertia
1161 2988 1367 3057 indictione.
1394 2993 1485 3058 Ante
1501 3009 1557 3058 me
1572 2995 1694 3077 petrus
1709 2990 1831 3076 iudex,
1848 2990 1898 3058 ibi
1914 2990 2036 3058 adesse
2051 2991 2162 3078 drogo
2178 2991 2375 3078 castaldus,

531 3145 692 3215 causavit
714 3144 962 3232 maghenollbs
984 3142 1155 3231 presbiter
1178 3141 1325 3212 ecclesie
1339 3145 1457 3211 sancti
1472 3144 1621 3211 maximi
1638 3143 1681 3212 de
1698 3145 1795 3212 intus
1812 3161 1880 3212 anc
1896 3142 2156 3213 salernitanam
2171 3144 2373 3232 civitatem,

531 3321 613 3369 cum
636 3299 799 3368 maranci
822 3298 995 3383 presbiter
1018 3296 1114 3365 lilius
1136 3296 1228 3382 petri
1252 3295 1312 3382 qui
1336 3301 1389 3363 cst
1411 3295 1591 3364 abitantes
1609 3295 1647 3362 in
1671 3294 1787 3363 locum
1810 3301 1978 3365 muntcru
1995 3298 2034 3366 in
2049 3295 2247 3366 castaldato
2263 3297 2375 3384 ipsius

530 3455 692 3542 drogoni,
715 3451 905 3520 dicendum
927 3453 974 3536 ei,
1000 3454 1040 3519 ut
1063 3449 1138 3538 ipse
1161 3449 1324 3518 maranci
1347 3447 1521 3534 presbiter
1553 3449 1646 3518 malo
1670 3449 1819 3518 hordine
1850 3450 2032 3518 introisset
2065 3450 2104 3516 in
2132 3454 2238 3519 rebus
2262 3453 2375 3539 ipsius

530 3607 678 3675 ecclesie
701 3605 743 3672 de
767 3606 842 3691 ipso
866 3604 981 3671 locum
1004 3606 1185 3686 muntoru,
1201 3605 1237 3668 et
1260 3601 1356 3668 fovee
1380 3603 1431 3670 ibi
1455 3603 1607 3689 lecisset,
1623 3607 1659 3671 et
1675 3603 1795 3672 arbori
1819 3603 1901 3671 inde
1924 3603 2146 3692 abscidisset,
2163 3609 2200 3674 et
2215 3606 2373 3673 frudium

532 3761 615 3830 inde
644 3759 806 3844 tulisset,
838 3761 874 3824 et
906 3754 1043 3824 termiti
1075 3755 1205 3824 exinde
1237 3753 1525 3839 exterminasset,
1557 3757 1594 3821 et
1624 3755 1703 3842 ipsa
1728 3755 1832 3821 rebus
1856 3755 1902 3823 ad
1926 3773 2010 3842 pars
2035 3755 2204 3826 iamdicte
2228 3758 2375 3827 ecclesie

531 3905 743 3986 contrasset:
768 3911 843 3997 ipse
867 3907 1028 3977 maranci
1055 3907 1162 3992 dixit,
1187 3909 1287 3976 utin
1309 3905 1466 3994 predicto
1490 3906 1604 3973 locum
1627 3911 1795 3974 muntcru
1819 3909 1926 3976 abere
1949 3911 2069 3996 rebus,
2093 3915 2147 3979 set
2170 3914 2309 3980 nescire
2331 3914 2373 3982 de

530 4067 637 4158 quale
661 4082 742 4133 cum
765 4078 806 4129 eo
828 4057 1002 4128 causavit.
1028 4055 1122 4124 uude
1145 4057 1240 4125 inter
1263 4059 1316 4126 eis
1338 4057 1493 4126 iudicavi
1512 4062 1548 4126 et
1562 4060 1723 4145 utrisque
1741 4059 1795 4128 illi
1819 4061 1996 4149 guadiare
2019 4062 2101 4152 leci,
2118 4067 2254 4152 pariter
2270 4086 2376 4154 super

533 4223 613 4308 ipsa
645 4219 751 4285 rebus
783 4231 932 4301 pergere
963 4231 1044 4280 cum
1075 4210 1192 4280 iudice
1215 4215 1251 4280 et
1273 4211 1437 4299 notarie,
1461 4217 1497 4280 et
1520 4213 1595 4299 ipse
1627 4217 1874 4301 maghenollus
1897 4238 1960 4305 pro
1983 4239 2068 4306 pars
2090 4218 2205 4307 ipsius
2228 4219 2375 4290 ecclesie

532 4373 765 4457 monstraret,
789 4369 832 4437 de
856 4367 961 4455 quale
984 4369 1091 4436 rebus
1113 4385 1195 4434 cum
1217 4384 1258 4434 eo
1280 4366 1455 4452 consevit,
1471 4369 1507 4435 et
1527 4385 1591 4452 per
1613 4371 1733 4453 partes
1756 4369 1933 4455 plicarent
1954 4389 1991 4440 se
2014 4390 2096 4439 cum
2118 4374 2325 4445 adbocatori
2340 4383 2375 4445 et

535 4545 616 4594 cum
640 4524 715 4592 suis
738 4521 955 4606 rationibuS,
980 4522 1016 4586 et
1040 4517 1234 4586 secundum
1257 4519 1372 4606 legem
1396 4517 1491 4588 inter
1516 4537 1553 4588 se
1576 4521 1705 4590 exinde
1735 4517 1843 4590 linem
1877 4523 2050 4594 lacerent.
2082 4527 2177 4596 unde
2200 4529 2275 4614 ipse
2299 4550 2372 4599 ma·

536 4677 726 4765 ghenollus
749 4677 867 4763 posuit
888 4673 1083 4742 mediatore
1113 4676 1235 4758 petrus
1265 4671 1362 4739 filius
1383 4671 1578 4760 dumnelli,
1602 4675 1735 4761 etipse
1767 4678 1930 4744 maranci
1954 4695 2025 4744 non
2048 4682 2166 4765 posuit
2189 4683 2321 4752 exinde
2343 4683 2373 4752 ei

534 4831 742 4916 mediatore,
767 4828 859 4896 unde
883 4827 956 4914 ipse
979 4827 1227 4915 maghenollus
1251 4826 1319 4894 luit
1341 4828 1488 4912 paratus
1512 4825 1551 4892 in
1583 4825 1662 4913 ipsa
1685 4825 1763 4913 die,
1786 4833 1822 4896 et
1849 4831 2023 4921 secunda,
2047 4837 2237 4922 ottenis,
2262 4839 2376 4926 adque

534 4988 666 5074 quarta
688 4982 745 5050 die
768 4979 968 5067 volendum,
993 4985 1034 5048 ut
1056 4981 1130 5068 ipse
1154 4978 1315 5048 maranci
1339 4995 1470 5065 ponere
1493 4979 1526 5046 ei
1551 4979 1758 5068 mediatore;
1781 4988 1835 5051 set
1856 4984 1932 5071 ipse
1955 4987 2118 5055 maranci
2141 5007 2206 5057 nec
2229 4994 2376 5077 paratus

534 5139 618 5208 inde
650 5137 739 5222 luit,
763 5153 828 5203 nec
860 5134 1055 5203 mediatore
1078 5133 1111 5200 ei
1134 5132 1262 5218 posuit.
1288 5135 1324 5200 et
1347 5149 1410 5217 pro
1440 5137 1542 5218 parte
1573 5133 1684 5218 ipsius
1715 5135 1861 5204 ecclesie
1893 5139 1958 5208 hoc
1991 5141 2148 5212 scribere
2173 5143 2321 5212 lecimus
2344 5151 2377 5213 te

534 5294 721 5361 dauferius
745 5292 908 5360 notarius
930 5289 991 5375 qui
1018 5287 1225 5356 interfuisti.

579 5417 609 5533 †
633 5465 699 5533 ego
724 5447 785 5532 qui
809 5464 918 5533 supra
943 5447 1064 5530 petrus
1087 5443 1209 5512 iudex.
