5318 7102
941 559 1106 631 REGUM
1138 559 1441 632 FRANCORUM
2033 563 2073 632 ll

303 777 573 863 estimationem,
602 775 657 848 rel
676 776 916 872 quantitatem,
945 779 1126 872 inperfecti
1146 779 1259 874 operis
1277 803 1455 875 quousque
1473 778 1710 876 proiciantur,
1736 781 1857 854 Comes
1876 790 1991 854 autem
2013 779 2043 852 si
2061 805 2122 854 ne·

304 934 478 1031 glesserit,
508 957 526 1004 a
552 957 632 1029 rege
660 933 715 1007 vel
742 931 895 1006 ministri
921 935 1014 1029 regis
1040 935 1266 1009 iudicandum
1293 945 1357 1008 est.

255 1098 408 1169 Decimis
434 1105 472 1170 ut
490 1098 592 1170 detur
610 1105 644 1170 et
662 1098 745 1170 dare
763 1098 963 1170 nolentibus
981 1099 1174 1172 secundum
1192 1101 1282 1195 quod
1302 1124 1430 1174 annum
1448 1100 1651 1196 preteritum
1670 1103 1912 1177 denuntiatum
1931 1113 1995 1190 est,
2016 1128 2035 1176 a
2052 1105 2119 1178 mi·

306 1258 427 1331 nistris
452 1258 642 1354 reipublice
661 1259 828 1356 erigatur.
857 1260 962 1346 ldest,
983 1259 1131 1356 eligatur
1147 1267 1233 1348 tres,
1262 1258 1317 1331 vel
1336 1267 1426 1346 octo,
1453 1258 1572 1331 obtimi
1591 1260 1763 1349 homines,
1784 1262 1839 1334 vel
1857 1287 1917 1357 pro
1936 1287 2022 1359 opus
2040 1262 2115 1334 lieri

304 1417 346 1488 de
372 1416 522 1512 singulis
549 1417 708 1513 pleribus
734 1419 825 1491 iusta
850 1419 1038 1512 quantitate
1063 1425 1170 1491 testes
1197 1417 1356 1503 existant,
1386 1415 1443 1488 ubi
1470 1417 1547 1488 date
1570 1416 1625 1488 rel
1644 1419 1769 1490 donate
1787 1420 1931 1508 luerint,
1951 1421 2017 1492 hoc
2035 1418 2115 1492 idco

304 1597 370 1646 nec
396 1573 443 1645 ibi
469 1575 664 1647 iuramento
691 1575 814 1673 aliquis
841 1545 990 1650 faciendi
1017 1576 1207 1648 necessitas
1225 1575 1438 1670 contingant.
1459 1574 1538 1646 Ideo
1556 1583 1672 1647 tamen
1689 1585 1804 1648 tantos
1822 1584 1929 1649 testes
1946 1577 2115 1650 mittendo

306 1733 468 1818 dicimus,
497 1741 535 1804 ut
561 1733 626 1828 ipsi
653 1757 788 1830 semper
814 1735 850 1806 in
876 1735 998 1806 dandis
1024 1735 1169 1806 decimis
1187 1742 1365 1828 presentes
1383 1756 1459 1804 esse
1473 1735 1600 1828 pariter
1618 1757 1759 1806 necesse
1786 1735 1843 1820 sit,
1864 1735 1924 1806 scd
1944 1743 1981 1808 ut
2006 1736 2115 1830 pluri-

304 1891 368 1965 bus
393 1891 657 1977 committimus,
688 1894 804 1966 minus
830 1902 1005 1990 gravetun
1033 1893 1069 1964 in
1096 1892 1229 1965 duabus
1248 1899 1362 1963 autem
1380 1893 1409 1962 si
1427 1891 1589 1977 adiuerit,
1611 1891 1763 1963 sufficere
1781 1893 1971 1982 credimus;
1997 1895 2115 1991 neglc-

303 2059 437 2146 gentes,
466 2051 533 2122 aud
559 2077 577 2122 a
603 2052 803 2147 presbiteris
822 2053 1047 2124 admoneatur
1065 2052 1324 2136 aecclesiarum,
1354 2074 1462 2143 usque
1481 2050 1522 2120 ad
1539 2051 1676 2121 tertiam
1694 2051 1802 2138 vices,
1833 2059 1870 2123 ut
1887 2053 1959 2147 ipsa
1977 2055 2111 2126 decima

304 2212 400 2295 dent;
421 2212 513 2302 quod
540 2212 569 2282 si
595 2209 880 2304 contempserint,
900 2208 941 2280 ab
959 2209 1101 2281 introito
1120 2209 1307 2282 aecclesiae
1324 2207 1582 2303 prohibeantur;
1603 2217 1637 2280 ct
1659 2211 1688 2280 si
1713 2219 1798 2282 tunc
1824 2213 1967 2282 minime
1993 2235 2111 2284 emen-

300 2370 470 2456 daverint,
492 2393 510 2440 a
536 2368 685 2440 ministri
713 2367 904 2464 reipublice
930 2369 1079 2442 districti
1106 2369 1236 2464 singuli
1262 2393 1323 2464 per
1348 2369 1456 2463 capud
1484 2392 1543 2440 sex
1561 2369 1662 2442 solidi
1681 2370 1870 2442 aecclesiae
1888 2379 2113 2466 componant,

299 2536 333 2598 et
359 2525 501 2620 insuper
526 2525 678 2598 decimas
704 2527 785 2598 darc
811 2533 991 2621 cogantur.
1023 2527 1109 2598 Nam
1135 2529 1164 2598 si
1183 2529 1309 2599 iterum
1328 2529 1562 2601 contentiores
1580 2530 1741 2618 estiterit,
1771 2529 1869 2602 Tunc
1895 2553 1955 2624 per
1973 2529 2111 2625 publica

300 2685 537 2790 auctoritatem
551 2686 706 2772 domum,
723 2686 777 2758 vel
792 2709 985 2772 caseorum,
1002 2685 1203 2780 guiffentur,
1224 2709 1403 2781 quousque
1421 2712 1481 2782 pro
1500 2689 1573 2782 ipsa
1585 2689 1750 2776 decimas,
1767 2691 1859 2762 sicut
1873 2689 2108 2784 supradictum

300 2853 365 2928 est,
382 2842 581 2928 satisfaciat,
598 2842 689 2936 quod
704 2843 733 2915 si
747 2845 788 2914 de
804 2844 956 2918 minores
970 2844 1114 2929 vellent,
1131 2844 1186 2914 vel
1199 2843 1471 2916 contradictores
1489 2855 1581 2916 esset
1595 2855 1629 2918 et
1643 2870 1746 2941 supra
1759 2846 1865 2941 guiffa
1877 2848 1900 2940 ¹)
1917 2871 1978 2919 sua
1992 2853 2109 2918 aucto-

182 2985 185 2989 ’
299 3003 399 3074 ritate
426 3001 554 3072 intrare
581 3001 876 3097 presumpserint,
906 3002 1004 3074 Tunc
1030 3027 1049 3072 a
1075 3001 1225 3074 ministri
1257 3001 1445 3098 reipublice
1472 3006 1508 3076 in
1538 3006 1730 3078 custodiam
1761 3009 1969 3094 mittantur,
1999 3029 2109 3100 usque

299 3162 340 3234 ad
367 3163 533 3235 iudicium
552 3159 728 3256 publicum
743 3162 989 3257 perducantur,
1006 3171 1040 3235 et
1057 3162 1104 3236 ibi
1123 3166 1336 3237 saecundum
1353 3167 1467 3262 legem
1486 3191 1503 3237 a
1522 3168 1653 3251 comiti,
1674 3169 1729 3239 vel
1747 3174 1841 3261 parte
1859 3165 1996 3262 publica
2012 3187 2107 3237 com-

299 3327 482 3416 ponantur.
509 3319 656 3413 Reliqua
681 3327 796 3392 autem
821 3345 917 3408 uero,
938 3329 976 3393 ut
993 3347 1095 3417 supra
1121 3325 1253 3394 dictum
1279 3332 1344 3410 est,
1373 3323 1518 3392 decimis
1544 3330 1579 3394 et
1596 3345 1656 3393 sex
1673 3321 1802 3392 solidos
1819 3330 1939 3395 contra
1957 3320 2107 3394 ecclesia

296 3479 520 3564 satisfaciant,
537 3487 571 3550 et
585 3478 738 3564 interim,
754 3487 908 3573 utsupra
925 3478 1137 3567 dictumest,
1153 3481 1244 3553 inter
1257 3489 1373 3554 cetera
1390 3483 1444 3576 pia
1461 3477 1643 3553 christiani
1657 3501 1760 3573 opera
1774 3503 1911 3553 serrare
1930 3488 2107 3574 contemp·

298 3637 361 3723 nit,
390 3661 568 3732 quousque
595 3637 629 3709 in
649 3637 807 3731 sequenti
825 3647 1035 3710 conventum
1053 3662 1172 3711 mense
1190 3637 1350 3712 obtuhrio
1368 3638 1546 3710 conditum
1565 3647 1630 3724 est,
1658 3637 1727 3708 nisi
1754 3637 1841 3712 sorte
1868 3662 1985 3734 arcge
2004 3640 2105 3715 aliter

297 3797 529 3893 precipiantur
555 3795 684 3891 aliquid
710 3797 836 3870 melius
861 3796 1046 3882 edendum,
1075 3798 1291 3884 mutandum,
1319 3798 1374 3870 uel
1401 3799 1465 3870 deo
1492 3777 1599 3870 duces
1624 3799 1832 3870 inveniatur.

248 3973 359 4027 xatrn.
387 3957 452 4044 Qui
470 3955 682 4028 subdiacono
699 3955 903 4043 hocciderit,
923 3975 985 4030 occ
1004 3957 1140 4030 Solidos
1158 3965 1351 4052 componat.
1371 3957 1436 4044 Qui
1463 3955 1622 4043 diacono,
1642 3975 1738 4030 cccc.
1759 3957 1824 4045 Qui
1850 3939 1924 4054 p—br',
1952 3976 2008 4030 uo.
2037 3957 2104 4044 Qui

298 4115 509 4211 episcopum,
537 4133 655 4187 ccccc.
684 4115 749 4201 Qui
775 4115 977 4201 monachus,
1005 4134 1169 4188 ccccxcv.
1199 4117 1237 4190 Si
1255 4117 1333 4212 quis
1350 4115 1568 4188 immunitate
1586 4116 1750 4189 damnum
1769 4119 1893 4212 aliquis
1907 4118 2043 4204 lecerit,
2062 4138 2105 4192 oc

300 4273 428 4346 solidos
454 4283 636 4370 componat
661 4275 697 4368 ²).

251 4453 378 4510 increta
405 4415 482 4504 ο-ΑῘ).
510 4449 600 4514 Quor
626 4451 765 4506 bonnus
790 4451 988 4507 IMPERATOR
1015 4452 1189 4507 rasurum
1215 4455 1237 4507 Α
1263 4454 1342 4516 utus
1368 4455 1516 4510 patrato
1541 4455 1652 4509 carus
1678 4457 1703 4508 1.

250 4597 298 4666 lle
325 4593 375 4666 illi
402 4594 600 4666 hominibus
625 4595 683 4689 qui
709 4600 847 4688 propter
871 4616 991 4666 eorum
1009 4595 1127 4690 culpas
1145 4593 1186 4664 ad
1204 4603 1314 4667 morte
1332 4597 1472 4672 luerunt
1490 4596 1644 4684 iudicati,
1669 4607 1703 4669 et
1720 4607 1838 4693 postea
1854 4599 1887 4670 ei
1905 4600 1975 4673 vita
1993 4599 2098 4674 luerit

252 4954 690 4966 -n———u

288 5229 310 5306 'l
333 5251 348 5286 u
372 5227 487 5302 fluida,
510 5231 640 5308 siparum
657 5230 854 5306 possessioni
878 5229 1071 5307 oppositum,
1095 5230 1184 5291 uada
1206 5228 1360 5304 (luiffars,
1384 5233 1513 5310 siquam
1536 5249 1699 5308 opponere
1723 5253 1751 5292 u.
1775 5233 1835 5311 (Du
1859 5234 1967 5310 Gange
1990 5231 2101 5300 Gloss,

249 5391 278 5432 r.
303 5373 407 5448 dritta,
431 5371 565 5453 liuida).

287 5519 309 5598 ²)
332 5519 455 5593 Questa
484 5519 579 5596 legge
610 5518 823 5598 corrisponde
848 5519 878 5578 al
902 5521 1067 5599 principio
1099 5518 1186 5579 dalla
1207 5517 1316 5597 legge‚
1341 5539 1360 5580 o
1383 5520 1582 5601 Capitolare,
1607 5523 1646 5584 CI
1670 5521 1722 5584 del
1746 5521 1926 5594 Muratori;
1952 5524 1975 5585 il
1999 5523 2097 5604 quale

249 5667 315 5727 ha:
348 5665 403 5746 qui
428 5666 638 5739 nonachus,
662 5667 775 5748 dccc,
807 5687 872 5728 non
901 5666 1074 5732 ccccxlv.
1104 5667 1168 5729 Nel
1197 5674 1310 5729 nostro
1341 5666 1460 5732 Codice
1489 5670 1596 5748 prima
1626 5667 1657 5726 di
1686 5676 1804 5746 questa
1831 5669 1927 5749 legge
1956 5672 1985 5731 si
2014 5669 2099 5734 redo

250 5811 366 5874 scritto
390 5812 424 5870 in
447 5829 539 5872 rosso
563 5810 586 5869 il
609 5812 649 5871 N.
672 5811 800 5873 XLIIIl.
