5376 7094
1241 529 1416 602 consil
1440 528 1704 602 CAVENSIS

1320 992 1621 1074 DXXXIX.

1320 1221 1377 1298 A.
1405 1219 1456 1297 D.
1485 1216 1614 1300 1002.

584 1425 684 1565 †ln
708 1478 853 1546 nomine
881 1479 1018 1548 domini
1045 1481 1310 1567 quartodecimo
1341 1496 1437 1549 anno
1469 1479 1693 1565 principatus
1723 1477 1844 1546 domni
1876 1478 1990 1546 nostri
2012 1477 2210 1564 guaimarii
2241 1478 2396 1565 glorioso

534 1634 722 1722 princeps,
747 1652 868 1704 mense
891 1637 1063 1722 martius,
1088 1637 1357 1724 quintadecima
1380 1635 1588 1704 indictione.
1614 1632 1903 1702 Memoratorium
1926 1633 2061 1702 sactum
2084 1651 2107 1703 a
2130 1651 2186 1702 me
2210 1633 2305 1702 maio
2335 1653 2393 1702 ar-

537 1781 770 1851 chidiaconus
794 1789 830 1852 et
853 1788 964 1854 abbas
986 1785 1133 1853 ecclesie
1156 1787 1272 1854 sancti
1297 1787 1463 1872 maximi,
1487 1785 1549 1871 qui
1573 1802 1652 1852 sum
1675 1784 1719 1852 (16
1742 1783 1892 1850 dominii
1916 1783 2029 1869 ipsius
2052 1783 2222 1868 ecclesie,
2239 1802 2281 1850 eo
2301 1787 2393 1870 quod

535 1940 619 2004 ante
642 1935 832 2003 subscribti
858 1939 966 2004 166166
990 1955 1053 2023 per
1076 1954 1169 2004 vona
1193 1935 1454 2004 combenientia
1477 1934 1611 2004 tradidi
1635 1935 1790 2020 iaquinti
1815 1935 1944 2002 clerico
1968 1935 2042 2002 fllio
2067 1937 2231 2022 gaudiosi
2266 1936 2391 2003 inclite

533 2087 641 2156 terris
664 2105 853 2173 campense
876 2091 913 2155 et
934 2087 1043 2156 terris
1065 2107 1134 2174 que
1158 2091 1243 2155 sunt
1266 2090 1429 2172 arbusta,
1453 2087 1508 2154 vel
1533 2087 1746 2173 ubicumque
1769 2087 1877 2156 terris
1900 2088 1947 2156 ad
1970 2087 2221 2157 seminandum
2238 2090 2388 2175 166666-

533 2237 644 2306 616616
667 2240 750 2306 abet
772 2256 836 2324 per
859 2241 935 2306 tota
959 2238 1048 2308 fines
1071 2239 1114 2306 de
1137 2239 1298 2326 nuceria,
1314 2239 1361 2307 da
1377 2258 1474 2325 aqua
1496 2258 1565 2325 que
1588 2238 1721 2306 dicitur
1744 2239 1860 2308 forma
1883 2238 1923 2306 in
1946 2241 2076 2326 subto,
2102 2239 2316 2325 ubicumque
2348 2239 2393 2307 16

536 2393 644 2457 rebus
668 2391 781 2475 ipsius
805 2390 953 2458 ecclesie
977 2391 1146 2458 inbentus
1168 2390 1320 2476 dederit,
1344 2409 1425 2458 cum
1448 2391 1590 2476 proprie
1614 2389 1697 2458 finis
1720 2394 1757 2457 61
1779 2390 1855 2457 vice
1879 2391 1923 2458 de
1946 2392 2016 2459 viis
2038 2392 2129 2477 6116,
2153 2397 2272 2477 scepto
2288 2409 2392 2460 vene-

534 2539 620 2608 ficia
642 2539 735 2625 quod
759 2541 798 2606 in
821 2539 943 2606 eodem
967 2539 1041 2607 loco
1064 2543 1193 2607 tenunt
1216 2540 1405 2626 presbiteri
1429 2545 1465 2608 et
1487 2541 1607 2609 cleriei
1633 2543 1677 2609 16
1700 2543 1780 2628 ipsa
1802 2543 1966 2627 ecclesia,
1994 2549 2030 2611 et
2060 2546 2177 2610 scebto
2202 2545 2325 2612 vinum
2358 2550 2393 2612 et

533 2693 714 2759 castaneis
738 2695 774 2759 et
797 2691 872 2760 alia
896 2691 1077 2760 sruttifera
1100 2691 1144 2758 de
1168 2693 1357 2760 arboribus
1379 2693 1472 2778 qnod
1495 2695 1528 2760 ei
1552 2710 1624 2759 non
1648 2694 1812 2780 tradidit3
1837 2695 1914 2779 ipso
1936 2693 2056 2780 aliut,
2081 2695 2175 2762 sicut
2196 2695 2384 2778 diximus,

532 2849 646 2913 totum
672 2845 753 2914 illut
775 2848 809 2914 ei
833 2846 984 2915 tradidit
1006 2845 1072 2914 tali
1096 2846 1249 2932 ordine,
1275 2851 1314 2914 ut
1337 2847 1462 2916 amodo
1484 2853 1520 2915 et
1543 2864 1655 2932 usque
1679 2864 1743 2913 sex
1767 2846 1855 2913 anni
1883 2846 2062 2932 completi,
2092 2853 2206 2916 totum
2222 2847 2304 2916 illut
2328 2863 2391 2914 sue

533 2997 718 3083 potestatis
742 3001 849 3066 abeat
872 2999 948 3084 ipse
971 2999 1079 3066 terris
1102 2999 1342 3067 ordinandum
1367 3002 1402 3068 et
1426 2998 1472 3065 ad
1496 2995 1732 3066 laborandum
1754 2995 1861 3082 dare,
1892 2995 2048 3083 qualiter
2071 2998 2105 3064 ei
2128 2999 2324 3085 placuerit3
2349 2997 2392 3066 de

534 3154 709 3235 quantum
732 3154 787 3217 est
810 3149 892 3218 illut
915 3151 1008 3236 quod
1030 3169 1097 3238 ego
1120 3151 1167 3219 ad
1190 3170 1306 3219 meam
1330 3152 1539 3236 potestatem
1563 3150 1681 3230 teneo,
1698 3147 1734 3211 et
1749 3149 1886 3232 quanta
1908 3148 2095 3234 terratica,
2112 3152 2148 3216 et
2163 3151 2338 3235 areatica,
2356 3157 2391 3218 et

535 3302 703 3387 serbitia,
719 3307 756 3370 et
770 3303 974 3370 excaticum
997 3302 1040 3370 de
1064 3303 1153 3390 ipsis
1176 3305 1296 3389 rebUS,
1321 3306 1357 3368 et
1371 3302 1415 3368 de
1431 3299 1644 3382 montanam,
1661 3301 1697 3364 et
1712 3296 1814 3363 silbis
1837 3297 1880 3365 de
1904 3300 2010 3365 rebus
2034 3300 2148 3386 ipsius
2164 3301 2312 3369 ecclesie
2327 3301 2396 3368 tol-

532 3458 608 3520 tere
630 3457 667 3520 61
689 3456 797 3521 abere
819 3455 989 3540 potuerit,
1013 3457 1126 3521 totum
1150 3473 1213 3522 sue
1237 3455 1311 3521 sint
1334 3452 1533 3538 potestatis
1557 3454 1593 3517 et
1615 3449 1779 3516 dividant
1802 3448 1884 3516 illut
1907 3451 1946 3516 in
1969 3455 2042 3519 tres
2066 3455 2201 3520 sortis:
2226 3453 2295 3522 due
2320 3472 2394 3520 sor-

536 3603 584 3670 tis
607 3603 739 3671 exinde
762 3605 870 3672 deant
892 3607 1002 3675 michi
1025 3605 1081 3674 vel
1106 3607 1144 3672 in
1169 3603 1331 3690 partibus
1357 3600 1513 3687 predicte
1535 3599 1697 3682 ecclesie,
1710 3603 1746 3667 61
1761 3601 1905 3668 tertiam
1921 3605 2060 3687 partem
2076 3604 2207 3675 exinde
2222 3605 2292 3671 sivi
2310 3609 2393 3674 abe-

536 3761 628 3841 ant,
652 3755 856 3824 saciendum
879 3757 972 3842 quod
996 3757 1176 3841 1616611,
1200 3707 1236 3822 et
1258 3755 1334 3838 ipse
1357 3751 1425 3818 due
1449 3751 1555 3818 sortis
1570 3749 1662 3836 quod
1678 3751 1781 3817 nobis
1804 3749 1936 3819 exinde
1950 3756 2111 3822 evenerit
2126 3756 2169 3823 de
2186 3756 2263 3842 ipso
2280 3763 2396 3825 terra·

534 3907 676 3992 ticum,
701 3905 762 3974 ille
785 3923 844 3972 eos
867 3910 1011 3992 portare
1034 3905 1172 3972 saciant
1196 3903 1241 3970 ad
1265 3901 1452 3970 cellarium
1477 3901 1590 3985 ipsius
1613 3899 1762 3969 ecclesie
1785 3901 1832 3970 da
1855 3903 1987 3988 parieti
2003 3906 2043 3972 in
2060 3908 2175 3992 subto;
2191 3913 2227 3975 et
2251 3908 2395 3994 quando

533 4075 601 4145 ego
624 4058 680 4126 vel
703 4059 852 4125 missum
876 4058 1038 4123 nostrum
1062 4054 1147 4120 illuc
1170 4052 1458 4139 perrexerimus,
1483 4052 1559 4118 ibse
1584 4052 1771 4138 iaquintus
1801 4055 1903 4122 nobis
1927 4059 2063 4126 notrirc
2087 4060 2283 4130 secundum
2314 4062 2394 4129 eius

535 4209 645 4276 fuerit
668 4206 954 4294 possivilitatem,
970 4209 1006 4271 61
1031 4203 1141 4271 deant
1163 4201 1209 4270 aul
1232 4199 1363 4270 caballi
1387 4202 1500 4268 nostri
1524 4201 1696 4289 ordenm3
1721 4209 1757 4272 et
1779 4206 1904 4274 amodo
1926 4213 1962 4276 et
1985 4227 2097 4298 usque
2121 4213 2197 4300 ipso
2220 4215 2395 4280 constitu·

534 4364 611 4427 tum
635 4359 715 4445 ipsa
740 4361 863 4425 nostra
885 4355 1053 4424 tradictio
1076 4354 1299 4421 defensemus
1321 4352 1434 4436 ipsius
1458 4353 1615 4438 iaquinti
1639 4357 1769 4424 elerico
1792 4359 1838 4427 da
1862 4361 1977 4428 omnis
1991 4364 2166 4432 homines.
2184 4364 2282 4434 Unde
2298 4365 2338 4432 in
2353 4383 2395 4432 eo

535 4510 660 4576 ordine
685 4527 748 4595 per
770 4527 863 4576 vona
887 4505 1152 4574 combenientia
1174 4503 1310 4589 guadia
1334 4503 1443 4570 michi
1469 4504 1544 4588 ipse
1568 4505 1754 4591 iaquintus
1777 4507 1890 4596 dedit,
1905 4513 1941 4577 et
1956 4513 2188 4584 mediatorem
2212 4517 2322 4615 michi
2338 4533 2398 4602 po-

537 4661 611 4726 suit
636 4661 822 4746 iaquintus
844 4658 1014 4726 diaconus
1038 4655 1196 4743 predicte
1219 4652 1367 4721 ecclesie
1390 4651 1486 4721 filius
1509 4655 1688 4739 quondam
1705 4658 1887 4746 iohannis;
1911 4667 1947 4730 et
1962 4683 2026 4750 per
2042 4665 2121 4752 ipsa
2133 4667 2269 4754 guadia
2285 4668 2396 4758 hobii-

537 4811 639 4897 gavit
661 4828 699 4877 se
721 4859 731 4896 ,
755 4813 796 4876 ut
818 4809 848 4875 si
874 4811 995 4877 omnia
1019 4807 1264 4894 suprascripta
1288 4805 1389 4872 nobis
1413 4804 1467 4872 vel
1493 4806 1532 4872 in
1555 4809 1718 4892 partibus
1742 4811 1855 4896 ipsius
1878 4815 2026 4886 ecclesie
2051 4837 2123 4886 non
2146 4821 2395 4907 adimpleverit

537 4970 573 5032 61
599 4961 731 5048 aliquit
755 4959 837 5028 inde
860 4959 1134 5042 contradixerit,
1157 4973 1366 5042 componere
1390 4957 1492 5024 nobis
1516 4958 1571 5026 vel
1594 4960 1641 5026 ad
1664 4964 1827 5047 partibus
1850 4965 1963 5053 ipsius
1986 4971 2133 5040 ecclesie
2157 4973 2290 5060 biginti
2311 4969 2394 5042 auri

537 5113 667 5180 solidos
690 5111 963 5195 constantin0s3
988 5111 1235 5176 verumtamen
1259 5105 1443 5175 licentiam
1467 5109 1638 5178 abeamus
1664 5111 1707 5180 (16
1735 5118 1980 5204 suprascripta
2012 5123 2118 5189 rebus
2150 5123 2332 5194 vicariare
2361 5127 2396 5194 et

537 5261 583 5329 ad
608 5259 871 5347 pastenandum
893 5259 981 5328 dare
1003 5259 1062 5326 cui
1086 5256 1314 5324 boluerimus.
1339 5257 1384 5323 Et
1407 5275 1477 5324 unc
1501 5261 1645 5329 brebem
1667 5266 1796 5336 scribsi
1819 5287 1885 5357 ego
1916 5271 2101 5341 dauferins
2133 5277 2298 5346 notarius
2328 5278 2391 5365 qui

537 5411 700 5480 interlui.

586 5533 616 5648 †
642 5562 718 5648 Ego
741 5559 903 5628 ademari
927 5558 1091 5627 notarius
1113 5575 1169 5625 me
1193 5557 1389 5643 subscripsi

584 5684 614 5798 †
639 5711 715 5798 Ego
738 5711 925 5796 iaquintus
951 5711 1115 5780 notarius
1139 5729 1194 5778 me
1218 5709 1428 5796 subscripsi.

1265 5862 1716 5884 Ἦ-
