5376 7104
959 672 960 676 Ν
1001 576 1405 653 nrrtourrruus

1041 1014 1379 1096 DCLXXXI.

1063 1275 1117 1352 Α.
1145 1273 1196 1351 D.
1225 1271 1346 1354 1014.

327 1509 362 1649 †
387 1563 428 1626 In
452 1562 595 1630 nomine
618 1561 753 1631 domini
777 1563 833 1632 dei
857 1564 1044 1632 salvatoris
1070 1565 1171 1632 ihesu
1194 1565 1322 1634 christi
1347 1567 1565 1652 temporibus
1588 1567 1710 1635 domni
1733 1565 1844 1653 sergii
1859 1563 2005 1653 gloriosi
2022 1565 2128 1633 ducis

281 1719 317 1784 et
343 1714 541 1801 imperialis
564 1717 710 1802 patricii
733 1735 828 1784 anno
852 1718 1107 1804 tertiodecimo,
1138 1721 1174 1786 et
1196 1719 1310 1804 primo
1334 1737 1429 1787 anno
1452 1719 1571 1786 domni
1595 1719 1763 1788 iohannis
1786 1719 1932 1806 gloriosi
1958 1718 2059 1786 ducis
2084 1719 2126 1783 fi-

282 1867 320 1934 lii
344 1868 439 1956 eius,
463 1869 520 1936 die
543 1870 712 1938 vicesima
735 1869 891 1938 secunda
914 1870 1044 1938 mensis
1068 1869 1279 1956 nobembrii,
1303 1870 1498 1938 indictione
1522 1870 1790 1957 tertiadecima,
1822 1870 1955 1940 amalfi.
1984 1870 2129 1939 Certum

283 2025 336 2088 est
362 2039 418 2088 me
443 2022 581 2106 sergius
606 2020 741 2087 domini
766 2024 887 2108 gratia
910 2023 1084 2107 presbiter
1107 2027 1143 2090 et
1166 2024 1276 2091 abbas
1299 2022 1508 2091 monasterii
1532 2023 1634 2091 beate
1659 2027 1694 2091 et
1718 2025 1871 2110 gloriose
1896 2025 1952 2090 dei
1971 2041 2126 2108 semper-

280 2192 350 2258 que
374 2173 563 2260 genitricis
586 2175 699 2242 marie
724 2178 759 2241 et
782 2177 884 2244 beato
907 2175 1092 2242 benedicto
1115 2175 1330 2242 consessores
1353 2174 1416 2258 qui
1442 2174 1645 2242 dedicatum
1669 2179 1722 2242 est
1747 2174 1785 2240 in
1809 2174 1910 2260 ercli,
1935 2193 1998 2260 per
2024 2175 2127 2243 abso-

281 2325 456 2393 lutionem
480 2343 565 2392 vero
588 2326 831 2411 suprascripte
855 2325 1008 2412 gloriose
1024 2327 1224 2412 potestatis
1242 2329 1278 2392 et
1294 2343 1367 2393 una
1383 2343 1521 2392 mecum
1537 2325 1740 2394 astantibus
1755 2330 1885 2394 cuncta
1901 2329 2025 2394 nostra
2045 2345 2130 2393 con-

282 2479 529 2564 gregationem
553 2477 791 2562 suprascripti
814 2478 926 2543 nostri
953 2477 1174 2562 monasterii,
1198 2497 1279 2544 cunr
1303 2496 1425 2545 eorum
1449 2496 1658 2544 consensum
1675 2481 1710 2545 et
1725 2479 1908 2546 voluntate
1925 2498 1947 2546 a
1964 2480 2126 2564 presenti

282 2631 339 2698 die
365 2631 601 2714 prontissima
624 2630 807 2696 uoluntate
832 2632 987 2698 scrivere
1010 2635 1046 2698 et
1069 2632 1212 2697 firmare
1235 2629 1303 2696 uisi
1327 2647 1449 2695 sumus
1472 2627 1569 2694 vobis
1593 2628 1720 2694 domno
1749 2628 1868 2715 sergio
1900 2629 1973 2697 filio
2002 2629 2123 2696 domni

281 2781 451 2850 iohannis
477 2781 521 2850 de
547 2800 720 2850 maurone
745 2783 872 2850 comite
895 2787 988 2852 hanc
1011 2782 1210 2850 chartulam
1233 2781 1368 2850 ordinis
1393 2800 1454 2849 seu
1478 2782 1751 2868 combenientie,
1770 2783 1862 2868 quod
1878 2783 2059 2851 vobiscum
2078 2786 2127 2852 fe-

188 2999 191 3004 ,
283 2934 410 3020 cimuS,
435 2953 475 3001 eo
499 2935 592 3020 quod
616 2939 701 3002 ante
725 2953 762 3000 os
786 2953 899 3002 annos
923 2934 1199 3002 venumdederat
1222 2935 1370 3001 domnus
1395 2933 1448 3000 leo
1478 2933 1653 3020 presbiter
1681 2939 1717 3002 et
1748 2937 1858 3004 abbas
1888 2937 2131 3023 suprascripti

283 3085 494 3155 monasterii
518 3105 582 3173 per
606 3085 807 3154 chartulam
832 3092 870 3154 at
893 3086 1133 3172 suprascripto
1156 3087 1283 3153 domno
1307 3086 1454 3152 iohanni
1480 3085 1635 3170 genitori
1665 3085 1773 3152 vestri
1806 3093 1936 3172 quarta
1965 3107 2050 3174 pars
2083 3089 2127 3156 dc

282 3240 404 3310 omnia
427 3260 507 3307 cum
531 3242 709 3326 omnibuS,
734 3245 907 3325 quantum
931 3240 1032 3308 abuit
1057 3239 1131 3325 ipse
1155 3237 1418 3324 suprascriptus
1442 3237 1679 3306 monasterius
1694 3258 1716 3305 a
1732 3237 1846 3305 medio
1862 3240 1994 3308 flumen
2011 3243 2053 3310 de
2071 3262 2129 3311 ce·

282 3393 383 3460 taria
408 3392 510 3461 indat
533 3397 672 3478 partem
695 3391 868 3459 orientem
893 3411 1003 3477 usque
1026 3393 1072 3460 ad
1095 3393 1203 3460 tinem
1226 3396 1343 3459 vestra
1366 3390 1409 3457 de
1433 3391 1535 3476 ionti3
1561 3391 1661 3456 modo
1691 3410 1774 3458 vero
1806 3410 1869 3477 per
1901 3393 1978 3478 ipsa
2002 3412 2131 3480 supra-

283 3545 420 3631 scripta
446 3545 742 3614 combenientiam
767 3543 925 3612 dedimus
948 3548 983 3612 et
1005 3543 1219 3612 tradidimus
1242 3542 1341 3608 vobis
1364 3545 1402 3609 at
1424 3545 1644 3609 transactum
1675 3560 1739 3627 pro
1769 3543 1849 3627 ipsa
1878 3545 2130 3631 suprascripta

284 3716 452 3785 compara
477 3695 504 3781 ¹)
527 3699 764 3784 suprascripti
788 3699 898 3765 vestri
921 3697 1076 3784 genitori
1099 3697 1220 3764 omnia
1243 3715 1323 3762 cum
1348 3694 1525 3780 omnibus,
1549 3699 1723 3779 quantum
1747 3696 1847 3762 abuit
1879 3697 1954 3780 ipse
1985 3696 2133 3781 predic-

284 3857 343 3920 tus
368 3851 607 3919 monasterius
630 3853 676 3918 ab
700 3852 777 3936 ipsa
800 3852 917 3936 cripta
945 3850 987 3916 de
1017 3867 1126 3936 supra
1152 3847 1287 3915 cetaria
1312 3865 1422 3932 usque
1453 3847 1499 3914 ad
1530 3849 1727 3932 predictam
1756 3849 1863 3914 finem
1894 3853 2050 3918 vestram
2083 3853 2130 3918 de

283 4005 388 4091 sonti,
413 4010 454 4072 ut
475 4004 571 4070 omni
596 4007 752 4088 tempore
777 4001 847 4070 siat
871 4001 949 4088 ipsa
973 4001 1055 4068 linis
1079 4003 1173 4068 inter
1197 4018 1306 4068 causa
1329 3998 1565 4085 suprascripti
1580 4000 1792 4067 monasterii
1809 4004 1845 4068 et
1864 4019 1975 4068 causa
1994 4005 2131 4087 vestra,

284 4157 377 4223 sicut
401 4157 491 4224 salet
514 4157 593 4241 ipsa
619 4155 734 4239 cripta
757 4154 799 4222 de
824 4172 932 4240 supra
956 4153 1035 4240 ipsa
1060 4153 1175 4239 cripta
1197 4153 1240 4220 de
1265 4151 1342 4238 ipsa
1365 4150 1462 4238 plaia
1486 4152 1529 4219 de
1553 4150 1700 4237 citaria,
1726 4153 1764 4217 in
1789 4171 1873 4220 susu
1898 4155 2003 4222 indat
2028 4158 2133 4241 parto

289 4308 556 4395 septemtrionis
580 4329 643 4396 per
666 4309 745 4394 ipsa
768 4308 928 4395 predicta
951 4307 1081 4394 cripta,
1098 4307 1136 4372 in
1153 4309 1327 4390 quantum
1351 4308 1475 4372 nostra
1499 4304 1721 4389 pertinentia
1751 4309 1830 4390 est3
1855 4309 1895 4374 ut
1920 4307 1993 4375 iam
2018 4325 2134 4394 nequo
2164 4283 2168 4292 ’

284 4480 363 4548 nos,
386 4480 500 4548 neque
517 4463 670 4548 posteris
695 4461 809 4528 nostri
833 4459 1045 4527 successoris
1069 4461 1239 4526 abeamus
1262 4461 1435 4543 potestate
1459 4457 1615 4526 transire
1639 4459 1717 4544 ipsa
1741 4459 1901 4544 predicta
1931 4461 2061 4548 cripta,
2088 4463 2128 4529 111

286 4615 404 4682 iusum
428 4615 530 4682 indat
554 4630 664 4680 causa
687 4612 924 4699 suprascripti
949 4611 1169 4697 monasterii,
1194 4629 1256 4696 per
1280 4609 1418 4678 nullam
1441 4610 1661 4678 occasionem
1686 4611 1725 4676 in
1749 4614 1976 4700 perpetuum,
2002 4615 2037 4681 et
2056 4616 2136 4702 ipsa

285 4766 451 4851 predicta
476 4767 593 4852 cripta
616 4765 659 4831 de
683 4765 761 4850 ipsa
784 4763 945 4849 predicta
968 4761 1065 4848 plaia
1089 4763 1131 4830 de
1155 4761 1287 4830 citaria
1303 4763 1374 4831 siat
1391 4764 1487 4829 omni
1510 4767 1666 4850 tempore
1683 4769 1801 4835 vestra
1816 4770 1851 4834 et
1867 4767 1910 4835 de
1927 4770 2057 4838 uestris
2075 4772 2137 4838 he-

286 4920 443 5006 redibus,
467 4922 554 5007 quia
578 4921 740 4988 dedimus
763 4921 863 4987 vobis
886 4919 950 4988 illa
973 4938 1036 5006 per
1061 4919 1305 5006 suprascripta
1328 4918 1603 5006 combenientia,
1619 4924 1655 4986 et
1669 4921 1891 4990 firmavimus
1916 4926 2015 4992 vobis
2029 4927 2138 4995 exin-

286 5075 329 5144 de
352 5079 445 5146 hanc
467 5076 669 5164 plenariam
693 5079 921 5144 securitatem
944 5076 983 5142 in
1008 5041 1146 5143 omnem
1170 5073 1463 5141 deliberationem
1488 5076 1523 5140 et
1547 5073 1584 5139 in
1608 5091 1748 5141 omnem
1765 5076 2024 5166 decisitionem,
2043 5083 2084 5146 ut
2100 5083 2132 5148 si

287 5231 445 5316 quolibet
468 5235 623 5318 tempore
647 5249 710 5316 per
733 5229 857 5316 quobis
881 5229 1021 5296 modum
1046 5229 1101 5296 vel
1125 5227 1325 5314 ingenium,
1351 5227 1425 5294 sive
1450 5245 1527 5312 nos,
1553 5227 1604 5294 vel
1632 5231 1746 5296 nostri
1770 5233 1922 5315 posteris
1947 5249 2130 5302 successo-

287 5381 353 5468 ris,
379 5385 443 5449 aut
465 5401 528 5468 per
551 5382 774 5448 summissam
797 5398 972 5467 persona,
997 5379 1097 5447 vobis
1120 5379 1175 5447 vel
1199 5382 1237 5446 at
1267 5378 1394 5446 vestris
1425 5379 1638 5467 heredibus,
1669 5403 1691 5450 a
1721 5400 1832 5468 supra
1863 5385 1940 5469 ipsa
1971 5383 2133 5470 predicta

292 5663 740 5675 ————--—--—---.-.-⁴

333 5841 355 5921 ¹)
377 5860 531 5918 coorpuru
554 5860 594 5901 ex
617 5840 729 5900 italica
753 5859 830 5902 voce
855 5858 999 5916 conlpra:
1026 5841 1160 5919 emptio.
