5376 7104
650 563 720 636 932).
1288 567 1462 639 CODEX
1500 567 1767 646 envENSlS

601 785 780 856 ominibus
804 795 841 858 et
862 793 1044 879 partibus,
1068 792 1129 878 qui
1153 810 1216 878 pro
1240 797 1342 878 parte
1367 811 1445 861 mea
1468 799 1505 861 et
1528 792 1572 860 de
1595 792 1684 862 meis
1707 792 1871 862 eredibus
1894 793 2059 879 partibus
2082 791 2182 859 vobis
2207 790 2337 859 exinde
2360 793 2446 861 emi-

602 938 692 1007 serit
716 937 960 1029 quodcumque
984 943 1244 1031 causationem3
1269 949 1305 1012 et
1328 945 1359 1012 si
1382 943 1503 1014 taliter
1527 943 1609 1011 illut
1638 943 1735 1012 vobis
1763 944 1948 1013 defensare
1977 961 2049 1012 non
2079 944 2317 1031 potuerimus,
2348 949 2450 1034 tunc,

600 1091 694 1160 sicut
718 1091 757 1159 in
780 1093 839 1163 lex
863 1095 1188 1183 languebardorum
1211 1097 1254 1165 de
1277 1097 1408 1165 donum
1433 1101 1469 1165 et
1485 1096 1660 1185 launegilt
1683 1096 1856 1183 continet,
1874 1098 1927 1164 ita
1943 1113 2009 1182 ego
2025 1100 2062 1163 et
2085 1096 2174 1164 meis
2197 1095 2363 1164 eredibus
2378 1097 2444 1165 tibi
2553 1079 2557 1088 ’

599 1244 723 1331 tuique
747 1247 909 1316 eredibus
932 1249 1191 1337 adimpleamus
1213 1255 1249 1319 et
1273 1250 1517 1337 persolbamus
1549 1246 1711 1335 iustitia;
1736 1253 1772 1317 et
1794 1248 1937 1335 quaudo
1961 1251 2001 1315 tu
2025 1249 2081 1315 vel
2112 1247 2186 1314 tuis
2217 1248 2382 1316 eredibus
2404 1249 2446 1316 de

601 1398 811 1484 supradicta
835 1406 957 1472 nostra
981 1403 1208 1473 donationem
1232 1404 1333 1472 etde
1356 1401 1535 1470 monimen
1558 1402 1641 1471 inde
1664 1403 1905 1470 continentem
1928 1420 1990 1488 per
2007 1419 2066 1468 vos
2082 1399 2171 1488 ipsis
2194 1400 2382 1469 volueritis
2397 1420 2449 1470 es-

600 1557 681 1619 seut
704 1555 836 1642 autori,
861 1557 937 1623 rice
961 1561 1085 1625 nostra
1109 1557 1292 1626 licentiam
1316 1562 1353 1625 et
1376 1561 1587 1642 potestatem
1612 1557 1752 1624 abeatis
1768 1555 1807 1622 in
1823 1556 1987 1623 omnibus
2011 1553 2096 1622 iude
2119 1573 2269 1623 causare
2286 1559 2322 1622 et
2339 1555 2444 1623 tinem

603 1703 735 1792 facere,
760 1707 917 1792 qualiter
941 1707 1051 1776 vultis
1073 1727 1153 1776 curn
1177 1710 1341 1776 omnibus
1364 1707 1578 1795 rationibus3
1603 1707 1741 1796 quodsi
1757 1707 1892 1795 taliter,
1924 1708 2233 1796 quemammodum
2262 1727 2374 1795 supra
2396 1707 2444 1776 le·

599 1857 715 1946 gitur,
739 1859 839 1927 vobis
863 1879 934 1928 non
957 1861 1290 1950 adimpleberimus,
1314 1867 1379 1932 aut
1401 1863 1432 1930 si
1456 1880 1521 1948 ego
1545 1861 1599 1929 vel
1623 1861 1711 1929 meis
1733 1861 1897 1930 aradibus
1920 1859 2244 1947 quomodocumque
2269 1879 2331 1947 per
2357 1879 2444 1948 qua-

600 2013 821 2103 lemcumque
844 2019 1018 2087 rationem
1051 2019 1286 2106 quesierimus
1321 2018 1403 2088 illut
1430 2018 1484 2087 vel
1509 2017 1638 2086 exinde
1661 2017 1809 2102 tollere,
1841 2021 1904 2085 aut
1927 2019 2129 2105 contraret,
2154 2035 2215 2084 seu
2246 2018 2445 2103 remobere‚

599 2171 667 2236 aut
691 2169 720 2236 si
747 2169 1040 2258 qualemcumque
1064 2175 1308 2241 causationem
1325 2171 1423 2240 vobis
1440 2171 1522 2240 inde
1538 2173 1837 2260 proposuerimus,
1854 2135 1972 2258 prim'a
1994 2169 2114 2238 omnia
2137 2169 2274 2256 questio
2297 2175 2335 2239 et
2361 2189 2445 2238 eau-

601 2321 697 2389 satio
722 2327 845 2392 nostra
861 2329 897 2390 et
916 2323 958 2392 de
974 2326 1107 2392 nostris
1130 2325 1296 2393 eredibus
1319 2324 1490 2393 adbersus
1506 2342 1566 2390 vos
1581 2327 1786 2409 restrosque
1801 2321 1923 2391 eredes
1946 2324 2020 2390 sint
2040 2322 2123 2390 inde
2139 2322 2251 2392 tacita
2267 2327 2303 2390 et
2320 2341 2448 2410 vacua,

604 2479 642 2541 et
666 2494 729 2561 per
755 2494 883 2544 vonam
908 2479 1203 2547 combenientiam
1226 2498 1288 2564 per
1311 2478 1528 2546 uoluntatem
1551 2477 1594 2545 de
1618 2476 1808 2545 iamdictus
1832 2475 1887 2542 vir
1904 2493 2004 2544 meus
2026 2493 2234 2562 componere
2257 2476 2381 2565 obligo
2396 2497 2450 2547 me

600 2635 639 2696 ct
661 2629 749 2697 mels
771 2630 948 2718 eredibus‚
973 2632 1037 2700 tibi
1063 2635 1187 2718 tuique
1211 2625 1375 2700 eredib'us
1400 2629 1555 2719 triginta
1578 2629 1660 2699 auri
1683 2628 1811 2696 solidos
1834 2627 2096 2715 constantines,
2119 2633 2174 2716 et,
2199 2635 2238 2698 ut
2261 2649 2376 2718 supra
2399 2633 2446 2700 le

598 2782 712 2867 gitur,
737 2801 873 2870 semper
898 2783 997 2850 vobis
1020 2785 1289 2871 adimpleamus.
1315 2783 1412 2860 Quod
1437 2787 1471 2851 te
1495 2781 1640 2870 guelfus
1663 2781 1902 2850 subdiaconus
1926 2784 1962 2850 et
1985 2783 2145 2851 notarius
2168 2783 2324 2851 seribere
2343 2803 2448 2872 roga·

600 2932 652 3000 bit
676 2931 715 2998 in
739 2933 895 3001 abellino
918 2954 1038 3004 mense
1061 2943 1096 3004 et
1120 2935 1314 3004 indictione
1339 2935 1503 3002 feliciter.

646 3056 678 3172 †
703 3087 777 3172 Ego
800 3087 860 3172 qui
887 3105 996 3174 supra
1019 3087 1110 3157 mari

646 3210 677 3324 †
703 3239 777 3325 Ego
799 3239 892 3306 rocci

647 3365 678 3480 †
704 3394 777 3478 Ego
800 3395 906 3462 mari.

1373 3975 1681 4057 DCLXXII.

1380 4237 1439 4312 A:
1462 4233 1513 4311 D.
1542 4232 1665 4313 1014.

647 4473 684 4611 †
709 4524 749 4590 ln
774 4522 921 4593 nomine
943 4521 1075 4591 domini
1103 4523 1269 4590 vicesimo
1292 4523 1419 4610 quinto
1435 4543 1530 4594 anno
1553 4525 1777 4614 principatus
1800 4528 1919 4597 domni
1943 4535 2057 4602 nostri
2079 4536 2275 4621 guaimarii
2300 4541 2445 4628 gloriosi

604 4677 796 4766 principis,
820 4695 941 4746 mense
965 4677 1169 4763 ismarius,
1186 4677 1393 4745 duodecima
1409 4678 1615 4746 indictione.
1632 4679 1712 4747 ldeo
1728 4697 1791 4748 nos
1807 4681 1935 4750 mulier
1958 4685 2101 4755 nomine
2117 4690 2227 4760 sende
2243 4693 2319 4763 illia
2334 4714 2445 4782 quon-

604 4827 689 4896 dam
714 4827 859 4914 sellicti‚
884 4827 1011 4898 relicta
1035 4831 1212 4916 quondam
1238 4828 1393 4916 iaquinti
1409 4828 1474 4895 lllii
1490 4830 1705 4916 magnenolfl
1729 4832 1772 4900 de
1795 4833 1909 4902 locum
1934 4836 2091 4909 iloceanu
2115 4843 2154 4929 ¹),
2177 4846 2325 4914 otmari
2351 4849 2449 4918 illius

604 4979 720 5065 ipsius
743 4977 898 5063 iaquinti
923 4985 959 5046 et
982 4979 1088 5047 istius
1112 4979 1232 5065 sende,
1256 4979 1347 5066 quod
1366 4980 1425 5083 ille
1442 4979 1480 5046 in
1497 4999 1540 5049 ea
1556 4983 1701 5071 genuit,
1726 4986 1788 5072 qui
1813 5005 1934 5058 snmus
1958 4993 2131 5082 amboque
2153 5003 2266 5068 mater
2281 5006 2319 5070 et
2336 5003 2443 5089 illius,

603 5130 856 5200 clarelacimus
878 5148 942 5197 nos
966 5131 1142 5201 nominati
1167 5137 1282 5200 mater
1307 5133 1403 5199 tilius
1425 5134 1624 5202 comuniter
1647 5137 1754 5206 abere
1777 5142 1920 5212 rebusa
1943 5163 2027 5230 pars
2050 5149 2247 5235 supradicti
2271 5152 2449 5242 iaquiuti,

602 5284 668 5371 qui
692 5282 762 5351 luit
786 5283 842 5350 vir
866 5301 1015 5370 meaque
1038 5283 1143 5352 sende
1158 5289 1194 5352 et
1210 5283 1350 5370 genitor
1374 5303 1561 5372 meumque
1586 5289 1691 5376 mari,
1715 5291 1936 5376 pertinentes
1960 5298 2069 5366 michi
2087 5319 2157 5387 que
2171 5322 2281 5392 supra
2305 5309 2447 5378 mulieri

602 5456 666 5524 per
691 5453 808 5504 meum
833 5435 1004 5522 scriptum
1029 5436 1577 5524 morgincahp11t‚etmicniqul
1601 5459 1709 5526 supra
1732 5447 1823 5513 mari
1847 5455 1901 5516 est
1925 5452 2145 5536 pertinentes
2169 5477 2233 5544 per
2256 5464 2447 5532 successio-

609 5659 627 5669 ,
655 5648 998 5668 μὲυῌ--φ-
1008 5658 1060 5666 ---

644 5809 666 5885 ¹)
690 5805 868 5877 Floccuuu,
893 5805 978 5885 apud
1000 5803 1192 5865 Nuceriam.
