5310 7080
966 524 1366 604 lllPLOMATlCUS

1069 959 1251 1044 ncrv.
1321 1059 1324 1064 ,

1017 1223 1073 1299 Α.
1102 1221 1153 1298 D.
1182 1219 1310 1301 1008.
1391 1283 1403 1292 .

288 1459 322 1600 †
346 1512 384 1576 ln
407 1510 550 1578 nomine
565 1510 700 1579 domini
719 1511 888 1580 bicesimo
903 1528 998 1580 anno
1012 1511 1238 1598 principatus
1252 1511 1374 1579 domni
1390 1513 1504 1581 nostri
1521 1513 1703 1602 guaimari
1727 1513 1873 1602 gloriosi
1897 1514 2089 1604 principis,

239 1681 359 1731 mense
383 1665 543 1750 agustus,
568 1668 671 1732 sexta
695 1662 901 1732 indictione.
925 1663 1216 1731 memoratorium
1238 1662 1337 1732 factu
1359 1684 1382 1732 a
1406 1681 1460 1732 me
1484 1665 1659 1732 iohannes
1682 1665 1843 1751 portario
1875 1664 1950 1733 filio
1974 1684 2088 1753 quon-

240 1814 321 1882 dam
346 1811 440 1900 petri
481 1832 521 1881 eo
545 1813 638 1899 quod
661 1818 744 1883 6616
767 1814 960 1900 subscripti
985 1817 1094 1882 testes
1118 1832 1180 1900 per
1204 1815 1297 1882 bona
1321 1815 1584 1884 combenientia
1608 1815 1757 1885 tradidit
1780 1816 1869 1884 mihi
1893 1817 1987 1888 maio
2011 1835 2091 1905 pre·

242 1965 353 2032 sbiter
375 1969 411 2032 et
435 1964 545 2032 abbas
567 1964 714 2032 ecclesie
738 1966 854 2034 sancti
885 1965 1064 2052 maximi,
1094 1983 1167 2035 una
1198 1985 1279 2034 cum
1310 1984 1350 2035 eo
1380 1967 1520 2036 adesset
1550 1966 1751 2036 romoaldus
1781 1985 1920 2071 comes,
1945 1969 2007 2054 qui
2032 1975 2086 2037 est

239 2085 432 2185 adbocator
455 2119 491 2183 et
514 2135 625 2183 unum
649 2117 691 2184 dc
715 2117 863 2186 dominii
888 2117 1001 2204 ipsius
1025 2117 1187 2202 ecclesie,
1203 2122 1303 2186 terra
1318 2120 1556 2204 pertinentem
1580 2116 1693 2205 ipsius
1717 2117 1876 2205 ecclesie,
1904 2119 1966 2188 ubi
1993 2138 2089 2188 nunc

239 2285 305 2352 ego
328 2285 412 2336 casa
436 2267 611 2354 lingnitia
636 2273 806 2338 terranea
829 2268 1032 2339 edificatam
1060 2272 1148 2339 abeo
1163 2289 1226 2357 per
1242 2290 1282 2339 ec
1299 2271 1383 2337 finis
1399 2274 1435 2338 et
1451 2273 1659 2340 mensuria:
1683 2291 1706 2340 a
1730 2291 1813 2359 pars
1836 2272 1984 2341 meridie
2008 2274 2082 2342 fine

240 2419 352 2504 ipsius
375 2420 536 2508 ecclesie,
561 2426 646 2490 suut
663 2423 745 2492 inde
761 2423 867 2510 pedes
883 2423 1029 2508 sidecjm
1045 2425 1164 2491 minus
1180 2423 1365 2490 summisse
1382 2440 1495 2490 unum
1509 2424 1546 2488 61
1561 2422 1710 2508 616616;
1736 2441 1758 2492 6
1781 2441 1865 2509 pars
1889 2423 2085 2495 occidentis

236 2572 405 2642 similiter
428 2576 500 2643 fine
523 2575 636 2662 ipsius
660 2577 819 2664 ecclesie,
844 2577 926 2646 inde
950 2581 1034 2646 sunt
1050 2577 1155 2665 pedes
1170 2577 1290 2644 decem
1314 2579 1350 2643 61
1365 2580 1441 2644 6616
1458 2578 1494 2642 61
1509 2573 1634 2661 616616
1658 2594 1755 2644 una:
1781 2597 1804 2644 a
1827 2595 1910 2664 pars
1935 2580 2089 2663 septem·
2187 2595 2189 2598 ·

236 2726 365 2794 trionis
388 2727 458 2794 fine
482 2725 594 2813 ipsius
617 2728 763 2794 ecclesie
779 2746 860 2794 cum
876 2733 990 2795 totum
1013 2730 1089 2814 ipso
1112 2730 1283 2813 parietem
1309 2726 1371 2814 qui
1397 2727 1449 2794 ibi
1476 2731 1545 2815 cst,
1569 2731 1605 2794 et
1629 2727 1711 2796 inde
1734 2732 1819 2796 sunt
1843 2729 1952 2815 pedes
1975 2729 2088 2816 quad-

236 2882 431 2949 tuordecim
455 2887 491 2951 61
512 2885 722 2950 summisse:
749 2903 770 2951 6
793 2902 876 2970 pars
900 2881 1051 2949 orientis
1076 2879 1242 2948 similiter
1265 2880 1337 2946 fine
1361 2877 1474 2965 ipsius
1497 2877 1668 2965 ecclesie,
1699 2881 1793 2948 61661
1817 2880 1982 2949 anditum
2007 2901 2087 2968 pre-

238 3031 331 3100 dicte
355 3034 503 3102 ecclesie
526 3035 723 3119 discernit,
748 3039 784 3102 61
808 3033 890 3100 inde
915 3037 999 3102 sunt
1031 3033 1135 3120 pedes
1168 3032 1287 3098 decem
1320 3035 1355 3097 61
1379 3031 1505 3096 nobem
1529 3033 1565 3096 et
1588 3029 1776 3098 summisse
1802 3035 1838 3098 et
1861 3031 1967 3098 uncie
1990 3032 2084 3118 due,

239 3190 353 3252 totum
376 3191 623 3254 mensuratum
647 3186 693 3254 ad
716 3186 812 3254 iusta
845 3205 989 3252 manum
1021 3185 1142 3252 omini.
1175 3204 1215 3251 ec
1247 3201 1330 3251 vero
1353 3183 1562 3271 supradicta
1586 3187 1710 3270 terra,
1743 3184 1898 3270 qualiter
1923 3187 2087 3272 superius

235 3339 317 3404 finis
340 3338 453 3424 posite
477 3345 562 3406 sunt
585 3346 621 3408 et
642 3339 826 3408 mensuris
849 3340 928 3426 ipsa
952 3340 1157 3424 percurrit,
1188 3341 1302 3405 totum
1336 3342 1371 3405 et
1396 3338 1562 3406 inclitum
1588 3337 1670 3406 illut
1694 3337 1784 3406 mihi
1809 3339 1977 3426 tradidit,
2004 3359 2085 3409 cum

238 3492 357 3560 omnia
380 3493 477 3559 intro
501 3511 537 3559 se
561 3495 750 3561 abentibus
773 3494 809 3558 et
833 3493 906 3558 suis
930 3491 1160 3578 pertinentiis
1177 3540 1198 3576 ,.
1219 3496 1255 3558 et
1277 3510 1358 3558 cum
1382 3490 1459 3558 bice
1483 3491 1526 3560 de
1550 3490 1610 3560 bia
1633 3509 1701 3560 sua
1725 3492 1764 3558 in
1789 3492 1854 3561 tali
1878 3493 2016 3578 ordine,
2042 3499 2087 3562 61

238 3644 359 3712 amodo
383 3645 487 3714 etad
510 3647 721 3731 completum
746 3662 857 3711 unum
874 3661 969 3712 anno
992 3644 1161 3712 abeamus
1185 3661 1248 3710 nos
1269 3649 1305 3712 et
1320 3645 1452 3712 nostris
1477 3646 1640 3714 eredibus
1664 3650 1700 3714 et
1724 3646 1860 3714 omines
1884 3665 1989 3732 quem
2013 3649 2085 3717 ibi-

238 3796 315 3863 dem
339 3799 558 3885 miserimus,
591 3801 629 3866 16
660 3803 735 3866 1616
759 3797 838 3884 1666
861 3798 1046 3864 mensuria
1069 3814 1152 3865 casa
1183 3795 1355 3882 lingnitia
1380 3800 1575 3884 terranea,
1606 3787 1707 3866 clusa
1738 3799 1904 3866 exomni
1928 3804 2029 3886 parte
2052 3807 2088 3868 et

238 3949 335 4017 intus
358 3968 422 4036 per
446 3951 697 4036 medietatem,
721 3953 757 4016 61
779 3953 855 4018 1616
880 3951 1066 4034 cooperta,
1092 3952 1131 4015 ut
1153 3950 1247 4015 bona
1271 3947 1350 4016 siad
1374 3949 1469 4017 facta
1493 3967 1576 4014 cum
1599 3949 1670 4017 1616
1694 3950 1922 4038 lingnamina
1945 3955 1980 4018 et
2003 3969 2088 4018 cum

237 4099 307 4170 alia
331 4101 562 4186 lingnamina
586 4103 692 4187 noba,
716 4100 823 4187 quale
846 4098 1030 4183 meruerit3
1057 4103 1092 4166 et
1115 4098 1175 4166 ubi
1193 4098 1239 4166 ad
1254 4101 1425 4186 completo
1442 4101 1565 4168 amodo
1589 4119 1701 4178 unum
1725 4121 1861 4172 annum
1885 4104 1963 4190 ipse
1985 4123 2081 4192 casa,

238 4255 329 4322 sicut
352 4255 647 4341 supradiximuS,
672 4254 768 4323 sacta
793 4251 1024 4339 abuerimus,
1047 4251 1250 4321 dibidamus
1273 4253 1376 4321 illam
1400 4255 1498 4323 iusta
1521 4257 1662 4324 ratione
1686 4275 1749 4342 per
1774 4256 2027 4343 medietatem,
2051 4262 2087 4325 61

238 4405 415 4475 faciamus
440 4409 532 4476 scire
555 4410 672 4494 ipsum
696 4409 890 4493 abbatem,
922 4403 976 4472 vel
1001 4423 1086 4492 pars
1110 4405 1223 4491 ipsius
1246 4403 1419 4492 ecclesie,
1444 4410 1479 4473 61
1502 4406 1760 4491 compreendad
1783 4407 1914 4476 exinde
1937 4407 1981 4476 de
2004 4410 2083 4496 ipsa

236 4578 317 4629 casa
342 4578 417 4627 una
440 4559 755 4645 medietate‘quale
779 4558 945 4644 boluerit,
969 4563 1005 4625 61
1029 4559 1131 4626 nobis
1156 4559 1324 4626 abeamus
1347 4557 1487 4642 reliqua
1510 4557 1767 4644 medietate,ut
1783 4559 1908 4628 amodo
1923 4565 1959 4629 et
1976 4579 2087 4649 usque

237 4712 365 4800 biginti
390 4731 456 4782 sex
482 4713 568 4782 anni
597 4712 761 4799 completi
786 4712 831 4780 ad
855 4715 979 4780 nostra
1001 4714 1037 4777 61
1062 4710 1105 4777 de
1129 4711 1261 4777 nostris
1285 4709 1449 4778 eredibus
1473 4711 1575 4778 etde
1599 4712 1798 4800 ominibus,
1822 4732 1927 4802 quem
1953 4715 2087 4786 ibidem

236 4867 451 4954 miserimus,
477 4867 559 4936 illas
584 4865 788 4951 tenendum,
813 4870 849 4932 61
872 4864 1004 4932 ibidem
1028 4864 1253 4932 residendum
1278 4867 1314 4932 et
1338 4863 1547 4933 abitandum
1571 4869 1608 4932 et
1631 4867 1746 4932 omnis
1769 4871 1889 4935 nostre
1914 4869 2087 4940 utilitatis

237 5021 365 5089 ibidem
388 5020 603 5090 faciendum.
636 5023 673 5087 et
700 5037 763 5105 per
794 5021 888 5085 bona
919 5016 1180 5086 combenientia
1204 5035 1267 5103 per
1296 5019 1375 5105 ipsa
1399 5017 1534 5104 guadia
1557 5017 1731 5106 obligabit
1754 5037 1791 5087 66
1816 5020 1892 5106 1666
1915 5023 2026 5092 abbas
2051 5027 2087 5090 et

237 5192 455 5243 successores
478 5193 560 5242 suos
583 5175 619 5243 et
646 5193 728 5262 pars
758 5151 871 5260 ipsius
895 5171 1043 5242 ecclesie
1058 5190 1180 5264 'usque
1205 5171 1281 5260 ipso
1306 5174 1540 5242 constitutum
1564 5175 1752 5246 defensare
1774 5174 1876 5242 nobis
1900 5180 1936 5242 61
1959 5177 2003 5243 61
2026 5193 2089 5241 6ο-

236 5327 321 5394 stris
345 5327 513 5396 eredibus
536 5334 571 5396 et
595 5327 639 5398 ad
667 5328 802 5395 omines
818 5346 923 5413 quem
940 5325 1072 5394 ibidem
1088 5325 1305 5411 miserimus,
1324 5325 1449 5395 inclita
1466 5326 1670 5414 supradicta
1687 5326 1877 5396 medietate
1894 5328 1972 5412 1666
1989 5332 2087 5395 terra

234 5499 295 5567 per
313 5480 519 5567 supradicte
535 5481 619 5548 finis
634 5483 670 5547 et
687 5479 865 5547 mensuris
889 5498 957 5566 que
980 5479 1145 5566 superius
1168 5477 1271 5545 nobis
1296 5479 1333 5545 in
1359 5481 1635 5570 sorteobbenit,
1661 5499 1741 5548 cum
1767 5481 1844 5547 bice
1869 5479 1912 5546 dc
1936 5479 1996 5546 bia
2019 5496 2086 5548 sua

243 5633 286 5702 da
316 5634 433 5700 omnis
457 5635 593 5702 omines
617 5636 783 5720 omnique
806 5631 981 5720 partibus,
1013 5636 1049 5700 et
1072 5650 1143 5699 non
1172 5635 1256 5701 ante
1280 5635 1355 5720 ipso
1379 5634 1611 5703 constitutum
1634 5631 1715 5700 illut
1747 5633 1801 5698 vel
1830 5631 1961 5701 exinde
1985 5633 2087 5702 nobis

237 5787 375 5872 querad
399 5785 525 5856 tollere
548 5791 612 5855 aut
635 5791 811 5856 contrane.
836 5786 880 5854 ad
903 5785 1069 5871 completi
1094 5783 1161 5872 ipsi
1183 5785 1312 5874 biginti
1340 5804 1402 5856 sex
1426 5786 1514 5856 anni
1538 5789 1745 5872 potestatem
1770 5786 1939 5854 abeamus
1963 5803 2027 5852 666
2051 5791 2089 5854 61
