<?xml version="1.0" encoding="UTF-8"?>
<!DOCTYPE html PUBLIC "-//W3C//DTD XHTML 1.0 Transitional//EN"
    "http://www.w3.org/TR/xhtml1/DTD/xhtml1-transitional.dtd">
<html xmlns="http://www.w3.org/1999/xhtml" xml:lang="en" lang="en">
 <head>
  <title>
</title>
<meta http-equiv="Content-Type" content="text/html;charset=utf-8" />
  <meta name='ocr-system' content='tesseract 3.04.00' />
  <meta name='ocr-capabilities' content='ocr_page ocr_carea ocr_par ocr_line ocrx_word'/>
</head>
<body>
  <div class='ocr_page' id='page_1' title='image "./codexdiplomatic05aragoog_0161.png"; bbox 0 0 5310 7080; ppageno 0'>
   <div class='ocr_carea' id='block_1_1' title="bbox 617 535 1727 612">
    <p class='ocr_par' dir='ltr' id='par_1_1' title="bbox 617 535 1727 612">
     <span class='ocr_line' id='line_1_1' title="bbox 617 535 1727 612; baseline 0.004 -4"><span class='ocrx_word' id='word_1_1' title='bbox 617 535 686 608; x_wconf 72' lang='lat'>120</span> <span class='ocrx_word' id='word_1_2' title='bbox 1264 539 1436 612; x_wconf 85' lang='lat' dir='ltr'>CODEX</span> <span class='ocrx_word' id='word_1_3' title='bbox 1462 539 1727 612; x_wconf 77' lang='lat' dir='ltr'>CAVENSIS</span> 
     </span>
    </p>
   </div>
   <div class='ocr_carea' id='block_1_2' title="bbox 567 755 2424 2996">
    <p class='ocr_par' dir='ltr' id='par_1_2' title="bbox 567 755 2424 2841">
     <span class='ocr_line' id='line_1_2' title="bbox 567 755 2420 852; baseline -0.002 -24"><span class='ocrx_word' id='word_1_4' title='bbox 567 763 701 828; x_wconf 90' lang='lat' dir='ltr'>nostris</span> <span class='ocrx_word' id='word_1_5' title='bbox 724 767 760 829; x_wconf 91' lang='lat' dir='ltr'>et</span> <span class='ocrx_word' id='word_1_6' title='bbox 782 765 937 852; x_wconf 88' lang='lat' dir='ltr'>omines,</span> <span class='ocrx_word' id='word_1_7' title='bbox 969 781 1075 850; x_wconf 90' lang='lat' dir='ltr'>quem</span> <span class='ocrx_word' id='word_1_8' title='bbox 1107 781 1171 830; x_wconf 90' lang='lat' dir='ltr'>nos</span> <span class='ocrx_word' id='word_1_9' title='bbox 1203 763 1335 832; x_wconf 85' lang='lat' dir='ltr'>ibidem</span> <span class='ocrx_word' id='word_1_10' title='bbox 1367 765 1590 851; x_wconf 91' lang='lat' dir='ltr'>miserimus,</span> <span class='ocrx_word' id='word_1_11' title='bbox 1621 764 1739 832; x_wconf 89' lang='lat' dir='ltr'>media</span> <span class='ocrx_word' id='word_1_12' title='bbox 1769 763 1848 850; x_wconf 87' lang='lat' dir='ltr'>ipsa</span> <span class='ocrx_word' id='word_1_13' title='bbox 1888 777 1973 828; x_wconf 91' lang='lat' dir='ltr'>casa</span> <span class='ocrx_word' id='word_1_14' title='bbox 2001 755 2133 825; x_wconf 82' lang='lat' dir='ltr'>exinde</span> <span class='ocrx_word' id='word_1_15' title='bbox 2156 755 2361 824; x_wconf 82' lang='lat' dir='ltr'>disturbare</span> <span class='ocrx_word' id='word_1_16' title='bbox 2385 761 2420 826; x_wconf 89' lang='lat' dir='ltr'>ct</span> 
     </span>
     <span class='ocr_line' id='line_1_3' title="bbox 568 906 2421 1003; baseline -0.004 -24"><span class='ocrx_word' id='word_1_17' title='bbox 568 913 695 982; x_wconf 89' lang='lat' dir='ltr'>tollere</span> <span class='ocrx_word' id='word_1_18' title='bbox 719 915 849 983; x_wconf 88' lang='lat' dir='ltr'>exinde</span> <span class='ocrx_word' id='word_1_19' title='bbox 865 914 943 1001; x_wconf 87' lang='lat' dir='ltr'>ipsa</span> <span class='ocrx_word' id='word_1_20' title='bbox 959 915 1190 1003; x_wconf 83' lang='lat' dir='ltr'>lingnamina</span> <span class='ocrx_word' id='word_1_21' title='bbox 1213 921 1249 984; x_wconf 94' lang='lat' dir='ltr'>et</span> <span class='ocrx_word' id='word_1_22' title='bbox 1281 916 1397 984; x_wconf 90' lang='lat' dir='ltr'>omnis</span> <span class='ocrx_word' id='word_1_23' title='bbox 1420 920 1544 984; x_wconf 87' lang='lat' dir='ltr'>nostra</span> <span class='ocrx_word' id='word_1_24' title='bbox 1567 915 1740 1001; x_wconf 88' lang='lat' dir='ltr'>mobilia,</span> <span class='ocrx_word' id='word_1_25' title='bbox 1766 932 1835 1001; x_wconf 93' lang='lat' dir='ltr'>que</span> <span class='ocrx_word' id='word_1_26' title='bbox 1858 914 1957 980; x_wconf 92' lang='lat' dir='ltr'>intus</span> <span class='ocrx_word' id='word_1_27' title='bbox 1980 911 2059 997; x_wconf 84' lang='lat' dir='ltr'>ipsa</span> <span class='ocrx_word' id='word_1_28' title='bbox 2083 926 2167 978; x_wconf 90' lang='lat' dir='ltr'>casa</span> <span class='ocrx_word' id='word_1_29' title='bbox 2190 906 2421 994; x_wconf 90' lang='lat' dir='ltr'>abuerimus,</span> 
     </span>
     <span class='ocr_line' id='line_1_4' title="bbox 568 1059 2421 1153; baseline -0.005 -19"><span class='ocrx_word' id='word_1_30' title='bbox 568 1071 605 1134; x_wconf 88' lang='lat' dir='ltr'>et</span> <span class='ocrx_word' id='word_1_31' title='bbox 627 1071 769 1153; x_wconf 88' lang='lat' dir='ltr'>portare</span> <span class='ocrx_word' id='word_1_32' title='bbox 800 1068 863 1134; x_wconf 93' lang='lat' dir='ltr'>ubi</span> <span class='ocrx_word' id='word_1_33' title='bbox 888 1066 1129 1153; x_wconf 89' lang='lat' dir='ltr'>boluerimus,</span> <span class='ocrx_word' id='word_1_34' title='bbox 1153 1071 1189 1137; x_wconf 87' lang='lat' dir='ltr'>et</span> <span class='ocrx_word' id='word_1_35' title='bbox 1213 1068 1350 1138; x_wconf 89' lang='lat' dir='ltr'>nullam</span> <span class='ocrx_word' id='word_1_36' title='bbox 1375 1069 1458 1137; x_wconf 91' lang='lat' dir='ltr'>inde</span> <span class='ocrx_word' id='word_1_37' title='bbox 1482 1068 1586 1137; x_wconf 86' lang='lat' dir='ltr'>nobis</span> <span class='ocrx_word' id='word_1_38' title='bbox 1610 1070 1832 1152; x_wconf 67' lang='lat' dir='ltr'>contrairent,</span> <span class='ocrx_word' id='word_1_39' title='bbox 1858 1069 1893 1132; x_wconf 88' lang='lat' dir='ltr'>et</span> <span class='ocrx_word' id='word_1_40' title='bbox 1915 1065 1995 1150; x_wconf 88' lang='lat' dir='ltr'>ipsa</span> <span class='ocrx_word' id='word_1_41' title='bbox 2016 1065 2115 1130; x_wconf 87' lang='lat' dir='ltr'>terra</span> <span class='ocrx_word' id='word_1_42' title='bbox 2132 1064 2249 1130; x_wconf 86' lang='lat' dir='ltr'>bacua</span> <span class='ocrx_word' id='word_1_43' title='bbox 2265 1059 2421 1126; x_wconf 89' lang='lat' dir='ltr'>remitta-</span> 
     </span>
     <span class='ocr_line' id='line_1_5' title="bbox 570 1212 2422 1308; baseline -0.002 -26"><span class='ocrx_word' id='word_1_44' title='bbox 570 1235 651 1283; x_wconf 88' lang='lat' dir='ltr'>mus</span> <span class='ocrx_word' id='word_1_45' title='bbox 666 1218 711 1286; x_wconf 87' lang='lat' dir='ltr'>ad</span> <span class='ocrx_word' id='word_1_46' title='bbox 727 1222 901 1304; x_wconf 75' lang='lat' dir='ltr'>potestate</span> <span class='ocrx_word' id='word_1_47' title='bbox 916 1218 1074 1306; x_wconf 77' lang='lat' dir='ltr'>predicte</span> <span class='ocrx_word' id='word_1_48' title='bbox 1090 1221 1251 1306; x_wconf 89' lang='lat' dir='ltr'>ecclesie;</span> <span class='ocrx_word' id='word_1_49' title='bbox 1275 1225 1411 1308; x_wconf 90' lang='lat' dir='ltr'>tamen,</span> <span class='ocrx_word' id='word_1_50' title='bbox 1436 1223 1600 1307; x_wconf 83' lang='lat' dir='ltr'>quantun</span> <span class='ocrx_word' id='word_1_51' title='bbox 1625 1237 1772 1286; x_wconf 90' lang='lat' dir='ltr'>censum</span> <span class='ocrx_word' id='word_1_52' title='bbox 1788 1235 1828 1283; x_wconf 92' lang='lat' dir='ltr'>oc</span> <span class='ocrx_word' id='word_1_53' title='bbox 1847 1233 1984 1285; x_wconf 89' lang='lat' dir='ltr'>annum</span> <span class='ocrx_word' id='word_1_54' title='bbox 2007 1232 2071 1301; x_wconf 94' lang='lat' dir='ltr'>pro</span> <span class='ocrx_word' id='word_1_55' title='bbox 2095 1213 2255 1281; x_wconf 89' lang='lat' dir='ltr'>seditura</span> <span class='ocrx_word' id='word_1_56' title='bbox 2279 1212 2322 1279; x_wconf 90' lang='lat' dir='ltr'>de</span> <span class='ocrx_word' id='word_1_57' title='bbox 2345 1212 2422 1296; x_wconf 84' lang='lat' dir='ltr'>ipsa</span> 
     </span>
     <span class='ocr_line' id='line_1_6' title="bbox 571 1364 2422 1460; baseline -0.003 -24"><span class='ocrx_word' id='word_1_58' title='bbox 571 1375 671 1438; x_wconf 87' lang='lat' dir='ltr'>terra</span> <span class='ocrx_word' id='word_1_59' title='bbox 688 1375 724 1438; x_wconf 87' lang='lat' dir='ltr'>et</span> <span class='ocrx_word' id='word_1_60' title='bbox 749 1387 834 1438; x_wconf 87' lang='lat' dir='ltr'>casa</span> <span class='ocrx_word' id='word_1_61' title='bbox 856 1370 959 1439; x_wconf 92' lang='lat' dir='ltr'>exire</span> <span class='ocrx_word' id='word_1_62' title='bbox 982 1371 1159 1460; x_wconf 87' lang='lat' dir='ltr'>debuerit,</span> <span class='ocrx_word' id='word_1_63' title='bbox 1183 1372 1307 1440; x_wconf 90' lang='lat' dir='ltr'>demus</span> <span class='ocrx_word' id='word_1_64' title='bbox 1330 1371 1414 1438; x_wconf 89' lang='lat' dir='ltr'>illut</span> <span class='ocrx_word' id='word_1_65' title='bbox 1437 1371 1567 1440; x_wconf 86' lang='lat' dir='ltr'>exinde</span> <span class='ocrx_word' id='word_1_66' title='bbox 1591 1370 1629 1436; x_wconf 91' lang='lat' dir='ltr'>in</span> <span class='ocrx_word' id='word_1_67' title='bbox 1652 1388 1736 1458; x_wconf 86' lang='lat' dir='ltr'>pars</span> <span class='ocrx_word' id='word_1_68' title='bbox 1760 1369 1873 1456; x_wconf 92' lang='lat' dir='ltr'>ipsius</span> <span class='ocrx_word' id='word_1_69' title='bbox 1896 1367 2042 1436; x_wconf 85' lang='lat' dir='ltr'>ecclesie</span> <span class='ocrx_word' id='word_1_70' title='bbox 2066 1385 2129 1452; x_wconf 92' lang='lat' dir='ltr'>per</span> <span class='ocrx_word' id='word_1_71' title='bbox 2151 1364 2328 1434; x_wconf 90' lang='lat' dir='ltr'>rationem</span> <span class='ocrx_word' id='word_1_72' title='bbox 2351 1383 2422 1432; x_wconf 92' lang='lat' dir='ltr'>me-</span> 
     </span>
     <span class='ocr_line' id='line_1_7' title="bbox 573 1521 2421 1612; baseline -0.003 -24"><span class='ocrx_word' id='word_1_73' title='bbox 573 1521 755 1590; x_wconf 87' lang='lat' dir='ltr'>dietatem.</span> <span class='ocrx_word' id='word_1_74' title='bbox 789 1524 882 1609; x_wconf 92' lang='lat' dir='ltr'>quod</span> <span class='ocrx_word' id='word_1_75' title='bbox 906 1524 936 1590; x_wconf 89' lang='lat' dir='ltr'>si</span> <span class='ocrx_word' id='word_1_76' title='bbox 966 1523 1088 1592; x_wconf 88' lang='lat' dir='ltr'>taliter</span> <span class='ocrx_word' id='word_1_77' title='bbox 1120 1526 1266 1612; x_wconf 87' lang='lat' dir='ltr'>omnia,</span> <span class='ocrx_word' id='word_1_78' title='bbox 1290 1528 1331 1592; x_wconf 91' lang='lat' dir='ltr'>ut</span> <span class='ocrx_word' id='word_1_79' title='bbox 1361 1525 1525 1610; x_wconf 89' lang='lat' dir='ltr'>superius</span> <span class='ocrx_word' id='word_1_80' title='bbox 1558 1524 1717 1612; x_wconf 85' lang='lat' dir='ltr'>legitur,</span> <span class='ocrx_word' id='word_1_81' title='bbox 1743 1523 1818 1610; x_wconf 89' lang='lat' dir='ltr'>ipsc</span> <span class='ocrx_word' id='word_1_82' title='bbox 1841 1526 1951 1593; x_wconf 88' lang='lat' dir='ltr'>abbas</span> <span class='ocrx_word' id='word_1_83' title='bbox 1975 1527 2011 1591; x_wconf 89' lang='lat' dir='ltr'>et</span> <span class='ocrx_word' id='word_1_84' title='bbox 2034 1537 2252 1589; x_wconf 88' lang='lat' dir='ltr'>successores</span> <span class='ocrx_word' id='word_1_85' title='bbox 2282 1535 2363 1586; x_wconf 89' lang='lat' dir='ltr'>suos</span> <span class='ocrx_word' id='word_1_86' title='bbox 2387 1524 2421 1584; x_wconf 91' lang='lat' dir='ltr'>et</span> 
     </span>
     <span class='ocr_line' id='line_1_8' title="bbox 572 1669 2421 1762; baseline -0.005 -19"><span class='ocrx_word' id='word_1_87' title='bbox 572 1695 658 1762; x_wconf 89' lang='lat' dir='ltr'>pars</span> <span class='ocrx_word' id='word_1_88' title='bbox 682 1676 794 1761; x_wconf 90' lang='lat' dir='ltr'>ipsius</span> <span class='ocrx_word' id='word_1_89' title='bbox 818 1675 965 1744; x_wconf 85' lang='lat' dir='ltr'>ecclesie</span> <span class='ocrx_word' id='word_1_90' title='bbox 988 1676 1091 1743; x_wconf 89' lang='lat' dir='ltr'>nobis</span> <span class='ocrx_word' id='word_1_91' title='bbox 1119 1679 1322 1762; x_wconf 86' lang='lat' dir='ltr'>nostrisque</span> <span class='ocrx_word' id='word_1_92' title='bbox 1349 1676 1514 1745; x_wconf 89' lang='lat' dir='ltr'>eredibus</span> <span class='ocrx_word' id='word_1_93' title='bbox 1539 1679 1575 1743; x_wconf 91' lang='lat' dir='ltr'>et</span> <span class='ocrx_word' id='word_1_94' title='bbox 1602 1676 1646 1746; x_wconf 90' lang='lat' dir='ltr'>ad</span> <span class='ocrx_word' id='word_1_95' title='bbox 1665 1678 1801 1743; x_wconf 90' lang='lat' dir='ltr'>omines</span> <span class='ocrx_word' id='word_1_96' title='bbox 1828 1693 1933 1760; x_wconf 91' lang='lat' dir='ltr'>quem</span> <span class='ocrx_word' id='word_1_97' title='bbox 1956 1672 2087 1740; x_wconf 90' lang='lat' dir='ltr'>ibidem</span> <span class='ocrx_word' id='word_1_98' title='bbox 2110 1669 2327 1754; x_wconf 84' lang='lat' dir='ltr'>miserimus,</span> <span class='ocrx_word' id='word_1_99' title='bbox 2351 1685 2421 1734; x_wconf 91' lang='lat' dir='ltr'>non</span> 
     </span>
     <span class='ocr_line' id='line_1_9' title="bbox 574 1822 2421 1916; baseline -0.005 -19"><span class='ocrx_word' id='word_1_100' title='bbox 574 1829 819 1915; x_wconf 83' lang='lat' dir='ltr'>adinpleberit</span> <span class='ocrx_word' id='word_1_101' title='bbox 841 1833 877 1896; x_wconf 91' lang='lat' dir='ltr'>et</span> <span class='ocrx_word' id='word_1_102' title='bbox 902 1831 1034 1916; x_wconf 84' lang='lat' dir='ltr'>aliquit</span> <span class='ocrx_word' id='word_1_103' title='bbox 1058 1832 1189 1898; x_wconf 86' lang='lat' dir='ltr'>exinde</span> <span class='ocrx_word' id='word_1_104' title='bbox 1205 1833 1386 1898; x_wconf 89' lang='lat' dir='ltr'>remobere</span> <span class='ocrx_word' id='word_1_105' title='bbox 1403 1834 1468 1898; x_wconf 87' lang='lat' dir='ltr'>aut</span> <span class='ocrx_word' id='word_1_106' title='bbox 1483 1833 1649 1897; x_wconf 86' lang='lat' dir='ltr'>contrarc</span> <span class='ocrx_word' id='word_1_107' title='bbox 1673 1828 1858 1915; x_wconf 87' lang='lat' dir='ltr'>quesierit,</span> <span class='ocrx_word' id='word_1_108' title='bbox 1875 1833 1961 1896; x_wconf 90' lang='lat' dir='ltr'>tunc</span> <span class='ocrx_word' id='word_1_109' title='bbox 1984 1845 2047 1913; x_wconf 90' lang='lat' dir='ltr'>per</span> <span class='ocrx_word' id='word_1_110' title='bbox 2071 1826 2150 1911; x_wconf 89' lang='lat' dir='ltr'>ipsa</span> <span class='ocrx_word' id='word_1_111' title='bbox 2173 1822 2309 1910; x_wconf 79' lang='lat' dir='ltr'>guadio</span> <span class='ocrx_word' id='word_1_112' title='bbox 2332 1823 2421 1890; x_wconf 89' lang='lat' dir='ltr'>obli-</span> 
     </span>
     <span class='ocr_line' id='line_1_10' title="bbox 574 1979 2419 2069; baseline -0.003 -20"><span class='ocrx_word' id='word_1_113' title='bbox 574 1982 675 2068; x_wconf 83' lang='lat' dir='ltr'>gabit</span> <span class='ocrx_word' id='word_1_114' title='bbox 698 2001 735 2049; x_wconf 88' lang='lat' dir='ltr'>se</span> <span class='ocrx_word' id='word_1_115' title='bbox 758 2001 908 2069; x_wconf 92' lang='lat' dir='ltr'>suosque</span> <span class='ocrx_word' id='word_1_116' title='bbox 932 1999 1150 2050; x_wconf 87' lang='lat' dir='ltr'>successores</span> <span class='ocrx_word' id='word_1_117' title='bbox 1165 1984 1201 2049; x_wconf 91' lang='lat' dir='ltr'>et</span> <span class='ocrx_word' id='word_1_118' title='bbox 1218 1999 1302 2068; x_wconf 85' lang='lat' dir='ltr'>pars</span> <span class='ocrx_word' id='word_1_119' title='bbox 1319 1981 1432 2066; x_wconf 90' lang='lat' dir='ltr'>ipsius</span> <span class='ocrx_word' id='word_1_120' title='bbox 1448 1981 1596 2048; x_wconf 88' lang='lat' dir='ltr'>ecclesie</span> <span class='ocrx_word' id='word_1_121' title='bbox 1618 1982 1664 2049; x_wconf 89' lang='lat' dir='ltr'>ad</span> <span class='ocrx_word' id='word_1_122' title='bbox 1688 1981 1968 2068; x_wconf 88' lang='lat' dir='ltr'>componendum</span> <span class='ocrx_word' id='word_1_123' title='bbox 1991 1979 2092 2046; x_wconf 91' lang='lat' dir='ltr'>nobis</span> <span class='ocrx_word' id='word_1_124' title='bbox 2115 1979 2318 2065; x_wconf 86' lang='lat' dir='ltr'>nostrisque</span> <span class='ocrx_word' id='word_1_125' title='bbox 2341 1995 2419 2044; x_wconf 87' lang='lat' dir='ltr'>ere-</span> 
     </span>
     <span class='ocr_line' id='line_1_11' title="bbox 574 2132 2419 2224; baseline -0.004 -19"><span class='ocrx_word' id='word_1_126' title='bbox 574 2137 679 2205; x_wconf 89' lang='lat' dir='ltr'>dibus</span> <span class='ocrx_word' id='word_1_127' title='bbox 702 2138 835 2224; x_wconf 82' lang='lat' dir='ltr'>biginti</span> <span class='ocrx_word' id='word_1_128' title='bbox 861 2141 942 2206; x_wconf 87' lang='lat' dir='ltr'>auri</span> <span class='ocrx_word' id='word_1_129' title='bbox 965 2137 1069 2204; x_wconf 90' lang='lat' dir='ltr'>solidi</span> <span class='ocrx_word' id='word_1_130' title='bbox 1093 2136 1325 2206; x_wconf 87' lang='lat' dir='ltr'>constantini.</span> <span class='ocrx_word' id='word_1_131' title='bbox 1350 2136 1444 2202; x_wconf 90' lang='lat' dir='ltr'>unde</span> <span class='ocrx_word' id='word_1_132' title='bbox 1467 2137 1509 2204; x_wconf 88' lang='lat' dir='ltr'>de</span> <span class='ocrx_word' id='word_1_133' title='bbox 1532 2133 1653 2202; x_wconf 89' lang='lat' dir='ltr'>omnia</span> <span class='ocrx_word' id='word_1_134' title='bbox 1682 2133 1779 2201; x_wconf 91' lang='lat' dir='ltr'>etin</span> <span class='ocrx_word' id='word_1_135' title='bbox 1803 2133 1991 2220; x_wconf 87' lang='lat' dir='ltr'>omnibus,</span> <span class='ocrx_word' id='word_1_136' title='bbox 2016 2138 2055 2200; x_wconf 93' lang='lat' dir='ltr'>ut</span> <span class='ocrx_word' id='word_1_137' title='bbox 2079 2135 2244 2218; x_wconf 89' lang='lat' dir='ltr'>superius</span> <span class='ocrx_word' id='word_1_138' title='bbox 2268 2132 2419 2220; x_wconf 87' lang='lat' dir='ltr'>legitur,</span> 
     </span>
     <span class='ocr_line' id='line_1_12' title="bbox 578 2284 2424 2380; baseline -0.005 -20"><span class='ocrx_word' id='word_1_139' title='bbox 578 2296 654 2380; x_wconf 91' lang='lat' dir='ltr'>ipse</span> <span class='ocrx_word' id='word_1_140' title='bbox 678 2295 789 2360; x_wconf 87' lang='lat' dir='ltr'>abbas</span> <span class='ocrx_word' id='word_1_141' title='bbox 814 2297 849 2360; x_wconf 89' lang='lat' dir='ltr'>et</span> <span class='ocrx_word' id='word_1_142' title='bbox 872 2309 1090 2359; x_wconf 89' lang='lat' dir='ltr'>successores</span> <span class='ocrx_word' id='word_1_143' title='bbox 1113 2309 1194 2358; x_wconf 87' lang='lat' dir='ltr'>suos</span> <span class='ocrx_word' id='word_1_144' title='bbox 1218 2293 1254 2358; x_wconf 89' lang='lat' dir='ltr'>et</span> <span class='ocrx_word' id='word_1_145' title='bbox 1277 2309 1361 2375; x_wconf 85' lang='lat' dir='ltr'>pars</span> <span class='ocrx_word' id='word_1_146' title='bbox 1386 2289 1498 2375; x_wconf 91' lang='lat' dir='ltr'>ipsius</span> <span class='ocrx_word' id='word_1_147' title='bbox 1520 2289 1668 2357; x_wconf 91' lang='lat' dir='ltr'>ecclesie</span> <span class='ocrx_word' id='word_1_148' title='bbox 1695 2285 1796 2353; x_wconf 90' lang='lat' dir='ltr'>nobis</span> <span class='ocrx_word' id='word_1_149' title='bbox 1821 2285 2023 2370; x_wconf 87' lang='lat' dir='ltr'>nostrisque</span> <span class='ocrx_word' id='word_1_150' title='bbox 2048 2284 2213 2354; x_wconf 89' lang='lat' dir='ltr'>eredibus</span> <span class='ocrx_word' id='word_1_151' title='bbox 2237 2285 2424 2371; x_wconf 88' lang='lat' dir='ltr'>adinplen-</span> 
     </span>
     <span class='ocr_line' id='line_1_13' title="bbox 577 2439 2424 2531; baseline -0.003 -19"><span class='ocrx_word' id='word_1_152' title='bbox 577 2447 687 2530; x_wconf 89' lang='lat' dir='ltr'>dum,</span> <span class='ocrx_word' id='word_1_153' title='bbox 711 2465 775 2531; x_wconf 92' lang='lat' dir='ltr'>per</span> <span class='ocrx_word' id='word_1_154' title='bbox 798 2448 892 2514; x_wconf 90' lang='lat' dir='ltr'>bona</span> <span class='ocrx_word' id='word_1_155' title='bbox 915 2445 1177 2513; x_wconf 89' lang='lat' dir='ltr'>combenientia</span> <span class='ocrx_word' id='word_1_156' title='bbox 1200 2443 1336 2530; x_wconf 82' lang='lat' dir='ltr'>guadia</span> <span class='ocrx_word' id='word_1_157' title='bbox 1358 2443 1447 2510; x_wconf 90' lang='lat' dir='ltr'>mihi</span> <span class='ocrx_word' id='word_1_158' title='bbox 1482 2445 1556 2528; x_wconf 88' lang='lat' dir='ltr'>ipse</span> <span class='ocrx_word' id='word_1_159' title='bbox 1581 2445 1692 2512; x_wconf 90' lang='lat' dir='ltr'>abbas</span> <span class='ocrx_word' id='word_1_160' title='bbox 1715 2461 1796 2510; x_wconf 90' lang='lat' dir='ltr'>cum</span> <span class='ocrx_word' id='word_1_161' title='bbox 1818 2443 1999 2528; x_wconf 89' lang='lat' dir='ltr'>predictus</span> <span class='ocrx_word' id='word_1_162' title='bbox 2023 2458 2138 2508; x_wconf 91' lang='lat' dir='ltr'>comes</span> <span class='ocrx_word' id='word_1_163' title='bbox 2160 2439 2268 2526; x_wconf 90' lang='lat' dir='ltr'>dedi,</span> <span class='ocrx_word' id='word_1_164' title='bbox 2292 2444 2329 2507; x_wconf 90' lang='lat' dir='ltr'>et</span> <span class='ocrx_word' id='word_1_165' title='bbox 2352 2459 2424 2507; x_wconf 90' lang='lat' dir='ltr'>me-</span> 
     </span>
     <span class='ocr_line' id='line_1_14' title="bbox 576 2595 2423 2686; baseline -0.003 -22"><span class='ocrx_word' id='word_1_166' title='bbox 576 2599 753 2667; x_wconf 88' lang='lat' dir='ltr'>diatorem</span> <span class='ocrx_word' id='word_1_167' title='bbox 776 2599 866 2665; x_wconf 88' lang='lat' dir='ltr'>mihi</span> <span class='ocrx_word' id='word_1_168' title='bbox 890 2603 1087 2686; x_wconf 89' lang='lat' dir='ltr'>posuerunt</span> <span class='ocrx_word' id='word_1_169' title='bbox 1109 2597 1357 2684; x_wconf 82' lang='lat' dir='ltr'>maghenolfus</span> <span class='ocrx_word' id='word_1_170' title='bbox 1379 2599 1554 2683; x_wconf 85' lang='lat' dir='ltr'>presbiter</span> <span class='ocrx_word' id='word_1_171' title='bbox 1583 2595 1679 2664; x_wconf 88' lang='lat' dir='ltr'>filius</span> <span class='ocrx_word' id='word_1_172' title='bbox 1708 2597 1884 2683; x_wconf 86' lang='lat' dir='ltr'>quondam</span> <span class='ocrx_word' id='word_1_173' title='bbox 1915 2595 2074 2682; x_wconf 86' lang='lat' dir='ltr'>granati.</span> <span class='ocrx_word' id='word_1_174' title='bbox 2100 2597 2136 2662; x_wconf 91' lang='lat' dir='ltr'>et</span> <span class='ocrx_word' id='word_1_175' title='bbox 2159 2597 2255 2662; x_wconf 92' lang='lat' dir='ltr'>hunc</span> <span class='ocrx_word' id='word_1_176' title='bbox 2279 2596 2423 2661; x_wconf 88' lang='lat' dir='ltr'>brebem</span> 
     </span>
     <span class='ocr_line' id='line_1_15' title="bbox 572 2750 1438 2841; baseline 0 -23"><span class='ocrx_word' id='word_1_177' title='bbox 572 2754 704 2840; x_wconf 88' lang='lat' dir='ltr'>scripsi</span> <span class='ocrx_word' id='word_1_178' title='bbox 729 2772 795 2841; x_wconf 81' lang='lat' dir='ltr'>ego</span> <span class='ocrx_word' id='word_1_179' title='bbox 819 2754 978 2822; x_wconf 88' lang='lat' dir='ltr'>ademari</span> <span class='ocrx_word' id='word_1_180' title='bbox 1001 2755 1165 2820; x_wconf 88' lang='lat' dir='ltr'>notarius</span> <span class='ocrx_word' id='word_1_181' title='bbox 1189 2753 1252 2836; x_wconf 93' lang='lat' dir='ltr'>qui</span> <span class='ocrx_word' id='word_1_182' title='bbox 1276 2750 1438 2818; x_wconf 85' lang='lat' dir='ltr'>interfui.</span> 
     </span>
    </p>

    <p class='ocr_par' dir='ltr' id='par_1_3' title="bbox 618 2881 1469 2996">
     <span class='ocr_line' id='line_1_16' title="bbox 618 2881 1469 2996; baseline -0.002 -22"><span class='ocrx_word' id='word_1_183' title='bbox 618 2881 649 2996; x_wconf 92' lang='lat'>†</span> <span class='ocrx_word' id='word_1_184' title='bbox 675 2927 741 2996; x_wconf 84' lang='lat' dir='ltr'>ego</span> <span class='ocrx_word' id='word_1_185' title='bbox 765 2907 827 2994; x_wconf 89' lang='lat' dir='ltr'>qui</span> <span class='ocrx_word' id='word_1_186' title='bbox 852 2927 960 2994; x_wconf 86' lang='lat' dir='ltr'>supra</span> <span class='ocrx_word' id='word_1_187' title='bbox 983 2909 1078 2975; x_wconf 88' lang='lat' dir='ltr'>maio</span> <span class='ocrx_word' id='word_1_188' title='bbox 1100 2907 1276 2994; x_wconf 86' lang='lat' dir='ltr'>presbiter</span> <span class='ocrx_word' id='word_1_189' title='bbox 1300 2912 1336 2974; x_wconf 91' lang='lat' dir='ltr'>et</span> <span class='ocrx_word' id='word_1_190' title='bbox 1359 2908 1469 2974; x_wconf 88' lang='lat' dir='ltr'>abbas</span> 
     </span>
    </p>
   </div>
   <div class='ocr_carea' id='block_1_3' title="bbox 620 3035 1451 3149">
    <p class='ocr_par' dir='ltr' id='par_1_4' title="bbox 620 3035 1451 3149">
     <span class='ocr_line' id='line_1_17' title="bbox 620 3035 1451 3149; baseline -0.007 -19"><span class='ocrx_word' id='word_1_191' title='bbox 620 3035 651 3149; x_wconf 75' lang='lat'>†</span> <span class='ocrx_word' id='word_1_192' title='bbox 678 3082 744 3148; x_wconf 83' lang='lat' dir='ltr'>ego</span> <span class='ocrx_word' id='word_1_193' title='bbox 768 3066 891 3148; x_wconf 90' lang='lat' dir='ltr'>petrus</span> <span class='ocrx_word' id='word_1_194' title='bbox 916 3062 1092 3149; x_wconf 88' lang='lat' dir='ltr'>presbiter</span> <span class='ocrx_word' id='word_1_195' title='bbox 1118 3067 1153 3129; x_wconf 89' lang='lat' dir='ltr'>et</span> <span class='ocrx_word' id='word_1_196' title='bbox 1176 3059 1451 3147; x_wconf 88' lang='lat' dir='ltr'>primiclericus.</span> 
     </span>
    </p>
   </div>
   <div class='ocr_carea' id='block_1_4' title="bbox 1284 3311 1723 3328">
    <p class='ocr_par' dir='ltr' id='par_1_5' title="bbox 1284 3311 1723 3328">
     <span class='ocr_line' id='line_1_18' title="bbox 1284 3311 1723 3328; baseline -0.002 -9"><span class='ocrx_word' id='word_1_197' title='bbox 1284 3311 1723 3328; x_wconf 75' lang='lat'>—-—-——-———</span> 
     </span>
    </p>
   </div>
   <div class='ocr_carea' id='block_1_5' title="bbox 1419 3574 1577 3656">
    <p class='ocr_par' dir='ltr' id='par_1_6' title="bbox 1419 3574 1577 3656">
     <span class='ocr_line' id='line_1_19' title="bbox 1419 3574 1577 3656; baseline -0.019 0"><span class='ocrx_word' id='word_1_198' title='bbox 1419 3574 1577 3656; x_wconf 89' lang='lat' dir='ltr'>DCV.</span> 
     </span>
    </p>
   </div>
   <div class='ocr_carea' id='block_1_6' title="bbox 1352 3830 1643 3913">
    <p class='ocr_par' dir='ltr' id='par_1_7' title="bbox 1352 3830 1643 3913">
     <span class='ocr_line' id='line_1_20' title="bbox 1352 3830 1643 3913; baseline -0.027 0"><span class='ocrx_word' id='word_1_199' title='bbox 1352 3835 1406 3913; x_wconf 82' lang='lat' dir='ltr'>A.</span> <span class='ocrx_word' id='word_1_200' title='bbox 1435 3833 1486 3912; x_wconf 92' lang='lat' dir='ltr'>D.</span> <span class='ocrx_word' id='word_1_201' title='bbox 1515 3830 1643 3913; x_wconf 86' lang='lat'><strong>1008.</strong></span> 
     </span>
    </p>
   </div>
   <div class='ocr_carea' id='block_1_7' title="bbox 621 4077 2423 4217">
    <p class='ocr_par' dir='ltr' id='par_1_8' title="bbox 621 4077 2423 4217">
     <span class='ocr_line' id='line_1_21' title="bbox 621 4077 2423 4217; baseline -0.002 -23"><span class='ocrx_word' id='word_1_202' title='bbox 621 4077 658 4217; x_wconf 80' lang='lat'>†</span> <span class='ocrx_word' id='word_1_203' title='bbox 683 4131 722 4194; x_wconf 92' lang='lat' dir='ltr'>In</span> <span class='ocrx_word' id='word_1_204' title='bbox 747 4127 890 4195; x_wconf 89' lang='lat' dir='ltr'>nomine</span> <span class='ocrx_word' id='word_1_205' title='bbox 905 4127 1040 4194; x_wconf 91' lang='lat' dir='ltr'>domini</span> <span class='ocrx_word' id='word_1_206' title='bbox 1056 4125 1221 4192; x_wconf 88' lang='lat' dir='ltr'>vicesimo</span> <span class='ocrx_word' id='word_1_207' title='bbox 1238 4141 1333 4193; x_wconf 89' lang='lat' dir='ltr'>anno</span> <span class='ocrx_word' id='word_1_208' title='bbox 1349 4125 1573 4212; x_wconf 89' lang='lat' dir='ltr'>principatus</span> <span class='ocrx_word' id='word_1_209' title='bbox 1589 4125 1708 4191; x_wconf 92' lang='lat' dir='ltr'>domni</span> <span class='ocrx_word' id='word_1_210' title='bbox 1725 4125 1837 4194; x_wconf 91' lang='lat' dir='ltr'>nostri</span> <span class='ocrx_word' id='word_1_211' title='bbox 1855 4125 2045 4192; x_wconf 87' lang='lat' dir='ltr'>wuaimari</span> <span class='ocrx_word' id='word_1_212' title='bbox 2062 4125 2209 4211; x_wconf 81' lang='lat' dir='ltr'>gloriosi</span> <span class='ocrx_word' id='word_1_213' title='bbox 2226 4126 2423 4212; x_wconf 89' lang='lat' dir='ltr'>princepis,</span> 
     </span>
    </p>
   </div>
   <div class='ocr_carea' id='block_1_8' title="bbox 574 4276 2431 5740">
    <p class='ocr_par' dir='ltr' id='par_1_9' title="bbox 574 4276 2431 5740">
     <span class='ocr_line' id='line_1_22' title="bbox 576 4276 2425 4382; baseline -0.003 -33"><span class='ocrx_word' id='word_1_214' title='bbox 576 4299 700 4382; x_wconf 79' lang='lat' dir='ltr'>mense</span> <span class='ocrx_word' id='word_1_215' title='bbox 725 4283 934 4366; x_wconf 90' lang='lat' dir='ltr'>september,</span> <span class='ocrx_word' id='word_1_216' title='bbox 960 4277 1113 4365; x_wconf 89' lang='lat' dir='ltr'>septima</span> <span class='ocrx_word' id='word_1_217' title='bbox 1136 4276 1344 4344; x_wconf 91' lang='lat' dir='ltr'>indictione.</span> <span class='ocrx_word' id='word_1_218' title='bbox 1371 4278 1659 4346; x_wconf 89' lang='lat' dir='ltr'>Memoratorium</span> <span class='ocrx_word' id='word_1_219' title='bbox 1682 4278 1822 4347; x_wconf 87' lang='lat' dir='ltr'>factum</span> <span class='ocrx_word' id='word_1_220' title='bbox 1846 4301 1869 4347; x_wconf 92' lang='lat' dir='ltr'>a</span> <span class='ocrx_word' id='word_1_221' title='bbox 1891 4297 1947 4346; x_wconf 88' lang='lat' dir='ltr'>me</span> <span class='ocrx_word' id='word_1_222' title='bbox 1971 4278 2103 4346; x_wconf 85' lang='lat' dir='ltr'>andrea</span> <span class='ocrx_word' id='word_1_223' title='bbox 2127 4277 2260 4345; x_wconf 91' lang='lat' dir='ltr'>domini</span> <span class='ocrx_word' id='word_1_224' title='bbox 2289 4279 2425 4346; x_wconf 87' lang='lat' dir='ltr'>miseri-</span> 
     </span>
     <span class='ocr_line' id='line_1_23' title="bbox 576 4431 2430 4520; baseline -0.001 -17"><span class='ocrx_word' id='word_1_225' title='bbox 576 4436 700 4504; x_wconf 87' lang='lat' dir='ltr'>cordia</span> <span class='ocrx_word' id='word_1_226' title='bbox 725 4437 854 4502; x_wconf 86' lang='lat' dir='ltr'>abbate</span> <span class='ocrx_word' id='word_1_227' title='bbox 877 4432 1050 4500; x_wconf 89' lang='lat' dir='ltr'>hecclesie</span> <span class='ocrx_word' id='word_1_228' title='bbox 1074 4433 1191 4499; x_wconf 87' lang='lat' dir='ltr'>sancti</span> <span class='ocrx_word' id='word_1_229' title='bbox 1222 4432 1347 4517; x_wconf 81' lang='lat' dir='ltr'>magni</span> <span class='ocrx_word' id='word_1_230' title='bbox 1378 4432 1439 4516; x_wconf 92' lang='lat' dir='ltr'>qui</span> <span class='ocrx_word' id='word_1_231' title='bbox 1464 4433 1503 4499; x_wconf 90' lang='lat' dir='ltr'>in</span> <span class='ocrx_word' id='word_1_232' title='bbox 1528 4431 1662 4500; x_wconf 87' lang='lat' dir='ltr'>tinibus</span> <span class='ocrx_word' id='word_1_233' title='bbox 1687 4433 1829 4502; x_wconf 89' lang='lat' dir='ltr'>lucanie</span> <span class='ocrx_word' id='word_1_234' title='bbox 1851 4433 1958 4501; x_wconf 90' lang='lat' dir='ltr'>situm</span> <span class='ocrx_word' id='word_1_235' title='bbox 1982 4439 2049 4518; x_wconf 88' lang='lat' dir='ltr'>est,</span> <span class='ocrx_word' id='word_1_236' title='bbox 2066 4453 2106 4501; x_wconf 92' lang='lat' dir='ltr'>ec</span> <span class='ocrx_word' id='word_1_237' title='bbox 2130 4434 2223 4520; x_wconf 90' lang='lat' dir='ltr'>quod</span> <span class='ocrx_word' id='word_1_238' title='bbox 2247 4435 2346 4501; x_wconf 88' lang='lat' dir='ltr'>intus</span> <span class='ocrx_word' id='word_1_239' title='bbox 2369 4455 2430 4502; x_wconf 88' lang='lat' dir='ltr'>sa-</span> 
     </span>
     <span class='ocr_line' id='line_1_24' title="bbox 576 4584 2422 4672; baseline -0.001 -15"><span class='ocrx_word' id='word_1_240' title='bbox 576 4607 636 4657; x_wconf 89' lang='lat' dir='ltr'>cro</span> <span class='ocrx_word' id='word_1_241' title='bbox 660 4589 882 4658; x_wconf 85' lang='lat' dir='ltr'>salernitano</span> <span class='ocrx_word' id='word_1_242' title='bbox 906 4585 1042 4672; x_wconf 88' lang='lat' dir='ltr'>palatio</span> <span class='ocrx_word' id='word_1_243' title='bbox 1065 4591 1149 4654; x_wconf 87' lang='lat' dir='ltr'>ante</span> <span class='ocrx_word' id='word_1_244' title='bbox 1172 4585 1363 4671; x_wconf 90' lang='lat' dir='ltr'>subscripti</span> <span class='ocrx_word' id='word_1_245' title='bbox 1389 4584 1568 4654; x_wconf 89' lang='lat' dir='ltr'>nobilibus</span> <span class='ocrx_word' id='word_1_246' title='bbox 1591 4587 1824 4657; x_wconf 85' lang='lat' dir='ltr'>tradiderunt</span> <span class='ocrx_word' id='word_1_247' title='bbox 1846 4593 1881 4656; x_wconf 87' lang='lat' dir='ltr'>et</span> <span class='ocrx_word' id='word_1_248' title='bbox 1903 4589 2207 4656; x_wconf 87' lang='lat' dir='ltr'>confirmaberunt</span> <span class='ocrx_word' id='word_1_249' title='bbox 2223 4589 2313 4656; x_wconf 93' lang='lat' dir='ltr'>mihi</span> <span class='ocrx_word' id='word_1_250' title='bbox 2330 4594 2367 4656; x_wconf 91' lang='lat' dir='ltr'>et</span> <span class='ocrx_word' id='word_1_251' title='bbox 2385 4589 2422 4657; x_wconf 88' lang='lat' dir='ltr'>in</span> 
     </span>
     <span class='ocr_line' id='line_1_25' title="bbox 574 4701 2423 4829; baseline 0.001 -22"><span class='ocrx_word' id='word_1_252' title='bbox 574 4701 735 4829; x_wconf 84' lang='lat' dir='ltr'>predicta</span> <span class='ocrx_word' id='word_1_253' title='bbox 756 4740 931 4808; x_wconf 80' lang='lat' dir='ltr'>hecclesie</span> <span class='ocrx_word' id='word_1_254' title='bbox 954 4737 1071 4807; x_wconf 87' lang='lat' dir='ltr'>sancti</span> <span class='ocrx_word' id='word_1_255' title='bbox 1095 4740 1218 4825; x_wconf 82' lang='lat' dir='ltr'>magni</span> <span class='ocrx_word' id='word_1_256' title='bbox 1242 4757 1305 4824; x_wconf 92' lang='lat' dir='ltr'>per</span> <span class='ocrx_word' id='word_1_257' title='bbox 1328 4741 1420 4807; x_wconf 90' lang='lat' dir='ltr'>bona</span> <span class='ocrx_word' id='word_1_258' title='bbox 1442 4737 1708 4806; x_wconf 88' lang='lat' dir='ltr'>combenientia</span> <span class='ocrx_word' id='word_1_259' title='bbox 1734 4739 1937 4807; x_wconf 87' lang='lat' dir='ltr'>adelbertus</span> <span class='ocrx_word' id='word_1_260' title='bbox 1961 4745 1997 4806; x_wconf 92' lang='lat' dir='ltr'>et</span> <span class='ocrx_word' id='word_1_261' title='bbox 2022 4741 2258 4827; x_wconf 82' lang='lat' dir='ltr'>rodelgrimus</span> <span class='ocrx_word' id='word_1_262' title='bbox 2282 4744 2423 4810; x_wconf 87' lang='lat' dir='ltr'>comiti-</span> 
     </span>
     <span class='ocr_line' id='line_1_26' title="bbox 576 4890 2423 4976; baseline -0.002 -15"><span class='ocrx_word' id='word_1_263' title='bbox 576 4896 642 4961; x_wconf 89' lang='lat' dir='ltr'>bus</span> <span class='ocrx_word' id='word_1_264' title='bbox 664 4892 840 4960; x_wconf 80' lang='lat' dir='ltr'>hecclcsia</span> <span class='ocrx_word' id='word_1_265' title='bbox 864 4890 1071 4960; x_wconf 84' lang='lat' dir='ltr'>monasterii</span> <span class='ocrx_word' id='word_1_266' title='bbox 1097 4894 1219 4957; x_wconf 85' lang='lat' dir='ltr'>sancte</span> <span class='ocrx_word' id='word_1_267' title='bbox 1242 4893 1356 4958; x_wconf 88' lang='lat' dir='ltr'>marie</span> <span class='ocrx_word' id='word_1_268' title='bbox 1381 4890 1592 4958; x_wconf 90' lang='lat' dir='ltr'>bocabulum</span> <span class='ocrx_word' id='word_1_269' title='bbox 1609 4892 1670 4976; x_wconf 90' lang='lat' dir='ltr'>qui</span> <span class='ocrx_word' id='word_1_270' title='bbox 1689 4891 1878 4958; x_wconf 84' lang='lat' dir='ltr'>fundatum</span> <span class='ocrx_word' id='word_1_271' title='bbox 1899 4897 1953 4960; x_wconf 88' lang='lat' dir='ltr'>est</span> <span class='ocrx_word' id='word_1_272' title='bbox 1977 4893 2017 4959; x_wconf 89' lang='lat' dir='ltr'>in</span> <span class='ocrx_word' id='word_1_273' title='bbox 2041 4892 2173 4960; x_wconf 89' lang='lat' dir='ltr'>linibus</span> <span class='ocrx_word' id='word_1_274' title='bbox 2196 4893 2357 4962; x_wconf 88' lang='lat' dir='ltr'>maliano</span> <span class='ocrx_word' id='word_1_275' title='bbox 2381 4895 2423 4959; x_wconf 91' lang='lat' dir='ltr'>il-</span> 
     </span>
     <span class='ocr_line' id='line_1_27' title="bbox 574 5043 2423 5130; baseline 0.002 -20"><span class='ocrx_word' id='word_1_276' title='bbox 574 5045 691 5112; x_wconf 90' lang='lat' dir='ltr'>lorum</span> <span class='ocrx_word' id='word_1_277' title='bbox 715 5045 935 5130; x_wconf 86' lang='lat' dir='ltr'>comitatum,</span> <span class='ocrx_word' id='word_1_278' title='bbox 961 5046 1000 5112; x_wconf 90' lang='lat' dir='ltr'>in</span> <span class='ocrx_word' id='word_1_279' title='bbox 1024 5045 1097 5110; x_wconf 91' lang='lat' dir='ltr'>loco</span> <span class='ocrx_word' id='word_1_280' title='bbox 1120 5045 1189 5129; x_wconf 77' lang='lat' dir='ltr'>qui¹</span> <span class='ocrx_word' id='word_1_281' title='bbox 1206 5043 1340 5110; x_wconf 89' lang='lat' dir='ltr'>dicitur</span> <span class='ocrx_word' id='word_1_282' title='bbox 1363 5063 1491 5128; x_wconf 90' lang='lat' dir='ltr'>campu</span> <span class='ocrx_word' id='word_1_283' title='bbox 1516 5046 1620 5127; x_wconf 92' lang='lat' dir='ltr'>rubu,</span> <span class='ocrx_word' id='word_1_284' title='bbox 1644 5043 1736 5128; x_wconf 92' lang='lat' dir='ltr'>quod</span> <span class='ocrx_word' id='word_1_285' title='bbox 1760 5043 2010 5128; x_wconf 81' lang='lat' dir='ltr'>guiselgardus</span> <span class='ocrx_word' id='word_1_286' title='bbox 2033 5047 2228 5112; x_wconf 90' lang='lat' dir='ltr'>monachus</span> <span class='ocrx_word' id='word_1_287' title='bbox 2251 5048 2288 5112; x_wconf 90' lang='lat' dir='ltr'>et</span> <span class='ocrx_word' id='word_1_288' title='bbox 2310 5048 2423 5116; x_wconf 86' lang='lat' dir='ltr'>abbas</span> 
     </span>
     <span class='ocr_line' id='line_1_28' title="bbox 575 5183 2424 5284; baseline 0.001 -19"><span class='ocrx_word' id='word_1_289' title='bbox 575 5199 719 5282; x_wconf 89' lang='lat' dir='ltr'>retinet,</span> <span class='ocrx_word' id='word_1_290' title='bbox 743 5202 779 5266; x_wconf 89' lang='lat' dir='ltr'>et</span> <span class='ocrx_word' id='word_1_291' title='bbox 802 5197 877 5283; x_wconf 89' lang='lat' dir='ltr'>ipse</span> <span class='ocrx_word' id='word_1_292' title='bbox 900 5195 1150 5282; x_wconf 79' lang='lat' dir='ltr'>guiselgardus</span> <span class='ocrx_word' id='word_1_293' title='bbox 1175 5199 1371 5263; x_wconf 87' lang='lat' dir='ltr'>monachus</span> <span class='ocrx_word' id='word_1_294' title='bbox 1388 5200 1423 5262; x_wconf 90' lang='lat' dir='ltr'>et</span> <span class='ocrx_word' id='word_1_295' title='bbox 1439 5197 1551 5264; x_wconf 89' lang='lat' dir='ltr'>abbas</span> <span class='ocrx_word' id='word_1_296' title='bbox 1568 5194 1642 5262; x_wconf 85' lang='lat' dir='ltr'>iam</span> <span class='ocrx_word' id='word_1_297' title='bbox 1657 5183 1827 5282; x_wconf 73' lang='lat' dir='ltr'>preterito</span> <span class='ocrx_word' id='word_1_298' title='bbox 1843 5200 1982 5284; x_wconf 90' lang='lat' dir='ltr'>tempus</span> <span class='ocrx_word' id='word_1_299' title='bbox 2007 5197 2081 5282; x_wconf 89' lang='lat' dir='ltr'>ipso</span> <span class='ocrx_word' id='word_1_300' title='bbox 2106 5202 2324 5268; x_wconf 88' lang='lat' dir='ltr'>monasterio</span> <span class='ocrx_word' id='word_1_301' title='bbox 2341 5219 2424 5268; x_wconf 88' lang='lat' dir='ltr'>san·</span> 
     </span>
     <span class='ocr_line' id='line_1_29' title="bbox 576 5344 2426 5439; baseline 0 -19"><span class='ocrx_word' id='word_1_302' title='bbox 576 5359 634 5420; x_wconf 79' lang='lat' dir='ltr'>cte&#39;</span> <span class='ocrx_word' id='word_1_303' title='bbox 648 5351 761 5420; x_wconf 88' lang='lat' dir='ltr'>marie</span> <span class='ocrx_word' id='word_1_304' title='bbox 778 5350 816 5415; x_wconf 92' lang='lat' dir='ltr'>in</span> <span class='ocrx_word' id='word_1_305' title='bbox 832 5351 909 5435; x_wconf 88' lang='lat' dir='ltr'>ipsa</span> <span class='ocrx_word' id='word_1_306' title='bbox 932 5351 1056 5414; x_wconf 86' lang='lat' dir='ltr'>nostra</span> <span class='ocrx_word' id='word_1_307' title='bbox 1079 5345 1229 5414; x_wconf 89' lang='lat' dir='ltr'>ecclesia</span> <span class='ocrx_word' id='word_1_308' title='bbox 1251 5346 1368 5414; x_wconf 85' lang='lat' dir='ltr'>sancti</span> <span class='ocrx_word' id='word_1_309' title='bbox 1393 5344 1513 5432; x_wconf 84' lang='lat' dir='ltr'>magni</span> <span class='ocrx_word' id='word_1_310' title='bbox 1540 5346 1707 5414; x_wconf 83' lang='lat' dir='ltr'>hoileruit</span> <span class='ocrx_word' id='word_1_311' title='bbox 1722 5365 1803 5414; x_wconf 89' lang='lat' dir='ltr'>cum</span> <span class='ocrx_word' id='word_1_312' title='bbox 1819 5351 1915 5417; x_wconf 90' lang='lat' dir='ltr'>omni</span> <span class='ocrx_word' id='word_1_313' title='bbox 1939 5351 2160 5437; x_wconf 86' lang='lat' dir='ltr'>pertinentia</span> <span class='ocrx_word' id='word_1_314' title='bbox 2177 5369 2258 5438; x_wconf 87' lang='lat' dir='ltr'>sua,</span> <span class='ocrx_word' id='word_1_315' title='bbox 2278 5353 2426 5439; x_wconf 89' lang='lat' dir='ltr'>quando</span> 
     </span>
     <span class='ocr_line' id='line_1_30' title="bbox 580 5496 2430 5592; baseline 0.001 -19"><span class='ocrx_word' id='word_1_316' title='bbox 580 5523 618 5573; x_wconf 87' lang='lat' dir='ltr'>se</span> <span class='ocrx_word' id='word_1_317' title='bbox 640 5505 854 5571; x_wconf 89' lang='lat' dir='ltr'>monachum</span> <span class='ocrx_word' id='word_1_318' title='bbox 877 5500 974 5586; x_wconf 84' lang='lat' dir='ltr'>iecit,</span> <span class='ocrx_word' id='word_1_319' title='bbox 997 5518 1038 5568; x_wconf 92' lang='lat' dir='ltr'>eo</span> <span class='ocrx_word' id='word_1_320' title='bbox 1061 5497 1154 5584; x_wconf 91' lang='lat' dir='ltr'>quod</span> <span class='ocrx_word' id='word_1_321' title='bbox 1177 5517 1224 5566; x_wconf 89' lang='lat' dir='ltr'>ex</span> <span class='ocrx_word' id='word_1_322' title='bbox 1247 5496 1378 5564; x_wconf 88' lang='lat' dir='ltr'>cossita</span> <span class='ocrx_word' id='word_1_323' title='bbox 1402 5515 1467 5565; x_wconf 89' lang='lat' dir='ltr'>sua</span> <span class='ocrx_word' id='word_1_324' title='bbox 1490 5499 1573 5566; x_wconf 78' lang='lat' dir='ltr'>suit.</span> <span class='ocrx_word' id='word_1_325' title='bbox 1600 5498 1692 5586; x_wconf 90' lang='lat' dir='ltr'>lde0,</span> <span class='ocrx_word' id='word_1_326' title='bbox 1718 5505 1895 5586; x_wconf 90' lang='lat' dir='ltr'>quantum</span> <span class='ocrx_word' id='word_1_327' title='bbox 1918 5503 1957 5569; x_wconf 93' lang='lat' dir='ltr'>in</span> <span class='ocrx_word' id='word_1_328' title='bbox 1980 5503 2122 5588; x_wconf 88' lang='lat' dir='ltr'>publico</span> <span class='ocrx_word' id='word_1_329' title='bbox 2144 5504 2187 5571; x_wconf 89' lang='lat' dir='ltr'>de</span> <span class='ocrx_word' id='word_1_330' title='bbox 2212 5505 2289 5592; x_wconf 91' lang='lat' dir='ltr'>ipso</span> <span class='ocrx_word' id='word_1_331' title='bbox 2306 5523 2430 5574; x_wconf 85' lang='lat' dir='ltr'>mona-</span> 
     </span>
     <span class='ocr_line' id='line_1_31' title="bbox 579 5649 2431 5740; baseline 0.002 -18"><span class='ocrx_word' id='word_1_332' title='bbox 579 5657 688 5725; x_wconf 90' lang='lat' dir='ltr'>sterio</span> <span class='ocrx_word' id='word_1_333' title='bbox 704 5659 826 5726; x_wconf 87' lang='lat' dir='ltr'>sancte</span> <span class='ocrx_word' id='word_1_334' title='bbox 841 5653 956 5724; x_wconf 87' lang='lat' dir='ltr'>marie</span> <span class='ocrx_word' id='word_1_335' title='bbox 971 5652 1128 5740; x_wconf 90' lang='lat' dir='ltr'>pertinet</span> <span class='ocrx_word' id='word_1_336' title='bbox 1143 5649 1198 5718; x_wconf 89' lang='lat' dir='ltr'>vel</span> <span class='ocrx_word' id='word_1_337' title='bbox 1222 5651 1411 5738; x_wconf 91' lang='lat' dir='ltr'>pertinuit,</span> <span class='ocrx_word' id='word_1_338' title='bbox 1436 5654 1472 5718; x_wconf 89' lang='lat' dir='ltr'>et</span> <span class='ocrx_word' id='word_1_339' title='bbox 1496 5650 1539 5718; x_wconf 93' lang='lat' dir='ltr'>de</span> <span class='ocrx_word' id='word_1_340' title='bbox 1563 5654 1669 5719; x_wconf 89' lang='lat' dir='ltr'>rebus</span> <span class='ocrx_word' id='word_1_341' title='bbox 1686 5652 1765 5720; x_wconf 89' lang='lat' dir='ltr'>eius</span> <span class='ocrx_word' id='word_1_342' title='bbox 1780 5652 1946 5722; x_wconf 89' lang='lat' dir='ltr'>inclitum</span> <span class='ocrx_word' id='word_1_343' title='bbox 1964 5654 2044 5724; x_wconf 93' lang='lat' dir='ltr'>illut</span> <span class='ocrx_word' id='word_1_344' title='bbox 2062 5657 2099 5723; x_wconf 92' lang='lat' dir='ltr'>in</span> <span class='ocrx_word' id='word_1_345' title='bbox 2118 5655 2290 5726; x_wconf 88' lang='lat' dir='ltr'>iamdicta</span> <span class='ocrx_word' id='word_1_346' title='bbox 2304 5661 2431 5726; x_wconf 82' lang='lat' dir='ltr'>nostra</span> 
     </span>
    </p>
   </div>
   <div class='ocr_carea' id='block_1_9' title="bbox 582 5807 2431 5900">
    <p class='ocr_par' dir='ltr' id='par_1_10' title="bbox 582 5807 2431 5900">
     <span class='ocr_line' id='line_1_32' title="bbox 582 5807 2431 5900; baseline 0 -20"><span class='ocrx_word' id='word_1_347' title='bbox 582 5813 735 5882; x_wconf 87' lang='lat' dir='ltr'>ecclesia</span> <span class='ocrx_word' id='word_1_348' title='bbox 752 5811 868 5880; x_wconf 85' lang='lat' dir='ltr'>sancti</span> <span class='ocrx_word' id='word_1_349' title='bbox 886 5809 1007 5896; x_wconf 81' lang='lat' dir='ltr'>magni</span> <span class='ocrx_word' id='word_1_350' title='bbox 1026 5807 1329 5876; x_wconf 87' lang='lat' dir='ltr'>confirmaberunt</span> <span class='ocrx_word' id='word_1_351' title='bbox 1352 5807 1520 5892; x_wconf 88' lang='lat' dir='ltr'>predictis</span> <span class='ocrx_word' id='word_1_352' title='bbox 1544 5809 1744 5896; x_wconf 83' lang='lat' dir='ltr'>comitibus,</span> <span class='ocrx_word' id='word_1_353' title='bbox 1771 5809 1938 5879; x_wconf 90' lang='lat' dir='ltr'>videlicet</span> <span class='ocrx_word' id='word_1_354' title='bbox 1960 5830 2023 5897; x_wconf 91' lang='lat' dir='ltr'>per</span> <span class='ocrx_word' id='word_1_355' title='bbox 2047 5815 2110 5882; x_wconf 89' lang='lat' dir='ltr'>hos</span> <span class='ocrx_word' id='word_1_356' title='bbox 2128 5814 2218 5882; x_wconf 88' lang='lat' dir='ltr'>lines</span> <span class='ocrx_word' id='word_1_357' title='bbox 2233 5813 2431 5900; x_wconf 86' lang='lat' dir='ltr'>incipiente</span> 
     </span>
    </p>
   </div>
   <div class='ocr_carea' id='block_1_10' title="bbox 0 0 2679 7076">
    <p class='ocr_par' dir='ltr' id='par_1_11' title="bbox 0 0 2679 7076">
     <span class='ocr_line' id='line_1_33' title="bbox 0 0 2679 7076; baseline 0 0"><span class='ocrx_word' id='word_1_358' title='bbox 0 0 2679 7076; x_wconf 95' lang='lat' dir='ltr'> </span> 
     </span>
    </p>
   </div>
  </div>
 </body>
</html>
