5310 7080
976 558 1379 630 bretoil-illitos
2011 557 2055 627 75

253 775 320 864 ipsi
346 776 531 846 duodecim
555 775 642 848 anui
668 777 707 844 iu
730 781 840 848 antea
863 780 1057 868 aliquando
1080 786 1237 870 tempore
1261 784 1340 869 ipsa
1363 786 1469 851 rebus
1492 788 1615 852 tenere
1638 787 1674 850 61
1698 783 1858 852 lavorare
1881 799 1953 848 non
1981 781 2099 848 volue-

252 931 391 1018 rimus,
417 931 532 1000 licead
554 951 619 1000 nos
641 933 695 1000 vel
720 935 854 1002 nostris
877 936 1067 1004 heredibus
1095 936 1179 1005 1616
1201 938 1302 1006 exire
1325 941 1361 1006 et
1383 937 1507 1005 tollere
1530 935 1614 1004 1616
1636 936 1754 1004 redita
1777 939 1813 1003 et
1835 935 1952 1005 omnis
1974 939 2100 1004 nostra

251 1101 359 1154 causa
383 1085 542 1172 movilia,
566 1089 602 1152 et
627 1083 696 1153 iret
718 1105 800 1152 066
823 1103 864 1152 eo
887 1088 1112 1177 voluerimus,
1129 1089 1207 1156 sinc
1222 1091 1477 1159 contrarietate
1492 1089 1649 1176 predicte
1673 1088 1834 1174 ecclesie,
1859 1093 1895 1158 61
1916 1093 1992 1158 1616
2015 1089 2096 1174 ipsa

254 1237 359 1303 rebus
382 1241 528 1323 operata
551 1241 587 1304 ct
611 1237 710 1306 clusa
734 1237 960 1307 remittamus
977 1240 1022 1307 ad
1038 1244 1246 1327 potestatem
1263 1241 1375 1328 ipsius
1391 1243 1551 1310 ecclesie.
1570 1243 1664 1310 unde
1681 1260 1743 1330 per
1760 1245 1852 1311 bona
1876 1241 2102 1310 combenion·

254 1391 304 1459 tia
328 1411 390 1478 per
414 1393 724 1462 demandationem
750 1395 862 1480 ipsius
885 1395 1008 1464 abbati
1038 1401 1073 1464 61
1097 1397 1140 1464 16
1164 1397 1232 1484 ipsi
1264 1397 1384 1466 domni
1415 1398 1529 1484 ipsius
1552 1397 1698 1466 ecclesie
1720 1397 1855 1484 guadio
1892 1398 1995 1466 nobis
2026 1397 2101 1484 ipse

253 1544 442 1630 iaquintus
466 1545 637 1614 diaconus
660 1546 755 1614 dedit
785 1551 820 1615 61
858 1550 1070 1618 mediatores
1101 1549 1203 1616 uobis
1234 1551 1353 1636 posuit
1382 1553 1505 1634 petrus
1531 1549 1627 1616 lilius
1658 1551 1837 1636 quondam
1861 1551 2041 1620 benedicti
2066 1557 2102 1621 et

253 1714 356 1763 ursus
379 1699 554 1783 presbiter
578 1699 674 1766 filius
699 1699 846 1768 iohanni
871 1701 933 1785 qui
964 1707 1047 1770 sunt
1076 1703 1247 1772 abitatori
1277 1705 1315 1770 in
1347 1704 1463 1772 locum
1493 1725 1589 1792 pau3
1622 1709 1657 1772 et
1687 1724 1750 1791 per
1774 1706 1852 1792 ipsa
1875 1705 2009 1791 guadio
2033 1711 2102 1776 etc.

254 1853 402 1918 statuto
425 1854 541 1919 616110
562 1854 693 1939 6101611
716 1857 801 1920 ouri
825 1855 1018 1921 solidorum
1046 1861 1432 1928 constantissimarum.
1461 1863 1708 1928 verumtamen
1731 1865 1767 1928 et
1791 1862 1856 1927 hoc
1880 1860 2101 1945 recolimus,

254 2005 341 2088 quia
363 2023 426 2090 per
449 2005 658 2092 supradicta
680 2007 812 2092 guadia
834 2008 1095 2094 obbligavimus
1118 2026 1181 2076 nos
1198 2015 1233 2078 et
1248 2012 1382 2077 nostris
1407 2011 1587 2098 aradibus,
1612 2017 1652 2079 ut
1675 2017 1811 2098 quanta
1835 2030 1939 2099 poma
1960 2013 2003 2080 16
2027 2012 2098 2098 ipsi

258 2155 375 2224 decem
400 2160 489 2224 anni
513 2159 551 2225 16
577 2161 684 2226 66166
708 2159 790 2226 1616
814 2159 970 2246 exierit,
999 2178 1063 2228 nos
1086 2162 1140 2229 vel
1165 2163 1295 2231 nostris
1325 2166 1490 2233 eredibus
1514 2169 1598 2254 apto
1621 2170 1778 2252 tempore
1802 2165 2036 2254 colligamuS,
2060 2173 2096 2234 61

255 2309 400 2378 tertiam
426 2315 564 2396 partem
588 2311 670 2379 inde
694 2312 816 2379 demus
840 2314 884 2381 ad
908 2331 992 2400 pars
1014 2313 1181 2384 iamdicta
1204 2316 1351 2386 60016616
1364 2367 1374 2404 ,
1400 2323 1435 2385 61
1457 2317 1526 2384 166
1551 2317 1659 2384 sortis
1683 2318 1768 2386 1616
1791 2318 1894 2386 nobis
1918 2321 2099 2404 abeamus,

251 2464 284 2527 61
307 2466 403 2530 hunc
428 2465 572 2532 brebem
596 2466 723 2551 scripsi
747 2484 812 2552 ego
837 2468 984 2536 ioannes
1007 2470 1158 2536 clericus
1181 2475 1217 2536 61
1239 2468 1400 2538 notarius
1424 2467 1485 2554 qui
1511 2469 1670 2536 intertui.

294 2588 323 2702 †
348 2635 413 2702 ego
436 2619 498 2702 qui
522 2637 632 2704 supra
656 2617 750 2688 maio
772 2619 946 2704 presbiter
970 2625 1006 2688 et
1029 2624 1140 2690 abbas

291 2742 321 2854 †
345 2787 412 2855 ego
436 2769 619 2855 iaquintus
644 2771 814 2839 diaconus
838 2773 874 2838 61
898 2771 1138 2856 primicerius

1004 3320 1350 3400 DLXXXIV.

1030 3577 1085 3653 Α.
1113 3576 1164 3653 6.
1193 3574 1321 3677 roco.

291 3779 393 3917 †ln
418 3832 562 3900 nomine
586 3831 719 3900 domini
743 3835 866 3900 octabo
896 3833 1031 3901 decimo
1059 3852 1154 3902 anno
1184 3834 1408 3920 principatus
1439 3835 1558 3900 domni
1589 3837 1702 3902 nostri
1733 3837 1915 3922 guaimari
1939 3839 2093 3924 glorioso

246 3983 424 4070 princeps,
449 4001 568 4050 mense
591 3984 749 4072 magius,
773 3989 902 4069 quarta
927 3985 1133 4054 indictione.
1162 3988 1257 4054 Ante
1286 4004 1340 4052 66
1364 3987 1547 4056 adenolfus
1578 4007 1692 4058 comcs
1715 3995 1751 4057 et
1775 3989 1887 4060 iudex
1909 3991 2090 4063 coniuncti

249 4139 332 4201 sunt
357 4136 558 4203 dumneilus
582 4136 755 4222 presbiter
779 4140 814 4204 et
838 4139 949 4204 abbas
964 4137 1110 4204 ecclesie
1127 4142 1250 4206 sancte
1266 4137 1393 4225 marie,
1410 4158 1515 4226 quem
1534 4138 1683 4206 domnus
1708 4139 1880 4209 iohannes
1904 4147 1939 4210 et
1963 4144 2093 4212 domna

245 4287 460 4374 sichelgaita
483 4288 707 4376 principibus
730 4296 1008 4359 construxerunt
1025 4292 1062 4358 in
1079 4299 1178 4359 curto
1202 4311 1267 4360 sua
1292 4293 1389 4360 16166
1412 4313 1481 4360 660
1504 4293 1686 4362 civitatem
1709 4296 1754 4362 ad
1777 4301 1894 4362 ortum
1918 4316 2090 4383 magnum

247 4442 341 4512 inter
365 4463 465 4510 muro
488 4448 524 4511 et
548 4444 738 4532 muricino,
755 4450 790 4512 et
805 4446 986 4513 maraldus
1002 4445 1175 4532 presbiter
1193 4445 1255 4534 qui
1270 4450 1324 4514 est
1339 4451 1584 4514 commanente
1600 4447 1642 4513 16
1658 4447 1817 4538 cumpsie
1833 4445 1948 4531 Ι111110
1963 4450 2092 4539 ganci,

246 4597 282 4662 et
306 4614 380 4666 uua
402 4617 483 4664 cum
507 4597 581 4664 illis
604 4598 768 4666 adessent
782 4599 966 4684 iaquintus
982 4599 1145 4666 notarius
1161 4599 1221 4686 qui
1239 4604 1293 4668 cst
1309 4561 1555 4668 adbocatorem
1570 4601 1684 4686 ipsius
1702 4599 1862 4687 ecclesie,
1888 4607 1923 4670 et
1946 4603 2090 4672 6116666

246 4755 280 4818 61
303 4751 455 4837 pepinus
474 4750 542 4818 filii
568 4754 676 4840 petri,
701 4771 877 4822 unacum
903 4752 970 4839 ipsi
984 4753 1148 4840 germani
1173 4755 1339 4822 adessent
1362 4753 1468 4837 (deest
1486 4755 1626 4834 666106)
1651 4753 1899 4830 adbocatorem
1924 4755 2087 4845 illorum,

248 4909 392 4992 propter
414 4907 524 5006 rebus
547 4906 673 4974 stavilc
697 4923 765 4992 que
789 4906 857 4974 1611
880 4906 1023 4975 061166
1047 4907 1122 4973 leti.
1148 4901 1242 4974 unde
1266 4907 1342 4992 ipse
1358 4905 1541 4974 maraldus
1562 4905 1738 5011 presbiter
1762 4909 1891 4976 ostedit
1913 4927 1987 4979 una
2010 4930 2091 4980 car·

247 5058 323 5127 1616
348 5059 607 5148 00611666166,
632 5061 787 5146 qualiter
812 5061 1035 5147 supradictus
1052 5061 1142 5128 letus
1156 5059 1252 5128 filius
1267 5058 1415 5149 gaidoni
1430 5059 1576 5128 dederat
1599 5060 1715 5127 omnis
1740 5063 1848 5128 rebus
1871 5079 1939 5130 sua
1962 5063 2090 5132 stavile

244 5218 280 5282 et
302 5213 430 5283 movile
454 5212 680 5284 6611616166
704 5234 786 5283 066
808 5215 1000 5285 medietate
1022 5217 1065 5284 de
1081 5215 1173 5284 casis
1197 5212 1327 5282 exinde
1343 5213 1386 5280 de
1401 5215 1521 5298 rebus,
1535 5212 1628 5300 quod
1644 5212 1908 5283 clarificaverat
1925 5217 2032 5282 abere
2049 5217 2089 5284 16

244 5367 358 5436 10066
382 5367 542 5456 copercle
565 5371 600 5436 et
622 5367 832 5454 pellcnzanu
847 5372 884 5436 et
898 5386 962 5455 per
978 5367 1060 5435 aliis
1077 5369 1175 5455 locis,
1189 5369 1320 5454 ubique
1336 5367 1419 5434 inde
1435 5368 1602 5436 iubentus
1618 5365 1756 5436 dederit
1778 5368 1817 5434 in
1842 5368 1960 5435 tinore
1984 5387 2089 5455 quern

246 5519 397 5588 interius
411 5518 648 5608 declaramus,
666 5523 705 5588 ut
720 5520 751 5587 si
767 5519 810 5588 de
825 5519 1006 5588 adelchisa
1023 5519 1162 5590 visavia
1177 5521 1292 5590 61166
1308 5520 1461 5591 moraldi
1476 5521 1598 5590 eredes
1611 5521 1734 5608 luerit,
1748 5523 1871 5590 aberet
1888 5519 1967 5605 ipsa
1983 5522 2091 5587 rebus

286 5830 492 5909 ς)Ο6616616,
517 5829 615 5892 hodic
642 5829 749 5892 Conso
771 5831 804 5888 in
828 5831 939 5892 Princ.
965 5830 1094 5891 Salern.
