5310 7080
1240 536 1412 608 CODEX
1448 535 1712 608 CAVENSIS

1330 966 1623 1046 DLXXIII.

1328 1226 1381 1303 A.
1411 1225 1461 1302 D.
1489 1223 1620 1304 1005.

590 1467 625 1606 †
651 1520 691 1582 ln
714 1516 858 1584 nomine
874 1514 1008 1583 domini
1025 1515 1259 1582 sextodecimo
1284 1532 1379 1582 anno
1393 1515 1619 1601 principatus
1641 1514 1762 1582 domni
1779 1517 1890 1582 nostri
1917 1515 2099 1601 guaimari
2123 1513 2270 1599 gloriosi
2293 1513 2391 1600 prin·

543 1673 657 1760 cipis,
688 1690 808 1740 mense
832 1671 1047 1756 februariuS,
1080 1670 1188 1738 tertia
1212 1669 1417 1736 indictione.
1451 1671 1740 1737 memoratorium
1764 1671 1861 1736 factu
1885 1691 1907 1738 a
1930 1689 1984 1736 me
2008 1668 2193 1754 iaquintus
2215 1669 2386 1736 diaeonus

545 1825 640 1892 lilius
663 1823 817 1912 gauiosi,
840 1841 880 1892 eo
903 1822 996 1909 quod
1019 1823 1104 1890 ante
1126 1821 1308 1907 presentia
1332 1821 1464 1888 maioni
1490 1820 1679 1908 presbiteri
1704 1823 1740 1888 et
1756 1824 1896 1891 abbatis
1919 1821 2066 1890 ecclesie
2090 1821 2208 1890 sancti
2234 1821 2383 1890 maximi

543 1997 612 2064 que
638 1977 709 2044 sita
733 1981 787 2044 est
811 1975 910 2042 intus
926 1973 1109 2042 civitatem
1131 1973 1403 2058 salernitanam,
1421 1976 1457 2040 et
1473 1972 1594 2058 ibique
1617 1977 1701 2041 ante
1724 1992 1807 2040 eum
1823 1975 2028 2040 astantibus
2050 1974 2243 2060 subscripti
2267 1977 2388 2060 testes,

543 2093 607 2218 per
632 2129 941 2198 demandationem
965 2127 1078 2213 ipsius
1100 2127 1244 2194 abbatis
1267 2127 1312 2194 ad
1336 2126 1528 2193 tenendum
1559 2131 1595 2194 et
1626 2126 1859 2195 laborandum
1889 2127 2021 2196 tradidi
2054 2145 2119 2214 ogo
2148 2146 2269 2196 amore
2292 2127 2389 2195 filius

544 2282 695 2352 martini
722 2283 869 2350 iuritodi
893 2300 967 2348 una
991 2279 1092 2366 pecia
1114 2278 1157 2346 do
1175 2283 1278 2347 terra
1302 2298 1382 2345 curn
1406 2278 1586 2364 arbustis,
1618 2279 1709 2364 quod
1742 2297 1825 2364 pars
1857 2279 1969 2365 ipsius
2000 2282 2148 2348 ecclesie
2172 2286 2253 2350 avet
2278 2280 2316 2346 in
2340 2280 2387 2348 lo

541 2456 622 2504 cum
646 2437 795 2502 nuceria
819 2434 864 2502 ad
889 2433 1106 2500 barbaciano
1120 2481 1129 2518 ,
1161 2431 1254 2518 quod
1286 2449 1351 2519 ego
1376 2433 1437 2518 qui
1461 2451 1569 2519 supra
1594 2433 1779 2518 iaquintus
1803 2433 1973 2502 diaconus
1997 2434 2086 2500 illud
2112 2435 2151 2500 in
2174 2434 2385 2502 beneficium

540 2589 678 2658 retineo
701 2609 723 2656 a
745 2605 828 2674 pars
853 2587 966 2672 ipsius
989 2583 1135 2651 ecclesie
1158 2601 1221 2670 per
1244 2602 1284 2650 ec
1307 2585 1390 2652 finis
1417 2589 1453 2652 et
1477 2586 1676 2654 mensurie:
1709 2608 1731 2654 a
1762 2605 1845 2673 pars
1867 2588 2060 2656 occidentis
2092 2589 2162 2656 fine
2186 2586 2246 2656 bia
2270 2589 2385 2674 publi-

434 2791 435 2795 *
539 2763 597 2828 ca,
622 2747 658 2809 et
684 2741 828 2810 exiente
852 2741 894 2806 de
920 2741 996 2824 ipsa
1019 2738 1081 2805 bia
1104 2742 1139 2804 et
1163 2743 1334 2824 pergente
1360 2743 1497 2805 rectum
1521 2739 1558 2805 in
1583 2739 1745 2826 partibus
1769 2739 2037 2808 sebtemtriouis
2061 2758 2123 2826 per
2147 2741 2218 2808 fine
2242 2742 2285 2809 de
2308 2761 2382 2809 ere-

540 2895 602 2962 des
626 2892 785 2962 ademari
810 2892 957 2977 comiti,
990 2890 1090 2958 sicud
1123 2890 1207 2957 inde
1240 2891 1354 2957 limite
1377 2890 1575 2979 discernit,
1599 2895 1684 2958 sunt
1706 2891 1789 2958 inde
1812 2893 1909 2978 passi
1933 2891 2221 2978 quinquaginta:
2247 2893 2290 2960 de
2313 2894 2387 2962 alia

537 3065 620 3134 pars
644 3049 689 3114 ab
713 3045 964 3114 sebtentrionis
988 3047 1058 3114 fine
1090 3045 1133 3112 de
1155 3043 1276 3111 eredes
1299 3043 1461 3131 alogari,
1493 3045 1592 3111 sicud
1616 3043 1698 3110 inde
1723 3043 1836 3113 limite
1868 3047 1903 3111 et
1926 3044 2050 3111 sabuci
2073 3045 2268 3131 discernit,
2305 3051 2387 3112 sunt

537 3202 620 3270 inde
643 3204 738 3288 passi
763 3201 894 3288 viginti
917 3219 1002 3269 sex:
1028 3221 1050 3269 a
1073 3220 1159 3286 pars
1181 3200 1329 3287 orientis
1352 3201 1423 3267 fine
1446 3200 1489 3267 de
1513 3200 1634 3267 eredes
1664 3200 1724 3286 qui
1750 3200 1817 3267 luit
1842 3199 1983 3285 teufrit,
2009 3203 2101 3286 quod
2128 3217 2226 3268 nunc
2250 3199 2381 3268 retinet

460 3389 463 3394 ·
535 3358 688 3422 ioannes
712 3354 808 3422 filius
831 3353 925 3423 bassi
948 3359 985 3421 et
1009 3353 1130 3421 eredes
1153 3349 1246 3438 petri
1269 3352 1403 3437 comiti,
1428 3353 1520 3420 sicut
1543 3355 1626 3422 inde
1649 3354 1762 3421 limite
1787 3357 1821 3422 et
1845 3354 1967 3422 sabuci
1991 3353 2178 3440 discernit,
2201 3359 2285 3421 sunt
2299 3356 2383 3424 inde

532 3507 629 3596 passi
653 3506 943 3594 quinquaginta:
969 3527 991 3576 a
1014 3506 1161 3574 meridie
1184 3505 1256 3572 line
1280 3506 1322 3572 de
1346 3506 1467 3574 eredes
1497 3505 1609 3593 ipsius
1632 3507 1809 3593 ademari,
1826 3507 1926 3574 sicud
1949 3505 2034 3573 inde
2056 3505 2170 3573 limite
2193 3505 2380 3594 discernit,

532 3669 617 3732 sunt
642 3663 724 3732 indo
748 3663 839 3750 passi
865 3662 994 3748 biginti
1022 3665 1178 3750 sobiam,
1210 3666 1322 3729 toturn
1346 3662 1390 3729 ad
1415 3660 1508 3729 iusto
1531 3681 1674 3747 passum
1698 3663 1809 3730 omini
1834 3665 2104 3748 mensuratum;
2130 3683 2168 3730 ec
2192 3681 2276 3730 vero
2300 3681 2378 3749 pre-

531 3817 627 3885 dicta
651 3818 753 3904 pecia
775 3816 818 3883 de
841 3819 938 3883 terra
961 3834 1042 3882 oum
1066 3813 1225 3882 arbustis
1248 3832 1312 3898 per
1337 3813 1504 3882 iamdicto
1526 3815 1609 3881 finis
1640 3821 1676 3882 et
1699 3815 1880 3883 mensurio
1902 3820 2014 3883 totum
2038 3820 2073 3883 et
2098 3815 2264 3884 inclitum
2288 3816 2376 3884 illud

531 3988 611 4036 cum
635 3968 754 4036 omnia
779 3967 875 4033 intro
898 3985 934 4035 se
959 3967 1149 4035 abentibus
1164 3969 1199 4033 et
1215 3985 1295 4033 cum
1318 3966 1395 4032 vice
1418 3967 1461 4034 de
1486 3970 1545 4035 bia
1568 3967 1656 4035 illud
1679 3987 1745 4055 ego
1767 3988 1829 4054 per
1854 3969 2162 4038 demandationem
2186 3969 2299 4057 ipsius
2315 3971 2377 4040 ab·

530 4123 607 4192 bati
631 4123 677 4192 ad
699 4123 891 4190 tenendum
908 4126 943 4188 ct
959 4120 1192 4189 laborandum
1216 4121 1367 4188 tradidit
1384 4119 1498 4207 ipsius
1514 4121 1641 4190 amori.
1658 4123 1757 4191 Unde
1772 4141 1836 4208 pro
1852 4122 1974 4191 taliter
1990 4141 2056 4208 per
2072 4123 2376 4195 demandationem

529 4279 643 4364 ipsius
668 4277 788 4345 abbati
813 4275 948 4362 guadia
972 4275 1061 4340 mihi
1086 4273 1160 4358 ipse
1184 4292 1303 4340 amore
1327 4293 1389 4361 per
1414 4274 1636 4344 absolutione
1660 4277 1773 4362 ipsius
1797 4277 1953 4364 genitori
1978 4294 2041 4345 suo
2065 4278 2163 4346 dedit
2186 4285 2222 4346 et
2241 4281 2372 4350 media-

524 4441 636 4504 torem
660 4436 750 4502 mihi
775 4435 892 4520 posuit
915 4438 1038 4521 petrus
1053 4433 1227 4520 presbiter
1249 4433 1344 4499 filius
1361 4432 1508 4502 iohanni
1533 4436 1773 4521 tramontani;
1797 4439 1833 4503 et
1848 4454 1911 4522 per
1936 4439 2013 4521 ipsa
2036 4435 2171 4524 guadio
2193 4439 2364 4527 obligavit

526 4609 562 4656 se
586 4605 735 4674 suosque
761 4587 883 4656 eredes
898 4585 962 4654 tali
980 4584 1117 4670 ordine,
1142 4584 1188 4652 ud
1212 4585 1336 4652 amodo
1358 4590 1394 4653 et
1417 4605 1529 4672 usque
1553 4588 1735 4654 duodecim
1760 4590 1848 4657 anni
1864 4589 2028 4675 completi
2046 4591 2090 4658 ad
2107 4609 2173 4658 sua
2189 4596 2226 4659 et
2242 4592 2284 4659 de
2299 4593 2372 4660 suis

526 4741 690 4808 erodibus
713 4741 785 4807 sint
808 4743 979 4826 potestate
1004 4755 1062 4804 eos
1086 4739 1278 4807 tenendum
1300 4741 1336 4805 et
1358 4738 1625 4828 dominandum,
1642 4748 1677 4810 et
1692 4743 1790 4809 fobee
1805 4747 1841 4810 et
1856 4743 1970 4810 omnis
1993 4761 2056 4810 sue
2081 4744 2251 4815 utilitatis
2274 4747 2368 4814 iusta

526 4892 702 4962 rationem
727 4891 857 4958 ibidem
881 4891 1031 4976 saciant,
1054 4897 1090 4958 et
1112 4891 1244 4958 ibidem
1269 4889 1424 4956 residere
1447 4896 1483 4958 et
1506 4891 1657 4978 abitare,
1681 4898 1717 4960 et
1741 4868 1854 4961 tetum
1877 4893 1952 4980 ipso
1976 4898 2162 4963 arbustum
2186 4899 2270 4965 abto
2285 4903 2369 4966 tem·

527 5063 613 5130 pore
639 5044 843 5111 lavorarent
865 5049 902 5112 et
926 5043 1107 5112 cultarent
1137 5045 1179 5111 de
1204 5061 1308 5129 super
1338 5047 1375 5109 et
1398 5043 1441 5108 de
1464 5045 1613 5129 subter,
1644 5045 1742 5111 sicud
1767 5047 1863 5112 locus
1887 5045 1960 5132 ipse
1986 5047 2168 5133 meruerit,
2193 5053 2369 5134 quatenus

526 5197 718 5286 proficiant
741 5203 777 5264 et
799 5213 870 5261 non
887 5195 1105 5281 dispereant,
1121 5199 1157 5261 et
1172 5193 1232 5260 ubi
1250 5196 1436 5281 meruerit,
1453 5197 1550 5264 infra
1567 5194 1642 5283 ipso
1659 5199 1845 5264 arbustum
1863 5201 2008 5266 arbores
2024 5205 2061 5266 et
2076 5201 2166 5266 vites
2182 5207 2371 5286 pastenare

470 5315 475 5322 ⁴
524 5357 560 5420 et
583 5353 838 5438 propaginare,
864 5349 923 5414 ille
947 5354 1064 5416 autem
1089 5353 1124 5414 et
1147 5345 1219 5412 suis
1234 5347 1397 5415 eredibus
1415 5349 1504 5416 illud
1521 5349 1652 5416 ibidem
1668 5354 1901 5438 pastenarent
1923 5357 1958 5418 et
1981 5351 2175 5440 cultarent‚
2193 5353 2286 5420 sicut
2302 5374 2371 5422 me·

525 5505 672 5590 ruerid;
696 5511 732 5573 et
754 5521 817 5590 per
848 5500 1026 5568 vindemie
1049 5505 1205 5585 ternpore
1228 5497 1364 5567 saciant
1393 5520 1448 5568 nie
1472 5502 1526 5568 vel
1557 5521 1641 5588 pars
1664 5503 1776 5589 ipsius
1798 5505 1946 5572 ecclesie
1970 5509 2075 5592 scire,
2099 5506 2146 5573 ud
2170 5507 2371 5594 dirigamus

527 5657 658 5724 ibidem
682 5658 828 5725 missurn
845 5661 1030 5740 nostrum,
1062 5659 1098 5720 ct
1127 5652 1188 5718 ille
1212 5655 1248 5720 et
1271 5652 1345 5719 suis
1367 5653 1530 5720 eredibus
1554 5660 1666 5722 toturn
1692 5655 1767 5741 ipso
1791 5660 1977 5724 arbustum
2001 5657 2266 5727 bindemiarent
2289 5662 2369 5727 abto

525 5813 694 5897 tempore,
718 5809 818 5878 sicud
843 5807 1027 5895 meruerit,
1044 5813 1080 5876 et
1101 5812 1212 5876 toturn
1237 5807 1311 5892 ipso
1337 5807 1459 5874 binum
1483 5807 1605 5893 ibique
1628 5810 1673 5876 ad
1690 5811 1909 5896 palmentum
1934 5813 2023 5881 illud
2046 5814 2141 5882 inter
2158 5832 2223 5881 nos
2238 5814 2376 5883 divida-
