5318 7102
547 537 557 556 ⁵
600 529 623 598 8
693 584 696 592 ,
1297 523 1661 598 carlvutnnln

550 751 687 824 Placuit
712 750 812 824 nobis
837 753 943 824 caroli
969 751 1212 847 gloriosissimi
1235 751 1339 848 regis,
1360 759 1398 824 ut
1414 750 1499 823 vitia
1516 771 1582 843 que
1599 748 1727 821 nostris
1744 744 1957 842 temporibus
1987 746 2022 815 in
2041 756 2159 821 sancta
2176 747 2232 820 dei
2251 749 2413 822 aecclesia

602 918 834 997 emerserunt,
862 912 1083 984 eradicentur
1109 919 1142 982 et
1168 909 1376 983 evellantur.

555 1066 725 1141 Volumus
744 1068 851 1162 igitur
868 1067 1112 1162 preordinante
1129 1067 1284 1155 domino,
1305 1066 1490 1139 aecclesias
1509 1072 1643 1138 nostras
1661 1065 1856 1138 secundum
1875 1065 2115 1138 auctoritatem
2133 1088 2307 1140 canonum
2327 1067 2415 1140 ordi·

602 1249 699 1313 nare,
728 1193 771 1298 at¹
787 1205 926 1296 ordines
952 1225 1161 1298 clericorum
1188 1224 1383 1320 disponere.

551 1385 762 1459 Monasteria
789 1407 855 1478 que
882 1384 949 1455 iam
976 1383 1084 1479 pridie
1112 1383 1287 1480 regulares
1305 1383 1459 1472 luerunt,
1478 1391 1550 1456 tam
1568 1385 1722 1456 virorum
1740 1407 1842 1478 quam
1862 1391 1896 1456 et
1913 1385 2120 1480 puellarum,
2142 1409 2336 1480 seveoquae
2353 1383 2414 1457 sub

602 1552 721 1618 nostro
740 1543 908 1640 regimine
927 1543 1101 1615 dominios
1119 1543 1184 1615 iste
1203 1551 1296 1630 sunt,
1312 1544 1495 1630 Volumus,
1516 1543 1560 1614 Ut
1578 1539 1791 1613 saecundum
1810 1540 1965 1636 regulam
1984 1542 2211 1638 disponantur
2230 1554 2265 1618 et
2283 1545 2411 1630 vivant,

601 1711 636 1775 et
662 1701 691 1771 si
717 1700 819 1773 abbas
845 1701 900 1773 vel
926 1699 1108 1790 abbatissa,
1137 1701 1212 1774 sine
1239 1703 1357 1797 regula
1382 1700 1512 1787 vibere,
1541 1723 1603 1772 seu
1629 1698 1835 1771 inordinatis
1861 1699 2007 1788 inventi,
2034 1701 2089 1773 vel
2108 1703 2250 1776 invente
2267 1703 2409 1790 luerint,

605 1861 634 1934 si
662 1860 822 1956 correpti,
843 1857 898 1932 vel
924 1867 1079 1955 correpte
1097 1861 1279 1932 emendare
1296 1862 1486 1948 noluerint,
1515 1861 1722 1949 aniciantur,
1741 1861 1833 1933 etde
1852 1863 1925 1959 ipsa
1950 1865 2231 1959 congregatione,
2260 1865 2291 1936 si
2318 1865 2410 1960 digni

597 2021 729 2094 inventi
757 2020 898 2106 luerint,
927 2019 1067 2109 Abbate,
1096 2022 1150 2094 vel
1178 2021 1348 2095 abbatissa
1373 2021 1557 2117 eligantur.
1587 2021 1623 2095 Si
1651 1984 1766 2094 autem
1784 2021 1924 2094 aliunde
1950 2021 2169 2097 monasteriis
2196 2023 2412 2122 regularibus

600 2181 774 2254 similiter.

554 2361 600 2414 nc
626 2358 857 2414 snvcnocnns.

549 2503 597 2572 Pe
623 2500 836 2573 sinodochiis
851 2523 932 2572 vero
951 2501 1086 2573 noviter
1105 2501 1262 2574 institute
1281 2499 1546 2596 pertinentibus,
1568 2498 1616 2571 lta
1634 2499 1822 2588 censimus,
1853 2510 1889 2574 ut
1916 2502 2123 2597 presbiteros
2141 2506 2298 2580 ordinate
2315 2519 2408 2597 sunt,

591 2667 631 2756 wet
656 2657 752 2730 nulla
778 2657 955 2744 violentia,
983 2660 1050 2728 Aut
1075 2655 1302 2752 superposita,
1322 2655 1362 2726 ab
1381 2657 1551 2751 episcopis
1577 2658 1663 2744 suis,
1683 2681 1744 2730 seu
1762 2657 2022 2751 dominationis,
2052 2664 2094 2736 de
2110 2666 2223 2740 titulis
2249 2653 2406 2764 patiatur,

597 2819 657 2888 sed
685 2817 877 2889 secundum
904 2815 1071 2886 canonica
1097 2813 1353 2885 institutionem
1380 2821 1414 2885 et
1439 2814 1579 2906 antiqua
1604 2817 1855 2890 consuetudine
1882 2819 2020 2896 saciant.

550 2975 695 3064 Quando
722 2973 903 3069 episcopus
930 2997 991 3044 sua
1017 2969 1193 3066 parrochia
1219 2971 1310 3042 circa
1328 2993 1397 3041 non
1416 2971 1494 3066 plus
1512 2972 1577 3044 hab
1594 2999 1634 3046 eo
1652 2978 1776 3071 exigat,
1805 2977 1859 3049 vel
1882 2982 1993 3076 capiat
2010 2983 2078 3056 nisi
2097 2984 2289 3061 secundum
2307 3014 2409 3063 cano-

597 3142 660 3207 nes
673 3132 727 3205 vel
743 3131 884 3224 antiqua
903 3129 1204 3216 consuetudinem,
1224 3136 1258 3200 et
1276 3131 1533 3226 oppressionem
1551 3132 1592 3204 ab
1611 3135 1800 3232 aepiscopis
1817 3138 1985 3230 eiusdem,
2003 3165 2105 3236 quam
2120 3144 2319 3220 hominibus
2337 3148 2409 3243 ipsa

599 3293 673 3389 ples
700 3314 768 3362 non
795 3290 954 3384 patiatur.

548 3455 593 3526 Ut
619 3459 689 3523 tam
716 3447 867 3543 episcopi
893 3471 995 3541 quam
1023 3460 1056 3524 et
1081 3451 1274 3546 presbiteri,
1295 3475 1357 3524 seu
1383 3453 1532 3542 diaconi,
1553 3457 1608 3528 vel
1627 3455 1775 3546 abbates,
1796 3468 1830 3534 et
1848 3461 2021 3550 monachi,
2041 3465 2137 3536 nulla
2151 3467 2409 3539 venerationem

597 3612 669 3706 ipse
695 3611 809 3680 lacere
835 3619 1022 3703 presumat,
1051 3613 1116 3683 dut
1135 3612 1208 3708 ipse
1226 3622 1383 3708 presente
1403 3624 1497 3702 sunt,
1518 3639 1630 3710 neque
1656 3620 1752 3691 nulla
1772 3621 1929 3694 locorum
1948 3647 2075 3718 genera
2092 3635 2170 3699 ante
2189 3651 2226 3700 se
2243 3627 2316 3702 lieri
2334 3653 2411 3725 per·

599 3767 780 3840 mittantur
806 3791 872 3861 que
898 3777 1016 3841 contra
1042 3793 1214 3843 canonum
1241 3775 1444 3847 auctoritate
1470 3779 1648 3851 eveniunt.

547 3927 594 3996 lle
621 3925 802 4020 stipendiis
821 3949 957 4020 quoque
974 3928 1181 4003 clericorum
1200 3930 1376 4021 volumus,
1397 3941 1434 4006 ut
1453 3943 1521 4008 tam
1538 3935 1580 4008 de
1598 3935 1760 4025 reditum,
1781 3937 1835 4010 vel
1850 3937 2096 4036 obligationem
2123 3941 2278 4017 fidelium
2296 3941 2409 4040 pleni·

599 4093 653 4156 ter
679 4083 872 4156 secundum
898 4109 1049 4158 canones
1075 4089 1139 4184 ipsi
1165 4089 1286 4163 clerici
1311 4090 1469 4165 habeant.

545 4245 589 4316 Ut
615 4243 778 4338 prepositi
805 4243 1033 4317 cardinalium
1060 4249 1306 4322 aecclesiarum
1333 4249 1532 4330 obedientes
1558 4252 1627 4326 sint
1653 4253 1823 4350 episcopis
1848 4257 1933 4344 suis,
1962 4265 1996 4329 et
2021 4257 2192 4357 aepiscopi
2218 4263 2250 4335 ei
2269 4264 2308 4336 ad
2327 4262 2404 4336 suis

591 4402 647 4474 vel
675 4401 715 4473 ab
742 4401 800 4473 alii
827 4403 966 4476 iniustis
993 4405 1200 4482 utilitatibus
1226 4411 1362 4504 explere
1388 4434 1457 4526 non
1485 4422 1685 4508 presumant
1710 4413 1837 4508 absque
1862 4417 1976 4511 culpa,
1996 4427 2030 4490 et
2052 4420 2142 4494 iusta
2168 4426 2350 4518 rationem,
2371 4439 2410 4504 et

596 4558 692 4630 nulla
718 4559 793 4630 eius
819 4583 879 4654 per
904 4560 1071 4636 violentia
1098 4563 1306 4660 imponatur.

545 4722 688 4816 Propter
707 4719 955 4808 ordinationes,
975 4722 1030 4793 vel
1049 4728 1329 4798 consecrationes
1347 4729 1628 4824 presbiterorum,
1649 4741 1873 4830 ceteramque
1891 4739 2111 4831 clericorum,
2132 4745 2228 4818 nulla
2246 4773 2309 4822 nos
2328 4775 2410 4847 pre-

595 4875 664 4946 mia
690 4874 812 4947 amodo
838 4885 1037 4972 accepturas
1055 4881 1302 4974 promittimus,
1331 4908 1442 4980 neque
1462 4886 1502 4958 ab
1521 4887 1617 4984 ipsis,
1646 4915 1758 4985 neque
1776 4897 2023 4990 aparentibus,
2052 4903 2107 4976 vel
2126 4907 2247 4980 amicis
2266 4935 2404 5006 corum,

528 5029 529 5032 ’
596 5053 709 5126 neque
737 5031 861 5126 palam,
890 5056 1002 5127 neque
1029 5034 1175 5107 occulte.

562 5327 617 5334 μ...-
719 5331 724 5335 .
749 5331 764 5336 -
795 5331 1041 5341 .—.-----—-.

545 5534 660 5596 voleva
688 5538 835 5600 scrivere
867 5545 998 5605 casatos
1021 5564 1038 5604 e
1062 5547 1186 5608 scrisse
1209 5549 1311 5610 catos.
1335 5548 1361 5607 ll
1384 5550 1540 5613 bloratori
1567 5553 1606 5614 dir
1629 5554 1660 5615 la
1683 5565 1844 5635 seguente
1868 5563 2078 5642 spiegazione
2103 5563 2191 5626 della
2213 5567 2327 5646 parole
2353 5587 2409 5635 ca·

544 5681 635 5742 satos
657 5677 748 5742 nella
770 5681 870 5744 citata
892 5687 976 5747 Nota
997 5688 1079 5770 104).
1106 5713 1121 5747 a
1146 5691 1252 5753 Erant
1274 5693 1378 5757 casati
1399 5699 1542 5762 homiues
1563 5704 1690 5765 servilis
1713 5707 1919 5781 conditionis,
1944 5717 1974 5772 et
1995 5713 2142 5790 fortassis
2164 5714 2265 5776 etiam
2289 5717 2410 5796 aliqua

546 5843 561 5880 a
587 5822 747 5888 libertatis
765 5835 862 5906 porte
885 5831 999 5895 donati
1024 5857 1052 5897 u.
