5334 7098
974 522 1381 598 ulPLOMarldUS
1992 524 2061 596 153

258 740 338 808 dem
362 740 479 808 nostri
503 742 708 809 monasterii
733 742 937 829 pertinente
961 741 1001 810 in
1024 745 1144 815 eodem
1162 747 1276 814 locum
1300 747 1446 817 nucerio
1469 769 1492 818 6
1515 753 1638 835 suptus
1661 767 1788 834 campu
1812 748 1854 816 de
1878 765 1941 815 are
1963 751 1999 816 et
2021 765 2110 832 qua·

256 892 427 980 draginta
452 898 530 962 0010
553 896 635 964 6111
658 895 732 962 1611
756 895 839 962 boni
862 895 965 964 nobis
988 896 1119 966 exinde
1142 898 1228 968 dare
1251 898 1412 990 bolebat,
1435 904 1522 986 quot
1545 901 1646 968 nohis
1668 883 1801 987 optime
1830 898 1986 968 faciendi
2018 908 2110 967 esset

257 1047 472 1132 comparuit,
496 1065 560 1134 pro
583 1066 652 1134 quo
675 1047 754 1118 sine
777 1067 917 1117 omnem
940 1051 1094 1119 aiecium
1117 1050 1199 1122 illut
1221 1051 1456 1138 possidemus:
1482 1053 1636 1139 denique
1653 1037 1907 1122 reminiscente
1931 1069 2043 1139 eaque
2068 1051 2109 1117 11

258 1196 337 1284 lege
364 1197 691 1283 langnobardorum
715 1199 759 1268 de
782 1201 1043 1270 combenientie
1067 1185 1241 1290 scriptum
1264 1208 1329 1290 est,
1355 1204 1433 1271 ideo
1450 1205 1546 1273 iusta
1563 1202 1761 1273 istitutione
1777 1204 1934 1272 eiusdem
1951 1202 2042 1290 legis
2057 1203 2114 1272 in-

259 1357 425 1438 teresset,
449 1351 656 1420 bocavimus
680 1351 817 1420 idoneis
840 1355 999 1423 homines
1023 1355 1086 1442 qui
1111 1359 1233 1425 subter
1257 1358 1385 1445 scripti
1409 1363 1508 1444 sunt,
1532 1363 1568 1426 61
1591 1359 1683 1425 miro
1707 1357 1817 1426 iudex
1841 1359 1883 1425 de
1907 1357 2028 1425 eodem
2058 1356 2107 1423 lo-

258 1524 337 1572 cum
354 1505 513 1590 nuceria,
530 1506 577 1572 ud
594 1509 680 1592 quot
697 1506 794 1574 inter
811 1507 914 1574 nobis
938 1509 1088 1578 hordine
1110 1511 1372 1578 combenientie
1394 1511 1620 1580 firmaremus
1632 1560 1642 1598 ,
1667 1511 1765 1577 omni
1788 1513 1945 1596 tempere
1968 1511 2112 1576 firmum

257 1656 491 1743 sterilemque
514 1664 779 1745 permanerent,
796 1663 831 1726 et
846 1661 929 1728 dum
945 1661 1124 1747 predictus
1141 1662 1249 1730 iudex
1265 1668 1301 1730 et
1317 1661 1385 1748 ipsi
1402 1663 1539 1730 idoneis
1562 1665 1723 1730 homines
1747 1661 2010 1749 interfuissent,
2033 1663 2112 1731 ideo

259 1811 482 1878 firmavimus
507 1811 602 1880 inter
626 1812 729 1879 nobis
753 1832 792 1881 ec
817 1814 1080 1882 combenientie
1103 1815 1197 1882 iusta
1220 1814 1343 1883 eadem
1367 1815 1460 1901 lege,
1484 1819 1672 1902 propterea
1695 1833 1760 1900 ego
1783 1815 1844 1901 qui
1869 1833 1978 1900 supra
1993 1819 2116 1900 petrus

257 1963 368 2031 abbas
391 1982 466 2033 una
489 1984 570 2032 cum
594 1983 803 2034 consensum
817 1923 943 2055 'ipsius
966 1968 1136 2055 prepositi
1160 1972 1227 2038 hac
1252 1970 1509 2036 monachorum
1539 1966 1698 2035 eiusdem
1731 1968 1967 2054 monasterii,
1990 1984 2112 2035 coram

256 2114 415 2200 predicto
438 2117 547 2186 iudex
569 2123 604 2185 et
619 2118 686 2203 ipsi
705 2119 840 2186 idoneis
857 2121 1029 2207 homines,
1046 2123 1082 2188 et
1097 2140 1161 2208 pro
1176 2121 1316 2188 11111611
1332 2118 1580 2204 stabilitatem,
1597 2121 1725 2187 abente
1741 2137 1880 2186 mecum
1897 2123 2021 2206 petrus
2039 2117 2113 2185 cle-

257 2269 353 2336 ricus
369 2274 404 2337 et
419 2270 582 2338 notarius
598 2247 842 2342 adbocatorem
859 2274 972 2360 ipsius
986 2273 1206 2361 monasterii,
1220 2292 1282 2360 per
1298 2292 1367 2341 610
1383 2273 1549 2341 bidelioet
1565 2277 1704 2342 cartam
1720 2271 1870 2340 hordine
1887 2273 2117 2340 combenien-

259 2419 305 2488 tie
328 2423 427 2490 iusta
452 2423 565 2510 legem
589 2424 750 2492 dedimus
773 2430 808 2493 et
831 2426 1044 2494 tradidimus
1067 2427 1135 2494 tivi
1159 2427 1322 2512 superius
1354 2427 1440 2493 dicti
1466 2425 1574 2492 ciceri
1607 2427 1752 2512 integra
1784 2425 1863 2511 ipsa
1894 2426 1999 2493 rebus
2032 2443 2114 2491 cum

258 2573 416 2642 arbustis
439 2577 578 2662 11116116,
595 2581 631 2645 61
646 2597 720 2644 116
735 2576 873 2646 cartula
895 2579 980 2647 inde
1004 2579 1243 2665 0011161166,
1260 2578 1416 2646 eiusdem
1434 2579 1550 2646 nostri
1567 2577 1774 2647 monasterii
1793 2579 2014 2664 pertinentes
2030 2579 2111 2664 ipsa

261 2728 368 2794 rebus
394 2727 432 2794 in
457 2731 537 2815 ipsu
562 2731 691 2818 locum,
716 2735 755 2798 ut
779 2731 953 2820 diximus,
978 2751 1000 2800 6
1022 2737 1146 2820 suptus
1168 2751 1296 2818 campo
1319 2731 1361 2799 de
1385 2750 1462 2818 are,
1486 2750 1555 2816 que
1579 2751 1601 2800 a
1625 2729 1807 2817 preteritis
1831 2731 1936 2798 annis
1960 2729 2039 2816 ipsa
2058 2748 2113 2796 re·

258 2882 325 2947 bus
349 2898 413 2965 per
438 2879 516 2967 ipsa
540 2885 642 2952 carta
665 2883 755 2950 mihi
779 2885 840 2968 qui
865 2904 975 2971 supra
998 2888 1108 2954 abbas
1131 2885 1379 2952 confirmatum
1405 2883 1474 2950 suit
1498 2902 1560 2970 per
1584 2883 1713 2949 mulier
1730 2882 1874 2950 nomine
1895 2881 2113 2968 rodelgrima

258 3033 333 3102 filia
356 3034 500 3104 cuidam
524 3035 618 3121 petri
641 3039 677 3102 et
699 3053 762 3119 per
785 3035 963 3121 guaiferio
987 3037 1142 3105 castaldo
1165 3036 1258 3103 illius
1283 3037 1437 3124 adoaldi,
1462 3037 1524 3124 qui
1549 3036 1680 3106 amiczo
1704 3037 1877 3121 bocabat‚
1903 3033 1981 3102 biro
2005 3033 2110 3122 eius,

258 3190 388 3274 quibus
413 3207 509 3254 nunc
533 3189 690 3274 predicte
714 3191 820 3258 rebus
845 3191 945 3259 infra
968 3208 1008 3257 ec
1031 3189 1113 3257 finis
1136 3192 1172 3256 et
1197 3191 1390 3275 mensuris,
1405 3207 1475 3275 que
1492 3188 1642 3254 inferius
1658 3186 1877 3273 declaratur,
1892 3186 2034 3254 bidetur
2060 3204 2114 3254 es-

258 3347 330 3410 set:
356 3362 379 3410 a
403 3361 487 3430 pars
512 3341 662 3410 orientis
685 3343 756 3409 tine
781 3361 850 3430 que
871 3301 943 3412 ¹tuit
965 3342 1008 3410 de
1031 3345 1135 3434 erede
1158 3344 1351 3430 moderioi,
1377 3344 1459 3413 inde
1483 3345 1669 3433 longitudo
1691 3344 1788 3431 passi
1812 3345 2023 3432 octuaginta
2046 3361 2109 3410 no-

258 3499 323 3563 be:
347 3517 369 3564 a
391 3513 474 3582 pars
497 3495 645 3563 meridie
669 3495 740 3564 fine
764 3499 849 3580 quot
872 3515 968 3564 1110
992 3498 1124 3565 retinet
1157 3498 1200 3564 de
1224 3497 1353 3566 herede
1376 3495 1556 3581 ruscinii,
1588 3496 1671 3564 inde
1703 3495 1856 3566 latitudo
1879 3496 1976 3582 passi
2000 3493 2111 3582 quad-

254 3648 415 3716 tuordeci
440 3652 476 3716 et
500 3650 620 3718 cubito
644 3668 715 3716 uno
738 3655 774 3718 et
796 3650 884 3737 pede
907 3669 1004 3717 unu:
1030 3671 1052 3718 a
1076 3667 1159 3738 pars
1182 3649 1375 3718 occidentis
1398 3648 1472 3716 fine
1496 3652 1583 3733 quot
1606 3666 1703 3715 nunc
1727 3647 1886 3716 retinent
1914 3647 2037 3716 eredes
2059 3647 2111 3716 al-

253 3802 344 3888 lani,
370 3804 433 3888 qui
458 3803 526 3870 luit
550 3803 625 3871 thio
650 3803 762 3890 ipsius
784 3801 945 3890 mulieri,
969 3809 1004 3872 61
1027 3803 1110 3872 inde
1134 3809 1218 3873 sunt
1247 3803 1432 3891 longitudo
1462 3803 1558 3890 passi
1590 3803 1759 3872 similiter
1790 3803 2022 3890 hoctoaginta
2050 3821 2113 3872 no·

256 3955 356 4022 bem:
384 3976 407 4024 a
431 3975 515 4042 pars
539 3959 805 4042 septemtrionis
828 3960 900 4026 line
924 3957 984 4025 bia
1007 3956 1161 4044 publica,
1186 3956 1270 4024 inde
1292 3956 1444 4026 latitudo
1467 3955 1564 4043 passi
1589 3953 1736 4023 duodeci
1761 3959 1797 4023 et
1830 3957 1966 4025 duobus
1997 3960 2112 4044 parti·

255 4111 320 4176 bus
344 4109 387 4178 de
410 4130 537 4197 passu:
564 4116 641 4181 tota
665 4113 732 4182 ista
756 4112 938 4181 mensuria
961 4114 1208 4180 mensuratum
1230 4109 1277 4178 ad
1300 4111 1394 4178 iusto
1417 4128 1562 4197 passum
1586 4109 1713 4196 omini;
1739 4110 1836 4179 intra
1860 4130 1900 4178 ec
1925 4113 2009 4179 bero
2026 4111 2110 4178 finis

256 4266 293 4330 et
314 4266 494 4334 mensurie
517 4283 583 4334 nec
607 4267 734 4354 nobie,
765 4284 881 4354 neque
905 4266 949 4334 ad
973 4283 1055 4352 pars
1079 4265 1235 4332 eiusdem
1259 4265 1374 4333 nostri
1398 4265 1635 4352 monasterii,
1668 4282 1733 4332 neo
1763 4267 1965 4350 cuicunque
1997 4264 2107 4332 alteri

256 4418 420 4486 abentem
443 4419 573 4487 exinde
596 4419 709 4488 nichil
735 4418 880 4506 restitit,
905 4423 968 4488 aut
990 4417 1142 4487 dicimus
1165 4436 1350 4486 remanere
1373 4417 1550 4504 sortione,
1575 4421 1641 4505 set,
1666 4415 1761 4484 siout
1784 4416 1963 4503 diximus,
1989 4417 2028 4484 in
2052 4418 2108 4484 11-

258 4577 400 4662 tegrum
424 4593 482 4643 eos
506 4595 586 4644 cum
610 4576 761 4646 inferius
785 4578 1020 4664 superiusque
1043 4575 1118 4644 suis
1142 4581 1280 4644 etcum
1303 4575 1380 4644 bice
1403 4575 1446 4642 de
1470 4572 1531 4642 bia
1554 4591 1621 4642 sua
1645 4573 1816 4642 iamdicta
1847 4575 1954 4640 rebus
1986 4573 2110 4642 ordine

256 4727 516 4796 combenientie
539 4725 699 4794 dedimus
723 4732 760 4796 et
781 4727 994 4796 tradidimus
1015 4726 1081 4794 tivi
1105 4728 1167 4813 qui
1190 4745 1300 4812 supra
1323 4724 1432 4793 ciceri
1456 4724 1622 4792 inclitum
1655 4723 1736 4792 illut
1767 4725 2039 4814 possidendum,
2060 4692 2107 4794 ¹et

256 4895 319 4964 pro
344 4877 428 4945 illut
450 4881 648 4965 recepimus
671 4901 694 4950 a
716 4884 752 4948 te
775 4880 815 4947 in
838 4880 1101 4948 combenientie
1124 4897 1192 4948 ano
1215 4879 1255 4946 in
1279 4847 1384 4964 parte
1406 4877 1566 4946 eiusdem
1589 4877 1703 4944 nostri
1720 4880 1931 4947 monasterii
1949 4881 2107 4966 pretium

258 5051 346 5120 quos
370 5031 605 5120 prediximus,
629 5032 873 5120 quadraginta
896 5036 973 5101 octo
996 5033 1078 5101 auri
1103 5031 1175 5100 tari
1198 5033 1295 5119 boni,
1321 5052 1364 5102 66
1388 5034 1578 5119 rationem,
1604 5032 1652 5101 ud
1683 5033 1809 5102 amodo
1841 5039 1877 5102 et
1907 5052 2044 5121 semper
2068 5038 2109 5102 tu

257 5188 400 5274 tuisque
424 5188 509 5258 filiis
533 5191 568 5256 et
592 5190 714 5259 eredes
737 5189 911 5259 iamdicta
933 5185 1063 5256 inclita
1086 5193 1209 5258 nostra
1233 5188 1450 5257 tradictione
1481 5207 1545 5276 per
1570 5188 1737 5259 iamdicto
1760 5187 1845 5255 finis
1867 5191 1903 5255 et
1925 5187 2107 5255 mensurie

258 5341 342 5412 illut
367 5345 474 5412 abere
497 5349 533 5414 et
547 5346 726 5430 possidere
740 5345 907 5434 baleatis,
923 5344 1126 5414 faciendum
1144 5342 1275 5414 exinde
1291 5345 1413 5414 omnia
1429 5361 1497 5430 que
1513 5339 1713 5428 nolueritis,
1732 5341 1810 5408 sine
1825 5340 2110 5416 contradictione

258 5504 386 5590 nostra
408 5507 444 5570 et
466 5501 509 5569 de
532 5501 743 5591 posteriores
766 5507 905 5600 nostros
929 5501 1177 5590 requisitione
1202 5506 1288 5588 quot
1310 5503 1339 5569 si
1365 5505 1427 5570 etc.
1455 5502 1625 5584 Sequitur
1647 5498 1813 5567 consueta
1835 5497 2012 5582 formato,
2031 5501 2109 5565 sta-

259 5660 339 5725 tuta
362 5657 478 5724 1110116
502 5657 696 5743 seropiuto
718 5657 914 5726 solidorum
937 5657 1022 5725 ouri
1044 5656 1435 5726 constantinianam.
1460 5659 1497 5722 et
1520 5657 1556 5723 te
1580 5651 1741 5719 ademari
1765 5649 1929 5720 notarius
1952 5649 2108 5719 scribere

258 5811 464 5900 rogabimus
487 5812 586 5881 intus
608 5832 676 5886 610
698 5811 871 5882 firmitate
895 5812 1056 5883 nucerio.

409 5967 478 6026 lon.
501 5985 537 6027 rv.
1920 5957 1956 6015 20
