5376 7104
996 533 1400 630 orruoulrrous
2004 534 2075 606 sse

268 763 303 828 te
328 760 505 830 videlicet.
527 813 535 830 .
556 812 563 829 .
586 813 593 829 .
611 772 818 832 teodelinda
828 763 903 832 filia
912 761 1088 850 quondam
1112 759 1257 830 atenolll
1279 760 1433 848 comitia,
1447 763 1496 848 et,
1510 763 1549 828 ut
1563 765 1743 830 ammonet
1760 761 1851 830 ritus
1868 780 1909 830 ac
1927 760 1986 829 lex
2005 762 2126 848 gentis

268 921 390 987 nostre
414 919 732 1008 lagnobardorum,
749 919 873 1006 Hodie,
890 917 982 1004 quod
1006 921 1059 985 est
1083 917 1154 1020 alio
1177 916 1234 984 die
1258 915 1484 1002 nuptiarum,
1509 919 1593 984 ante
1617 914 1843 1002 supradictus
1860 914 2123 984 excellentissi-

269 1091 350 1141 mus
373 1076 451 1143 Rex
475 1095 517 1144 ac
542 1075 709 1162 princeps
739 1080 859 1144 noster
883 1074 1049 1142 Hostendi
1067 1075 1169 1140 Hunc
1182 1072 1342 1140 libellum
1365 1073 1537 1160 scriptum
1553 1093 1575 1142 a
1592 1074 1741 1142 testibus
1758 1075 1973 1144 Roboretum
1989 1075 2025 1141 et
2042 1073 2124 1142 dixi

269 1243 356 1292 exce
361 1277 542 1295 .......
568 1228 631 1314 do,
666 1233 706 1297 ut
729 1227 768 1296 in
791 1231 951 1300 futurum
973 1252 1037 1319 pro
1059 1238 1159 1304 Hanc
1183 1255 1259 1304 rem
1281 1235 1480 1324 periurium
1502 1251 1574 1302 non
1598 1233 1806 1320 percurrat3
1839 1225 2005 1295 Hldcirco
2038 1231 2125 1295 ante

271 1379 483 1464 parentibus
507 1383 711 1468 nostrisque
734 1385 874 1471 amiciS,
899 1389 939 1453 ut
962 1387 1094 1454 dudum
1118 1389 1249 1476 dicam,
1273 1390 1466 1458 secundum
1490 1389 1582 1456 ritus
1607 1386 1726 1476 gentis
1743 1389 1862 1452 nostre
1886 1401 1949 1470 per
1974 1383 2122 1448 verbum

269 1532 307 1596 et
336 1529 594 1600 absolutionem
608 1534 759 1620 predicti
771 1537 925 1622 genitori
939 1538 1023 1623 mei,
1036 1537 1215 1624 ipsumqui
1239 1541 1393 1626 astante,
1406 1557 1469 1626 per
1481 1539 1584 1606 Hunc
1600 1535 1773 1622 scripturn
1789 1532 2040 1620 morgincaput
2053 1534 2127 1598 tra·

270 1682 314 1751 do
339 1683 406 1752 tibi
433 1684 615 1756 nominate
638 1696 849 1757 sedelende
873 1689 978 1756 uxori
1001 1708 1079 1759 mee
1102 1693 1237 1768 Quarta
1261 1695 1357 1762 enim
1374 1697 1513 1780 partem
1530 1691 1573 1760 de
1596 1708 1643 1759 ex
1659 1687 1823 1756 omnibus
1841 1687 1946 1755 rebus
1959 1689 2130 1772 supstan-

274 1836 337 1906 tiis
351 1837 454 1925 meis,
472 1839 516 1906 lli
532 1843 616 1908 sunt
631 1841 724 1908 casis
747 1846 782 1908 et
796 1841 1014 1911 intrinsecus
1029 1845 1135 1931 casis
1153 1846 1349 1935 territoria,
1366 1855 1510 1933 vinela,
1527 1847 1687 1930 arbusta,
1705 1842 1920 1926 castanieta,
1933 1846 2124 1925 normata,

275 1991 473 2081 Quertieta,
500 2003 663 2082 campis,
689 1993 809 2083 Silbis,
833 1998 961 2086 pratis,
984 1997 1126 2086 pascuis
1130 2051 1309 2068 .......
1326 1999 1527 2087 paludibus,
1551 2005 1702 2065 sinibus
1726 1999 1761 2064 et
1786 2002 1867 2063 vus
1891 1992 1979 2080 suis,
1996 1993 2129 2060 monti·

271 2144 336 2212 bus
354 2149 391 2213 et
414 2146 563 2214 collibus
585 2153 621 2216 et
644 2147 820 2236 planitiis,
844 2168 909 2218 nec
933 2169 1005 2220 non
1028 2157 1064 2222 et
1087 2153 1268 2221 universis
1291 2153 1437 2241 prediis
1460 2151 1587 2218 Movile
1602 2153 1711 2236 atque
1727 2148 1910 2233 inmovile,
1934 2165 2068 2213 aurum
2083 2147 2121 2213 et

271 2302 464 2384 argentum
488 2304 525 2368 et
548 2321 732 2390 gemmas,
757 2321 895 2388 pannos
919 2313 1065 2373 sericos
1081 2311 1116 2374 et
1132 2305 1255 2394 lineos,
1281 2305 1429 2394 peculiis
1444 2302 1641 2374 maioribus
1664 2302 1757 2370 etde
1774 2300 1985 2385 minoribus,
2004 2298 2125 2366 Servis

272 2452 310 2517 et
334 2449 376 2516 de
400 2451 555 2540 ancillis,
579 2457 651 2521 Hoc
675 2458 729 2522 est
752 2455 794 2523 de
819 2458 939 2527 omnia
961 2460 998 2524 et
1020 2458 1059 2524 in
1082 2457 1245 2524 omnibus
1268 2456 1360 2543 quod
1384 2474 1481 2523 nunc
1504 2474 1603 2540 aveo,
1627 2453 1683 2522 vel
1706 2453 1798 2540 quod
1822 2452 1862 2518 in
1888 2455 1997 2520 antea
2014 2452 2128 2520 unde·

271 2623 424 2693 cumque
447 2612 510 2678 aut
534 2611 858 2699 quomodocumque
881 2612 991 2681 michi
1013 2612 1233 2699 pertinentes
1254 2613 1363 2681 suerit
1387 2613 1508 2697 abere,
1533 2609 1612 2678 Sive
1630 2609 1724 2696 quod
1747 2628 1793 2677 ex
1817 2613 1970 2695 paterna
1994 2611 2030 2676 et
2046 2627 2123 2677 ma-

271 2761 378 2828 terna
403 2763 604 2848 supstantia
628 2763 721 2848 quod
745 2763 855 2832 michi
879 2767 986 2834 abere
1010 2765 1239 2851 successerit,
1268 2766 1312 2832 de
1342 2767 1453 2832 totum
1483 2763 1549 2831 tivi
1574 2761 1757 2830 nominate
1779 2769 1991 2830 modelende
2016 2763 2123 2832 uxori

175 2988 178 2992 ,
269 2931 348 2981 mee
373 2914 452 2982 dedi
477 2920 583 3002 atque
607 2917 752 3002 tradidi3
777 2919 829 2986 Ea
852 2918 996 3004 quidem
1022 2919 1187 2988 videlicet
1212 2921 1368 3004 ratione,
1385 2921 1429 2986 ut
1449 2920 1495 2987 ab
1518 2915 1705 2985 odiernum
1729 2915 1822 2983 diem
1841 2919 1879 2984 at
1894 2921 1958 2985 tua
1973 2933 2044 3002 que
2059 2935 2121 2983 su·

270 3085 338 3152 pra
361 3071 467 3137 uxori
491 3089 568 3138 mee
591 3073 639 3140 sit
661 3074 851 3157 potestates
875 3073 979 3141 iuxta
1002 3071 1095 3160 lege,
1119 3071 1323 3140 faciendum
1346 3069 1475 3137 exinde
1498 3068 1618 3137 omnia
1641 3068 1734 3155 quod
1750 3067 1948 3137 volueritis.
1976 3077 2050 3136 sub
2068 3088 2129 3138 sev

272 3224 442 3307 quantem
479 3242 545 3310 ego
573 3225 635 3311 qui
665 3224 1011 3313 supranominatus
1042 3224 1275 3312 veregnarius
1306 3222 1447 3312 genitor
1480 3224 1558 3291 eius
1585 3222 1706 3312 obligo¹
1734 3241 1790 3290 me
1819 3226 1855 3290 et
1886 3223 1975 3289 meis
2006 3222 2123 3290 eredi-

271 3376 352 3459 buS,
378 3379 418 3444 ut
441 3378 472 3445 si
496 3377 646 3446 forsitan
664 3381 902 3467 veregnarius
917 3379 1013 3447 filius
1028 3398 1127 3448 meus
1142 3383 1225 3448 ante
1241 3398 1296 3446 me
1312 3378 1501 3448 defunctus
1517 3379 1640 3464 luerit,
1663 3379 1806 3447 vibente
1823 3381 1871 3464 te,
1896 3381 1983 3446 tunc
1999 3377 2123 3446 demus

276 3526 460 3596 nominate
483 3538 694 3598 nodelende
717 3549 809 3599 nure
832 3549 909 3600 mee
933 3529 1060 3600 inclita
1083 3533 1162 3618 ipsa
1184 3535 1352 3619 quartam
1378 3537 1516 3620 partem
1532 3533 1575 3601 de
1591 3533 1706 3600 omnis
1729 3531 1835 3599 rebus
1852 3531 2064 3616 supstantiis
2086 3535 2121 3600 et

274 3679 367 3748 casis
392 3686 428 3749 et
451 3683 653 3771 movilibus,
677 3684 770 3770 quod
794 3684 908 3771 ipsius
932 3683 984 3752 fili
1008 3685 1078 3752 mei
1101 3684 1145 3752 de
1168 3685 1285 3751 omnis
1308 3685 1413 3752 rebus
1437 3688 1473 3753 et
1496 3701 1640 3754 causam
1665 3701 1780 3751 meam
1802 3681 1977 3768 evenerit,
2004 3683 2057 3750 vel
2083 3702 2119 3750 e·

270 3833 396 3901 venire
420 3834 548 3922 debet3
573 3855 682 3924 quam
706 3837 737 3906 si
760 3841 838 3925 post
859 3857 976 3905 meum
1000 3838 1161 3906 hobitum
1184 3838 1259 3925 ipse
1282 3838 1381 3906 filius
1404 3855 1503 3906 meus
1531 3835 1777 3922 remansisset,
1805 3834 1973 3905 similiter
1997 3840 2035 3905 et
2058 3836 2119 3905 de·

268 4004 351 4054 mus
374 3987 440 4055 tivi
464 3989 590 4059 inclita
614 3995 781 4077 quartam
804 3996 944 4080 partem
966 3991 1009 4060 de
1032 3991 1148 4058 omnis
1170 3993 1276 4059 rebus
1306 3993 1342 4060 ct
1364 4008 1513 4060 causam
1536 3987 1648 4076 ipsius
1674 3989 1860 4077 veregneri
1889 3988 1986 4058 filius
2013 4007 2113 4057 meus

269 4139 364 4227 quod
388 4159 484 4210 nunc
509 4144 605 4228 abet,
620 4143 685 4212 'vel
708 4142 801 4230 quod
827 4142 865 4209 in
889 4147 998 4214 antea
1021 4146 1265 4232 undecumque
1289 4162 1433 4233 parare,
1458 4146 1523 4213 aut
1538 4141 1752 4228 conquidere
1766 4143 1924 4229 potuerit
1939 4145 1975 4210 et
1991 4143 2025 4210 ei
2040 4161 2127 4228 per--

269 4290 424 4362 tinentes
447 4296 557 4364 suerit
581 4299 727 4384 habere,
755 4307 806 4365 ed
828 4299 1004 4366 securiter
1027 4299 1123 4366 omni
1147 4300 1307 4386 tempore
1332 4301 1373 4366 tu
1394 4301 1431 4365 et
1452 4301 1532 4366 tuos
1561 4295 1684 4364 eredes
1716 4295 1843 4364 inclita
1872 4297 1950 4382 ipsa
1980 4298 2116 4382 quarta

273 4446 431 4516 habendi
454 4453 491 4516 et
514 4448 668 4518 faciendi
693 4449 824 4518 exinde
845 4449 949 4518 iuxta
972 4450 1032 4518 lex
1055 4450 1147 4537 quod
1170 4451 1368 4520 volueritis
1394 4451 1438 4521 Et
1460 4468 1575 4537 neque
1597 4469 1620 4519 a
1643 4467 1707 4516 nos
1731 4447 1895 4534 superius
1910 4445 1996 4514 dicti
2013 4450 2117 4532 pater

269 4605 305 4670 et
326 4601 436 4690 filius,
460 4621 571 4689 neque
593 4623 616 4673 a
639 4605 773 4672 nostris
797 4605 1007 4692 heredibus,
1032 4623 1148 4692 neque
1171 4624 1194 4674 a
1216 4602 1336 4674 nullus
1359 4622 1573 4692 quemquam
1596 4599 1800 4696 bominibus
1824 4599 1960 4669 aveatis
1982 4599 2115 4668 exinde

268 4754 462 4842 aliquando
486 4758 645 4842 aliquam
661 4757 907 4846 requisitione,
932 4759 992 4828 Set
1009 4757 1191 4846 perpetuis
1213 4759 1433 4845 temporibus
1456 4755 1538 4824 illut
1561 4773 1665 4824 avere
1689 4760 1725 4823 et
1748 4752 1925 4841 possidere
1949 4751 2117 4840 valeatis,

269 4917 367 4985 quod
390 4928 473 4978 vero
495 4909 670 4999 scripturn
693 4913 944 5000 morgincaput
974 4913 1013 4980 in
1036 4930 1077 4980 eo
1099 4910 1250 4982 hordine
1273 4916 1484 4998 perpetuum
1511 4906 1654 4974 firmum
1681 4911 1902 4994 permaneat.
1932 4913 2047 4994 Quam
2073 4912 2114 4972 te

266 5071 484 5133 Roderlsius
508 5075 682 5136 noturus
706 5073 826 5137 actum
848 5067 988 5138 salerno
1012 5067 1166 5136 scribere
1190 5069 1409 5156 rogavimus.

314 5190 343 5306 †
368 5220 442 5306 Ego
466 5219 674 5307 lodelgrimo

312 5342 343 5457 †
368 5373 442 5459 Ego
465 5371 641 5443 landolfus

313 5497 344 5614 †
369 5528 444 5616 Ego
467 5526 669 5596 imetancus
691 5544 806 5596 comes

317 5653 347 5767 †
371 5682 446 5766 Ego
468 5683 621 5752 alfanus.
