<?xml version="1.0" encoding="UTF-8"?>
<!DOCTYPE html PUBLIC "-//W3C//DTD XHTML 1.0 Transitional//EN"
    "http://www.w3.org/TR/xhtml1/DTD/xhtml1-transitional.dtd">
<html xmlns="http://www.w3.org/1999/xhtml" xml:lang="en" lang="en">
 <head>
  <title>
</title>
<meta http-equiv="Content-Type" content="text/html;charset=utf-8" />
  <meta name='ocr-system' content='tesseract 3.04.00' />
  <meta name='ocr-capabilities' content='ocr_page ocr_carea ocr_par ocr_line ocrx_word'/>
</head>
<body>
  <div class='ocr_page' id='page_1' title='image "./codexdiplomatic05aragoog_0247.png"; bbox 0 0 5334 7098; ppageno 0'>
   <div class='ocr_carea' id='block_1_1' title="bbox 1287 521 1758 598">
    <p class='ocr_par' dir='ltr' id='par_1_1' title="bbox 1287 521 1758 598">
     <span class='ocr_line' id='line_1_1' title="bbox 1287 521 1758 598; baseline 0.019 -9"><span class='ocrx_word' id='word_1_1' title='bbox 1287 521 1459 594; x_wconf 72' lang='lat' dir='ltr'><strong>debut&lt;</strong></span> <span class='ocrx_word' id='word_1_2' title='bbox 1493 525 1758 598; x_wconf 70' lang='lat' dir='ltr'>CAVENSIS</span> 
     </span>
    </p>
   </div>
   <div class='ocr_carea' id='block_1_2' title="bbox 1389 955 1643 1038">
    <p class='ocr_par' dir='ltr' id='par_1_2' title="bbox 1389 955 1643 1038">
     <span class='ocr_line' id='line_1_2' title="bbox 1389 955 1643 1038; baseline -0.024 -3"><span class='ocrx_word' id='word_1_3' title='bbox 1389 955 1643 1038; x_wconf 85' lang='lat' dir='ltr'><strong>DCLVII.</strong></span> 
     </span>
    </p>
   </div>
   <div class='ocr_carea' id='block_1_3' title="bbox 1368 1215 1653 1298">
    <p class='ocr_par' dir='ltr' id='par_1_3' title="bbox 1368 1215 1653 1298">
     <span class='ocr_line' id='line_1_3' title="bbox 1368 1215 1653 1298; baseline -0.014 -4"><span class='ocrx_word' id='word_1_4' title='bbox 1368 1218 1423 1294; x_wconf 88' lang='lat' dir='ltr'><strong>A.</strong></span> <span class='ocrx_word' id='word_1_5' title='bbox 1452 1216 1503 1294; x_wconf 94' lang='lat' dir='ltr'><strong>D.</strong></span> <span class='ocrx_word' id='word_1_6' title='bbox 1531 1215 1653 1298; x_wconf 83' lang='lat'>1012.</span> 
     </span>
    </p>
   </div>
   <div class='ocr_carea' id='block_1_4' title="bbox 630 1448 2434 1596">
    <p class='ocr_par' dir='ltr' id='par_1_4' title="bbox 630 1448 2434 1596">
     <span class='ocr_line' id='line_1_4' title="bbox 630 1448 2434 1596; baseline 0.006 -30"><span class='ocrx_word' id='word_1_7' title='bbox 630 1448 668 1587; x_wconf 85' lang='lat'>†</span> <span class='ocrx_word' id='word_1_8' title='bbox 685 1501 724 1568; x_wconf 95' lang='lat' dir='ltr'><strong>ln</strong></span> <span class='ocrx_word' id='word_1_9' title='bbox 740 1499 883 1571; x_wconf 89' lang='lat' dir='ltr'><strong>nomine</strong></span> <span class='ocrx_word' id='word_1_10' title='bbox 898 1500 1031 1570; x_wconf 91' lang='lat' dir='ltr'><strong>domini</strong></span> <span class='ocrx_word' id='word_1_11' title='bbox 1049 1502 1215 1574; x_wconf 87' lang='lat' dir='ltr'><strong>vicesimo</strong></span> <span class='ocrx_word' id='word_1_12' title='bbox 1231 1509 1360 1590; x_wconf 85' lang='lat' dir='ltr'><strong>quarto</strong></span> <span class='ocrx_word' id='word_1_13' title='bbox 1372 1525 1468 1575; x_wconf 91' lang='lat' dir='ltr'><strong>anno</strong></span> <span class='ocrx_word' id='word_1_14' title='bbox 1483 1507 1708 1596; x_wconf 82' lang='lat' dir='ltr'><strong>principatus</strong></span> <span class='ocrx_word' id='word_1_15' title='bbox 1722 1508 1843 1578; x_wconf 91' lang='lat' dir='ltr'><strong>domni</strong></span> <span class='ocrx_word' id='word_1_16' title='bbox 1860 1508 1973 1578; x_wconf 78' lang='lat' dir='ltr'>nostri</span> <span class='ocrx_word' id='word_1_17' title='bbox 1990 1507 2157 1578; x_wconf 80' lang='lat' dir='ltr'><strong>waimari</strong></span> <span class='ocrx_word' id='word_1_18' title='bbox 2173 1507 2317 1596; x_wconf 83' lang='lat' dir='ltr'><strong>gloriosi</strong></span> <span class='ocrx_word' id='word_1_19' title='bbox 2336 1510 2434 1596; x_wconf 84' lang='lat' dir='ltr'><strong>prin·</strong></span> 
     </span>
    </p>
   </div>
   <div class='ocr_carea' id='block_1_5' title="bbox 583 1651 2435 2516">
    <p class='ocr_par' dir='ltr' id='par_1_5' title="bbox 583 1651 2435 2516">
     <span class='ocr_line' id='line_1_5' title="bbox 583 1651 2430 1748; baseline 0.006 -30"><span class='ocrx_word' id='word_1_20' title='bbox 583 1651 687 1740; x_wconf 89' lang='lat' dir='ltr'><strong>cipis,</strong></span> <span class='ocrx_word' id='word_1_21' title='bbox 718 1672 838 1722; x_wconf 90' lang='lat' dir='ltr'><strong>mense</strong></span> <span class='ocrx_word' id='word_1_22' title='bbox 869 1654 1004 1742; x_wconf 62' lang='lat' dir='ltr'><strong>iunius</strong></span> <span class='ocrx_word' id='word_1_23' title='bbox 1034 1656 1171 1726; x_wconf 90' lang='lat' dir='ltr'><strong>decima</strong></span> <span class='ocrx_word' id='word_1_24' title='bbox 1195 1657 1401 1728; x_wconf 90' lang='lat' dir='ltr'><strong>indictione.</strong></span> <span class='ocrx_word' id='word_1_25' title='bbox 1433 1659 1581 1748; x_wconf 83' lang='lat' dir='ltr'>Ideoque</span> <span class='ocrx_word' id='word_1_26' title='bbox 1604 1679 1670 1748; x_wconf 82' lang='lat' dir='ltr'><strong>ego</strong></span> <span class='ocrx_word' id='word_1_27' title='bbox 1694 1660 1823 1730; x_wconf 91' lang='lat' dir='ltr'><strong>mulier</strong></span> <span class='ocrx_word' id='word_1_28' title='bbox 1849 1660 1991 1730; x_wconf 90' lang='lat' dir='ltr'><strong>nomine</strong></span> <span class='ocrx_word' id='word_1_29' title='bbox 2014 1677 2113 1730; x_wconf 88' lang='lat' dir='ltr'><strong>anna</strong></span> <span class='ocrx_word' id='word_1_30' title='bbox 2137 1659 2266 1729; x_wconf 89' lang='lat' dir='ltr'><strong>relicta</strong></span> <span class='ocrx_word' id='word_1_31' title='bbox 2289 1661 2430 1730; x_wconf 92' lang='lat' dir='ltr'><strong>cuidam</strong></span> 
     </span>
     <span class='ocr_line' id='line_1_6' title="bbox 584 1806 2434 1902; baseline 0.007 -30"><span class='ocrx_word' id='word_1_32' title='bbox 584 1806 739 1876; x_wconf 88' lang='lat' dir='ltr'><strong>iohanni</strong></span> <span class='ocrx_word' id='word_1_33' title='bbox 756 1808 883 1877; x_wconf 88' lang='lat' dir='ltr'><strong>clerico</strong></span> <span class='ocrx_word' id='word_1_34' title='bbox 900 1809 942 1880; x_wconf 92' lang='lat' dir='ltr'><strong>de</strong></span> <span class='ocrx_word' id='word_1_35' title='bbox 958 1814 1127 1878; x_wconf 89' lang='lat' dir='ltr'><strong>muntoru</strong></span> <span class='ocrx_word' id='word_1_36' title='bbox 1139 1809 1200 1896; x_wconf 92' lang='lat' dir='ltr'><strong>qui</strong></span> <span class='ocrx_word' id='word_1_37' title='bbox 1215 1811 1283 1879; x_wconf 91' lang='lat' dir='ltr'><strong>luit</strong></span> <span class='ocrx_word' id='word_1_38' title='bbox 1293 1811 1389 1880; x_wconf 82' lang='lat' dir='ltr'><strong>iilius</strong></span> <span class='ocrx_word' id='word_1_39' title='bbox 1400 1813 1521 1900; x_wconf 83' lang='lat' dir='ltr'><strong>grimi‚</strong></span> <span class='ocrx_word' id='word_1_40' title='bbox 1535 1814 1627 1883; x_wconf 92' lang='lat' dir='ltr'><strong>sicut</strong></span> <span class='ocrx_word' id='word_1_41' title='bbox 1638 1813 1728 1882; x_wconf 91' lang='lat' dir='ltr'><strong>mihi</strong></span> <span class='ocrx_word' id='word_1_42' title='bbox 1743 1832 1942 1902; x_wconf 82' lang='lat' dir='ltr'><strong>congruum</strong></span> <span class='ocrx_word' id='word_1_43' title='bbox 1958 1817 2025 1900; x_wconf 86' lang='lat' dir='ltr'><strong>est,</strong></span> <span class='ocrx_word' id='word_1_44' title='bbox 2038 1832 2129 1882; x_wconf 88' lang='lat' dir='ltr'><strong>vona</strong></span> <span class='ocrx_word' id='word_1_45' title='bbox 2145 1833 2225 1883; x_wconf 90' lang='lat' dir='ltr'><strong>mea</strong></span> <span class='ocrx_word' id='word_1_46' title='bbox 2241 1814 2434 1885; x_wconf 88' lang='lat' dir='ltr'><strong>volumtate</strong></span> 
     </span>
     <span class='ocr_line' id='line_1_7' title="bbox 586 1964 2433 2055; baseline 0.005 -28"><span class='ocrx_word' id='word_1_47' title='bbox 586 1979 651 2047; x_wconf 89' lang='lat' dir='ltr'><strong>per</strong></span> <span class='ocrx_word' id='word_1_48' title='bbox 675 1964 770 2030; x_wconf 91' lang='lat' dir='ltr'><strong>banc</strong></span> <span class='ocrx_word' id='word_1_49' title='bbox 795 1966 934 2031; x_wconf 89' lang='lat' dir='ltr'><strong>cartam</strong></span> <span class='ocrx_word' id='word_1_50' title='bbox 959 1968 1043 2032; x_wconf 90' lang='lat' dir='ltr'><strong>ante</strong></span> <span class='ocrx_word' id='word_1_51' title='bbox 1067 1965 1249 2051; x_wconf 89' lang='lat' dir='ltr'><strong>presentia</strong></span> <span class='ocrx_word' id='word_1_52' title='bbox 1272 1965 1523 2052; x_wconf 89' lang='lat' dir='ltr'><strong>rademprandi</strong></span> <span class='ocrx_word' id='word_1_53' title='bbox 1549 1967 1660 2036; x_wconf 92' lang='lat' dir='ltr'><strong>iudici</strong></span> <span class='ocrx_word' id='word_1_54' title='bbox 1684 1974 1719 2038; x_wconf 92' lang='lat' dir='ltr'><strong>et</strong></span> <span class='ocrx_word' id='word_1_55' title='bbox 1743 1968 1806 2040; x_wconf 92' lang='lat' dir='ltr'><strong>alii</strong></span> <span class='ocrx_word' id='word_1_56' title='bbox 1834 1973 1941 2039; x_wconf 88' lang='lat' dir='ltr'><strong>testes</strong></span> <span class='ocrx_word' id='word_1_57' title='bbox 1974 1987 2037 2055; x_wconf 91' lang='lat' dir='ltr'><strong>per</strong></span> <span class='ocrx_word' id='word_1_58' title='bbox 2073 1969 2263 2055; x_wconf 81' lang='lat' dir='ltr'><strong>largietate</strong></span> <span class='ocrx_word' id='word_1_59' title='bbox 2286 1968 2433 2038; x_wconf 88' lang='lat' dir='ltr'><strong>landoni</strong></span> 
     </span>
     <span class='ocr_line' id='line_1_8' title="bbox 584 2115 2435 2209; baseline 0.005 -29"><span class='ocrx_word' id='word_1_60' title='bbox 584 2115 708 2182; x_wconf 89' lang='lat' dir='ltr'><strong>comiti</strong></span> <span class='ocrx_word' id='word_1_61' title='bbox 732 2120 866 2204; x_wconf 87' lang='lat' dir='ltr'><strong>nostro,</strong></span> <span class='ocrx_word' id='word_1_62' title='bbox 890 2137 998 2204; x_wconf 90' lang='lat' dir='ltr'><strong>quam</strong></span> <span class='ocrx_word' id='word_1_63' title='bbox 1013 2122 1049 2186; x_wconf 90' lang='lat' dir='ltr'><strong>et</strong></span> <span class='ocrx_word' id='word_1_64' title='bbox 1064 2138 1127 2206; x_wconf 92' lang='lat' dir='ltr'><strong>per</strong></span> <span class='ocrx_word' id='word_1_65' title='bbox 1151 2119 1333 2190; x_wconf 88' lang='lat' dir='ltr'><strong>voluntate</strong></span> <span class='ocrx_word' id='word_1_66' title='bbox 1357 2119 1496 2188; x_wconf 90' lang='lat' dir='ltr'><strong>landuli</strong></span> <span class='ocrx_word' id='word_1_67' title='bbox 1520 2119 1618 2188; x_wconf 86' lang='lat' dir='ltr'><strong>filius</strong></span> <span class='ocrx_word' id='word_1_68' title='bbox 1642 2140 1754 2209; x_wconf 90' lang='lat' dir='ltr'><strong>meus,</strong></span> <span class='ocrx_word' id='word_1_69' title='bbox 1771 2120 1808 2187; x_wconf 91' lang='lat' dir='ltr'><strong>in</strong></span> <span class='ocrx_word' id='word_1_70' title='bbox 1825 2120 1928 2189; x_wconf 88' lang='lat' dir='ltr'><strong>cuius</strong></span> <span class='ocrx_word' id='word_1_71' title='bbox 1951 2121 2136 2190; x_wconf 88' lang='lat' dir='ltr'><strong>mundium</strong></span> <span class='ocrx_word' id='word_1_72' title='bbox 2153 2139 2209 2188; x_wconf 90' lang='lat' dir='ltr'><strong>me</strong></span> <span class='ocrx_word' id='word_1_73' title='bbox 2225 2121 2435 2207; x_wconf 85' lang='lat' dir='ltr'><strong>palamsacio</strong></span> 
     </span>
     <span class='ocr_line' id='line_1_9' title="bbox 586 2241 2434 2360; baseline 0.004 -27"><span class='ocrx_word' id='word_1_74' title='bbox 586 2266 796 2356; x_wconf 88' lang='lat' dir='ltr'><strong>subiacere,</strong></span> <span class='ocrx_word' id='word_1_75' title='bbox 831 2269 962 2338; x_wconf 92' lang='lat' dir='ltr'><strong>donavi</strong></span> <span class='ocrx_word' id='word_1_76' title='bbox 987 2270 1100 2357; x_wconf 93' lang='lat' dir='ltr'><strong>adque</strong></span> <span class='ocrx_word' id='word_1_77' title='bbox 1124 2272 1169 2340; x_wconf 90' lang='lat' dir='ltr'><strong>ad</strong></span> <span class='ocrx_word' id='word_1_78' title='bbox 1194 2290 1332 2358; x_wconf 82' lang='lat' dir='ltr'><strong>semper</strong></span> <span class='ocrx_word' id='word_1_79' title='bbox 1355 2272 1531 2340; x_wconf 89' lang='lat' dir='ltr'><strong>abendum</strong></span> <span class='ocrx_word' id='word_1_80' title='bbox 1554 2273 1763 2342; x_wconf 81' lang='lat' dir='ltr'><strong>confirmavi</strong></span> <span class='ocrx_word' id='word_1_81' title='bbox 1787 2272 1853 2341; x_wconf 89' lang='lat' dir='ltr'><strong>tibi</strong></span> <span class='ocrx_word' id='word_1_82' title='bbox 1877 2275 2014 2343; x_wconf 91' lang='lat' dir='ltr'><strong>maioni</strong></span> <span class='ocrx_word' id='word_1_83' title='bbox 2038 2241 2234 2360; x_wconf 83' lang='lat' dir='ltr'><strong>presbiteri</strong></span> <span class='ocrx_word' id='word_1_84' title='bbox 2254 2277 2290 2340; x_wconf 92' lang='lat' dir='ltr'><strong>et</strong></span> <span class='ocrx_word' id='word_1_85' title='bbox 2314 2275 2434 2343; x_wconf 86' lang='lat' dir='ltr'><strong>abbati</strong></span> 
     </span>
     <span class='ocr_line' id='line_1_10' title="bbox 586 2421 2432 2516; baseline 0.005 -30"><span class='ocrx_word' id='word_1_86' title='bbox 586 2421 759 2489; x_wconf 86' lang='lat' dir='ltr'><strong>hecclesie</strong></span> <span class='ocrx_word' id='word_1_87' title='bbox 784 2425 900 2492; x_wconf 91' lang='lat' dir='ltr'><strong>sancti</strong></span> <span class='ocrx_word' id='word_1_88' title='bbox 924 2423 1071 2492; x_wconf 85' lang='lat' dir='ltr'><strong>maximi</strong></span> <span class='ocrx_word' id='word_1_89' title='bbox 1098 2442 1160 2510; x_wconf 92' lang='lat' dir='ltr'><strong>per</strong></span> <span class='ocrx_word' id='word_1_90' title='bbox 1184 2426 1261 2492; x_wconf 90' lang='lat' dir='ltr'><strong>vice</strong></span> <span class='ocrx_word' id='word_1_91' title='bbox 1285 2425 1450 2494; x_wconf 89' lang='lat' dir='ltr'><strong>iamdicte</strong></span> <span class='ocrx_word' id='word_1_92' title='bbox 1473 2427 1619 2495; x_wconf 91' lang='lat' dir='ltr'><strong>ecclesie</strong></span> <span class='ocrx_word' id='word_1_93' title='bbox 1644 2428 1770 2496; x_wconf 87' lang='lat' dir='ltr'><strong>inclita</strong></span> <span class='ocrx_word' id='word_1_94' title='bbox 1793 2433 1924 2514; x_wconf 89' lang='lat' dir='ltr'><strong>quarta</strong></span> <span class='ocrx_word' id='word_1_95' title='bbox 1947 2446 2037 2516; x_wconf 91' lang='lat' dir='ltr'><strong>mea,</strong></span> <span class='ocrx_word' id='word_1_96' title='bbox 2062 2428 2154 2514; x_wconf 91' lang='lat' dir='ltr'><strong>quod</strong></span> <span class='ocrx_word' id='word_1_97' title='bbox 2178 2431 2266 2497; x_wconf 91' lang='lat' dir='ltr'><strong>abeo</strong></span> <span class='ocrx_word' id='word_1_98' title='bbox 2289 2427 2329 2494; x_wconf 89' lang='lat' dir='ltr'><strong>in</strong></span> <span class='ocrx_word' id='word_1_99' title='bbox 2353 2428 2432 2514; x_wconf 88' lang='lat' dir='ltr'><strong>ipsa</strong></span> 
     </span>
    </p>
   </div>
   <div class='ocr_carea' id='block_1_6' title="bbox 585 2574 2449 2666">
    <p class='ocr_par' dir='ltr' id='par_1_6' title="bbox 585 2574 2449 2666">
     <span class='ocr_line' id='line_1_11' title="bbox 585 2574 2449 2666; baseline 0.004 -25"><span class='ocrx_word' id='word_1_100' title='bbox 585 2574 690 2660; x_wconf 88' lang='lat' dir='ltr'><strong>pccia</strong></span> <span class='ocrx_word' id='word_1_101' title='bbox 713 2575 758 2644; x_wconf 93' lang='lat' dir='ltr'><strong>de</strong></span> <span class='ocrx_word' id='word_1_102' title='bbox 782 2581 895 2664; x_wconf 87' lang='lat' dir='ltr'><strong>terra,</strong></span> <span class='ocrx_word' id='word_1_103' title='bbox 919 2597 1000 2645; x_wconf 92' lang='lat' dir='ltr'><strong>cum</strong></span> <span class='ocrx_word' id='word_1_104' title='bbox 1023 2577 1199 2663; x_wconf 80' lang='lat' dir='ltr'><strong>aliquanti</strong></span> <span class='ocrx_word' id='word_1_105' title='bbox 1223 2580 1383 2648; x_wconf 81' lang='lat' dir='ltr'><strong>castanei</strong></span> <span class='ocrx_word' id='word_1_106' title='bbox 1401 2580 1439 2646; x_wconf 90' lang='lat' dir='ltr'><strong>in</strong></span> <span class='ocrx_word' id='word_1_107' title='bbox 1456 2580 1576 2646; x_wconf 92' lang='lat' dir='ltr'><strong>eodem</strong></span> <span class='ocrx_word' id='word_1_108' title='bbox 1601 2579 1675 2646; x_wconf 92' lang='lat' dir='ltr'><strong>loco</strong></span> <span class='ocrx_word' id='word_1_109' title='bbox 1698 2584 1888 2666; x_wconf 90' lang='lat' dir='ltr'><strong>muntoru,</strong></span> <span class='ocrx_word' id='word_1_110' title='bbox 1913 2581 2001 2649; x_wconf 88' lang='lat' dir='ltr'><strong>hubi</strong></span> <span class='ocrx_word' id='word_1_111' title='bbox 2024 2579 2160 2649; x_wconf 90' lang='lat' dir='ltr'><strong>cirione</strong></span> <span class='ocrx_word' id='word_1_112' title='bbox 2183 2580 2329 2666; x_wconf 87' lang='lat' dir='ltr'><strong>dicitur,</strong></span> <span class='ocrx_word' id='word_1_113' title='bbox 2346 2580 2449 2666; x_wconf 82' lang='lat' dir='ltr'><strong>quod&#39;</strong></span> 
     </span>
    </p>
   </div>
   <div class='ocr_carea' id='block_1_7' title="bbox 466 2731 2433 2824">
    <p class='ocr_par' dir='ltr' id='par_1_7' title="bbox 466 2731 2433 2824">
     <span class='ocr_line' id='line_1_12' title="bbox 466 2731 2433 2824; baseline 0.003 -29"><span class='ocrx_word' id='word_1_114' title='bbox 466 2817 468 2824; x_wconf 17' lang='grc' dir='ltr'><strong><em>Α</em></strong></span> <span class='ocrx_word' id='word_1_115' title='bbox 586 2732 688 2798; x_wconf 92' lang='lat' dir='ltr'><strong>modo</strong></span> <span class='ocrx_word' id='word_1_116' title='bbox 712 2750 774 2818; x_wconf 89' lang='lat' dir='ltr'><strong>per</strong></span> <span class='ocrx_word' id='word_1_117' title='bbox 790 2733 895 2800; x_wconf 83' lang='lat' dir='ltr'><strong>firma</strong></span> <span class='ocrx_word' id='word_1_118' title='bbox 911 2732 1053 2800; x_wconf 89' lang='lat' dir='ltr'><strong>cartula</strong></span> <span class='ocrx_word' id='word_1_119' title='bbox 1069 2731 1134 2798; x_wconf 93' lang='lat' dir='ltr'><strong>tibi</strong></span> <span class='ocrx_word' id='word_1_120' title='bbox 1152 2731 1319 2800; x_wconf 85' lang='lat' dir='ltr'><strong>iamdicto</strong></span> <span class='ocrx_word' id='word_1_121' title='bbox 1335 2731 1468 2800; x_wconf 89' lang='lat' dir='ltr'><strong>maioni</strong></span> <span class='ocrx_word' id='word_1_122' title='bbox 1486 2751 1549 2818; x_wconf 91' lang='lat' dir='ltr'><strong>pro</strong></span> <span class='ocrx_word' id='word_1_123' title='bbox 1565 2752 1649 2819; x_wconf 90' lang='lat' dir='ltr'><strong>pars</strong></span> <span class='ocrx_word' id='word_1_124' title='bbox 1665 2734 1823 2822; x_wconf 87' lang='lat' dir='ltr'><strong>predicte</strong></span> <span class='ocrx_word' id='word_1_125' title='bbox 1841 2736 2012 2805; x_wconf 89' lang='lat' dir='ltr'><strong>hecclesie</strong></span> <span class='ocrx_word' id='word_1_126' title='bbox 2027 2737 2207 2824; x_wconf 88' lang='lat' dir='ltr'><strong>predictus</strong></span> <span class='ocrx_word' id='word_1_127' title='bbox 2223 2735 2319 2802; x_wconf 87' lang='lat' dir='ltr'><strong>iilius</strong></span> <span class='ocrx_word' id='word_1_128' title='bbox 2334 2751 2433 2801; x_wconf 89' lang='lat' dir='ltr'><strong>meus</strong></span> 
     </span>
    </p>
   </div>
   <div class='ocr_carea' id='block_1_8' title="bbox 581 2887 2436 4977">
    <p class='ocr_par' dir='ltr' id='par_1_8' title="bbox 581 2887 2436 4652">
     <span class='ocr_line' id='line_1_13' title="bbox 585 2887 2435 2978; baseline 0.001 -26"><span class='ocrx_word' id='word_1_129' title='bbox 585 2887 816 2956; x_wconf 74' lang='lat' dir='ltr'><strong>venumdedit</strong></span> <span class='ocrx_word' id='word_1_130' title='bbox 840 2907 903 2974; x_wconf 89' lang='lat' dir='ltr'><strong>per</strong></span> <span class='ocrx_word' id='word_1_131' title='bbox 927 2889 993 2957; x_wconf 91' lang='lat' dir='ltr'><strong>bas</strong></span> <span class='ocrx_word' id='word_1_132' title='bbox 1018 2889 1108 2956; x_wconf 88' lang='lat' dir='ltr'><strong>fines</strong></span> <span class='ocrx_word' id='word_1_133' title='bbox 1131 2893 1166 2956; x_wconf 87' lang='lat' dir='ltr'><strong>et</strong></span> <span class='ocrx_word' id='word_1_134' title='bbox 1188 2906 1386 2957; x_wconf 91' lang='lat' dir='ltr'><strong>mensuras:</strong></span> <span class='ocrx_word' id='word_1_135' title='bbox 1411 2889 1458 2958; x_wconf 92' lang='lat' dir='ltr'><strong>da</strong></span> <span class='ocrx_word' id='word_1_136' title='bbox 1481 2906 1565 2976; x_wconf 86' lang='lat' dir='ltr'><strong>pars</strong></span> <span class='ocrx_word' id='word_1_137' title='bbox 1589 2889 1849 2977; x_wconf 87' lang='lat' dir='ltr'><strong>septemtrionis</strong></span> <span class='ocrx_word' id='word_1_138' title='bbox 1873 2893 1944 2958; x_wconf 87' lang='lat' dir='ltr'><strong>line</strong></span> <span class='ocrx_word' id='word_1_139' title='bbox 1968 2892 2126 2978; x_wconf 88' lang='lat' dir='ltr'><strong>predicte</strong></span> <span class='ocrx_word' id='word_1_140' title='bbox 2151 2889 2336 2974; x_wconf 87' lang='lat' dir='ltr'><strong>hecclesie,</strong></span> <span class='ocrx_word' id='word_1_141' title='bbox 2352 2892 2435 2978; x_wconf 78' lang='lat' dir='ltr'><strong>sunt</strong></span> 
     </span>
     <span class='ocr_line' id='line_1_14' title="bbox 587 3039 2436 3130; baseline 0.003 -25"><span class='ocrx_word' id='word_1_142' title='bbox 587 3039 669 3109; x_wconf 90' lang='lat' dir='ltr'><strong>inde</strong></span> <span class='ocrx_word' id='word_1_143' title='bbox 693 3041 788 3128; x_wconf 88' lang='lat' dir='ltr'><strong>passi</strong></span> <span class='ocrx_word' id='word_1_144' title='bbox 815 3041 1016 3128; x_wconf 82' lang='lat' dir='ltr'><strong>nonaginta</strong></span> <span class='ocrx_word' id='word_1_145' title='bbox 1039 3045 1129 3110; x_wconf 90' lang='lat' dir='ltr'><strong>octo:</strong></span> <span class='ocrx_word' id='word_1_146' title='bbox 1155 3042 1197 3109; x_wconf 91' lang='lat' dir='ltr'><strong>de</strong></span> <span class='ocrx_word' id='word_1_147' title='bbox 1220 3042 1321 3128; x_wconf 87' lang='lat' dir='ltr'><strong>pede,</strong></span> <span class='ocrx_word' id='word_1_148' title='bbox 1346 3041 1437 3128; x_wconf 90' lang='lat' dir='ltr'><strong>quod</strong></span> <span class='ocrx_word' id='word_1_149' title='bbox 1452 3047 1505 3110; x_wconf 91' lang='lat' dir='ltr'><strong>est</strong></span> <span class='ocrx_word' id='word_1_150' title='bbox 1521 3063 1542 3111; x_wconf 90' lang='lat' dir='ltr'><strong>a</strong></span> <span class='ocrx_word' id='word_1_151' title='bbox 1558 3049 1660 3130; x_wconf 86' lang='lat' dir='ltr'><strong>parte</strong></span> <span class='ocrx_word' id='word_1_152' title='bbox 1684 3044 1892 3130; x_wconf 87' lang='lat' dir='ltr'><strong>occidentis,</strong></span> <span class='ocrx_word' id='word_1_153' title='bbox 1918 3045 2094 3112; x_wconf 90' lang='lat' dir='ltr'><strong>modicum</strong></span> <span class='ocrx_word' id='word_1_154' title='bbox 2117 3044 2303 3130; x_wconf 84' lang='lat' dir='ltr'><strong>pertangit</strong></span> <span class='ocrx_word' id='word_1_155' title='bbox 2319 3041 2359 3110; x_wconf 92' lang='lat' dir='ltr'><strong>in</strong></span> <span class='ocrx_word' id='word_1_156' title='bbox 2378 3043 2436 3111; x_wconf 92' lang='lat' dir='ltr'><strong>via</strong></span> 
     </span>
     <span class='ocr_line' id='line_1_15' title="bbox 586 3193 2433 3304; baseline 0.002 -44"><span class='ocrx_word' id='word_1_157' title='bbox 586 3213 655 3280; x_wconf 90' lang='lat' dir='ltr'><strong>que</strong></span> <span class='ocrx_word' id='word_1_158' title='bbox 681 3193 720 3260; x_wconf 89' lang='lat' dir='ltr'><strong>in</strong></span> <span class='ocrx_word' id='word_1_159' title='bbox 743 3194 813 3264; x_wconf 89' lang='lat' dir='ltr'><strong>ista</strong></span> <span class='ocrx_word' id='word_1_160' title='bbox 837 3211 916 3263; x_wconf 90' lang='lat' dir='ltr'><strong>mea</strong></span> <span class='ocrx_word' id='word_1_161' title='bbox 939 3193 1130 3304; x_wconf 83' lang='lat' dir='ltr'><strong>donatione</strong></span> <span class='ocrx_word' id='word_1_162' title='bbox 1154 3194 1287 3280; x_wconf 89' lang='lat' dir='ltr'><strong>intrat,</strong></span> <span class='ocrx_word' id='word_1_163' title='bbox 1312 3196 1357 3262; x_wconf 90' lang='lat' dir='ltr'><strong>ab</strong></span> <span class='ocrx_word' id='word_1_164' title='bbox 1381 3195 1459 3281; x_wconf 87' lang='lat' dir='ltr'><strong>ipsa</strong></span> <span class='ocrx_word' id='word_1_165' title='bbox 1483 3201 1585 3282; x_wconf 87' lang='lat' dir='ltr'><strong>parte</strong></span> <span class='ocrx_word' id='word_1_166' title='bbox 1608 3201 1689 3266; x_wconf 90' lang='lat' dir='ltr'><strong>abet</strong></span> <span class='ocrx_word' id='word_1_167' title='bbox 1711 3197 1806 3285; x_wconf 88' lang='lat' dir='ltr'><strong>passi</strong></span> <span class='ocrx_word' id='word_1_168' title='bbox 1830 3197 2000 3266; x_wconf 88' lang='lat' dir='ltr'><strong>sedecim:</strong></span> <span class='ocrx_word' id='word_1_169' title='bbox 2027 3217 2050 3266; x_wconf 90' lang='lat' dir='ltr'><strong>a</strong></span> <span class='ocrx_word' id='word_1_170' title='bbox 2072 3215 2157 3284; x_wconf 89' lang='lat' dir='ltr'><strong>pars</strong></span> <span class='ocrx_word' id='word_1_171' title='bbox 2180 3195 2329 3264; x_wconf 89' lang='lat' dir='ltr'><strong>meridie</strong></span> <span class='ocrx_word' id='word_1_172' title='bbox 2353 3198 2433 3265; x_wconf 89' lang='lat' dir='ltr'><strong>abet</strong></span> 
     </span>
     <span class='ocr_line' id='line_1_16' title="bbox 586 3349 2432 3438; baseline 0.001 -22"><span class='ocrx_word' id='word_1_173' title='bbox 586 3350 683 3432; x_wconf 88' lang='lat' dir='ltr'><strong>passi</strong></span> <span class='ocrx_word' id='word_1_174' title='bbox 707 3349 907 3437; x_wconf 84' lang='lat' dir='ltr'><strong>nonaginta</strong></span> <span class='ocrx_word' id='word_1_175' title='bbox 931 3353 1085 3436; x_wconf 89' lang='lat' dir='ltr'><strong>septem:</strong></span> <span class='ocrx_word' id='word_1_176' title='bbox 1122 3369 1145 3418; x_wconf 91' lang='lat' dir='ltr'><strong>a</strong></span> <span class='ocrx_word' id='word_1_177' title='bbox 1167 3368 1253 3436; x_wconf 89' lang='lat' dir='ltr'><strong>pars</strong></span> <span class='ocrx_word' id='word_1_178' title='bbox 1276 3351 1427 3418; x_wconf 89' lang='lat' dir='ltr'><strong>orientis</strong></span> <span class='ocrx_word' id='word_1_179' title='bbox 1449 3354 1531 3432; x_wconf 83' lang='lat' dir='ltr'><strong>abet</strong></span> <span class='ocrx_word' id='word_1_180' title='bbox 1554 3352 1648 3438; x_wconf 89' lang='lat' dir='ltr'><strong>passi</strong></span> <span class='ocrx_word' id='word_1_181' title='bbox 1672 3353 1825 3438; x_wconf 84' lang='lat' dir='ltr'><strong>triginta</strong></span> <span class='ocrx_word' id='word_1_182' title='bbox 1848 3352 1939 3438; x_wconf 88' lang='lat' dir='ltr'><strong>duo,</strong></span> <span class='ocrx_word' id='word_1_183' title='bbox 1963 3353 2089 3419; x_wconf 90' lang='lat' dir='ltr'><strong>totum.</strong></span> <span class='ocrx_word' id='word_1_184' title='bbox 2103 3350 2149 3418; x_wconf 92' lang='lat' dir='ltr'><strong>ad</strong></span> <span class='ocrx_word' id='word_1_185' title='bbox 2173 3351 2266 3419; x_wconf 91' lang='lat' dir='ltr'><strong>iusto</strong></span> <span class='ocrx_word' id='word_1_186' title='bbox 2290 3367 2432 3436; x_wconf 87' lang='lat' dir='ltr'><strong>passum</strong></span> 
     </span>
     <span class='ocr_line' id='line_1_17' title="bbox 584 3504 2430 3592; baseline 0.001 -23"><span class='ocrx_word' id='word_1_187' title='bbox 584 3504 719 3571; x_wconf 89' lang='lat' dir='ltr'><strong>bomini</strong></span> <span class='ocrx_word' id='word_1_188' title='bbox 744 3510 1003 3592; x_wconf 84' lang='lat' dir='ltr'><strong>mensuratum3</strong></span> <span class='ocrx_word' id='word_1_189' title='bbox 1030 3505 1072 3574; x_wconf 92' lang='lat' dir='ltr'><strong>de</strong></span> <span class='ocrx_word' id='word_1_190' title='bbox 1097 3523 1136 3574; x_wconf 89' lang='lat' dir='ltr'><strong>ec</strong></span> <span class='ocrx_word' id='word_1_191' title='bbox 1153 3524 1237 3574; x_wconf 92' lang='lat' dir='ltr'><strong>vero</strong></span> <span class='ocrx_word' id='word_1_192' title='bbox 1252 3509 1358 3574; x_wconf 91' lang='lat' dir='ltr'><strong>rebus</strong></span> <span class='ocrx_word' id='word_1_193' title='bbox 1374 3507 1470 3575; x_wconf 86' lang='lat' dir='ltr'><strong>inira</strong></span> <span class='ocrx_word' id='word_1_194' title='bbox 1486 3507 1710 3592; x_wconf 89' lang='lat' dir='ltr'><strong>supradictas</strong></span> <span class='ocrx_word' id='word_1_195' title='bbox 1726 3507 1815 3574; x_wconf 87' lang='lat' dir='ltr'><strong>fines</strong></span> <span class='ocrx_word' id='word_1_196' title='bbox 1831 3511 1867 3574; x_wconf 91' lang='lat' dir='ltr'><strong>et</strong></span> <span class='ocrx_word' id='word_1_197' title='bbox 1884 3523 2069 3575; x_wconf 90' lang='lat' dir='ltr'><strong>mensuras</strong></span> <span class='ocrx_word' id='word_1_198' title='bbox 2085 3505 2248 3574; x_wconf 90' lang='lat' dir='ltr'><strong>inclitam</strong></span> <span class='ocrx_word' id='word_1_199' title='bbox 2263 3505 2430 3591; x_wconf 85' lang='lat' dir='ltr'><strong>quartam</strong></span> 
     </span>
     <span class='ocr_line' id='line_1_18' title="bbox 586 3655 2431 3747; baseline -0.001 -21"><span class='ocrx_word' id='word_1_200' title='bbox 586 3663 723 3743; x_wconf 88' lang='lat' dir='ltr'><strong>partem</strong></span> <span class='ocrx_word' id='word_1_201' title='bbox 748 3661 878 3728; x_wconf 85' lang='lat' dir='ltr'><strong>exinde</strong></span> <span class='ocrx_word' id='word_1_202' title='bbox 904 3661 967 3728; x_wconf 90' lang='lat' dir='ltr'><strong>tivi</strong></span> <span class='ocrx_word' id='word_1_203' title='bbox 993 3661 1162 3730; x_wconf 92' lang='lat' dir='ltr'><strong>iamdicto</strong></span> <span class='ocrx_word' id='word_1_204' title='bbox 1186 3660 1306 3729; x_wconf 88' lang='lat' dir='ltr'><strong>abbati</strong></span> <span class='ocrx_word' id='word_1_205' title='bbox 1325 3679 1388 3746; x_wconf 92' lang='lat' dir='ltr'><strong>pro</strong></span> <span class='ocrx_word' id='word_1_206' title='bbox 1403 3677 1488 3747; x_wconf 89' lang='lat' dir='ltr'><strong>pars</strong></span> <span class='ocrx_word' id='word_1_207' title='bbox 1504 3659 1670 3728; x_wconf 90' lang='lat' dir='ltr'><strong>iamdicte</strong></span> <span class='ocrx_word' id='word_1_208' title='bbox 1692 3657 1865 3726; x_wconf 91' lang='lat' dir='ltr'><strong>hecclesie</strong></span> <span class='ocrx_word' id='word_1_209' title='bbox 1887 3656 2031 3745; x_wconf 87' lang='lat' dir='ltr'><strong>donavi,</strong></span> <span class='ocrx_word' id='word_1_210' title='bbox 2048 3675 2129 3725; x_wconf 90' lang='lat' dir='ltr'><strong>cum</strong></span> <span class='ocrx_word' id='word_1_211' title='bbox 2145 3658 2265 3725; x_wconf 91' lang='lat' dir='ltr'><strong>omnia</strong></span> <span class='ocrx_word' id='word_1_212' title='bbox 2280 3655 2378 3726; x_wconf 85' lang='lat' dir='ltr'><strong>infra</strong></span> <span class='ocrx_word' id='word_1_213' title='bbox 2394 3676 2431 3727; x_wconf 86' lang='lat' dir='ltr'><strong>se</strong></span> 
     </span>
     <span class='ocr_line' id='line_1_19' title="bbox 585 3812 2428 3902; baseline 0.001 -23"><span class='ocrx_word' id='word_1_214' title='bbox 585 3815 801 3884; x_wconf 85' lang='lat' dir='ltr'><strong>habentibus</strong></span> <span class='ocrx_word' id='word_1_215' title='bbox 824 3818 859 3883; x_wconf 91' lang='lat' dir='ltr'><strong>et</strong></span> <span class='ocrx_word' id='word_1_216' title='bbox 882 3834 962 3882; x_wconf 94' lang='lat' dir='ltr'><strong>cum</strong></span> <span class='ocrx_word' id='word_1_217' title='bbox 986 3815 1063 3884; x_wconf 93' lang='lat' dir='ltr'><strong>vice</strong></span> <span class='ocrx_word' id='word_1_218' title='bbox 1079 3815 1121 3883; x_wconf 91' lang='lat' dir='ltr'><strong>de</strong></span> <span class='ocrx_word' id='word_1_219' title='bbox 1145 3817 1206 3884; x_wconf 91' lang='lat' dir='ltr'><strong>via</strong></span> <span class='ocrx_word' id='word_1_220' title='bbox 1230 3833 1308 3902; x_wconf 89' lang='lat' dir='ltr'><strong>sua,</strong></span> <span class='ocrx_word' id='word_1_221' title='bbox 1326 3815 1371 3884; x_wconf 93' lang='lat' dir='ltr'><strong>ad</strong></span> <span class='ocrx_word' id='word_1_222' title='bbox 1387 3815 1560 3884; x_wconf 86' lang='lat' dir='ltr'><strong>securiter</strong></span> <span class='ocrx_word' id='word_1_223' title='bbox 1575 3819 1611 3882; x_wconf 91' lang='lat' dir='ltr'><strong>et</strong></span> <span class='ocrx_word' id='word_1_224' title='bbox 1627 3815 1778 3882; x_wconf 84' lang='lat' dir='ltr'><strong>firmiter</strong></span> <span class='ocrx_word' id='word_1_225' title='bbox 1801 3814 1926 3883; x_wconf 91' lang='lat' dir='ltr'><strong>amodo</strong></span> <span class='ocrx_word' id='word_1_226' title='bbox 1942 3817 1978 3880; x_wconf 91' lang='lat' dir='ltr'><strong>et</strong></span> <span class='ocrx_word' id='word_1_227' title='bbox 1993 3830 2130 3899; x_wconf 89' lang='lat' dir='ltr'><strong>semper</strong></span> <span class='ocrx_word' id='word_1_228' title='bbox 2155 3829 2237 3897; x_wconf 88' lang='lat' dir='ltr'><strong>pars</strong></span> <span class='ocrx_word' id='word_1_229' title='bbox 2262 3812 2428 3882; x_wconf 88' lang='lat' dir='ltr'><strong>iamdicte</strong></span> 
     </span>
     <span class='ocr_line' id='line_1_20' title="bbox 584 3963 2430 4056; baseline -0.001 -22"><span class='ocrx_word' id='word_1_230' title='bbox 584 3968 757 4037; x_wconf 88' lang='lat' dir='ltr'><strong>hecclesie</strong></span> <span class='ocrx_word' id='word_1_231' title='bbox 781 3967 863 4036; x_wconf 89' lang='lat' dir='ltr'><strong>illut</strong></span> <span class='ocrx_word' id='word_1_232' title='bbox 888 3968 1104 4056; x_wconf 85' lang='lat' dir='ltr'><strong>babendum,</strong></span> <span class='ocrx_word' id='word_1_233' title='bbox 1122 3973 1158 4038; x_wconf 91' lang='lat' dir='ltr'><strong>et</strong></span> <span class='ocrx_word' id='word_1_234' title='bbox 1182 3971 1301 4037; x_wconf 90' lang='lat' dir='ltr'><strong>omnia</strong></span> <span class='ocrx_word' id='word_1_235' title='bbox 1319 3968 1401 4036; x_wconf 90' lang='lat' dir='ltr'><strong>inde</strong></span> <span class='ocrx_word' id='word_1_236' title='bbox 1418 3967 1620 4036; x_wconf 85' lang='lat' dir='ltr'><strong>faciendum</strong></span> <span class='ocrx_word' id='word_1_237' title='bbox 1636 3967 1728 4054; x_wconf 92' lang='lat' dir='ltr'><strong>quod</strong></span> <span class='ocrx_word' id='word_1_238' title='bbox 1745 3965 1907 4036; x_wconf 90' lang='lat' dir='ltr'><strong>voluerit.</strong></span> <span class='ocrx_word' id='word_1_239' title='bbox 1922 3966 2022 4034; x_wconf 90' lang='lat' dir='ltr'><strong>Unde</strong></span> <span class='ocrx_word' id='word_1_240' title='bbox 2037 3964 2154 4053; x_wconf 89' lang='lat' dir='ltr'><strong>recepi</strong></span> <span class='ocrx_word' id='word_1_241' title='bbox 2173 3969 2244 4034; x_wconf 89' lang='lat' dir='ltr'><strong>ate</strong></span> <span class='ocrx_word' id='word_1_242' title='bbox 2261 3963 2430 4035; x_wconf 91' lang='lat' dir='ltr'><strong>iamdicto</strong></span> 
     </span>
     <span class='ocr_line' id='line_1_21' title="bbox 583 4114 2431 4208; baseline -0.004 -17"><span class='ocrx_word' id='word_1_243' title='bbox 583 4124 715 4191; x_wconf 85' lang='lat' dir='ltr'><strong>abbate</strong></span> <span class='ocrx_word' id='word_1_244' title='bbox 740 4119 916 4207; x_wconf 84' lang='lat' dir='ltr'><strong>launegilt</strong></span> <span class='ocrx_word' id='word_1_245' title='bbox 938 4122 1010 4190; x_wconf 90' lang='lat' dir='ltr'><strong>tari</strong></span> <span class='ocrx_word' id='word_1_246' title='bbox 1035 4119 1104 4188; x_wconf 95' lang='lat' dir='ltr'><strong>duo</strong></span> <span class='ocrx_word' id='word_1_247' title='bbox 1127 4120 1167 4188; x_wconf 92' lang='lat' dir='ltr'><strong>in</strong></span> <span class='ocrx_word' id='word_1_248' title='bbox 1197 4140 1318 4190; x_wconf 90' lang='lat' dir='ltr'><strong>omnes</strong></span> <span class='ocrx_word' id='word_1_249' title='bbox 1345 4121 1638 4208; x_wconf 86' lang='lat' dir='ltr'><strong>deliberationes,</strong></span> <span class='ocrx_word' id='word_1_250' title='bbox 1670 4120 1763 4190; x_wconf 89' lang='lat' dir='ltr'><strong>unde</strong></span> <span class='ocrx_word' id='word_1_251' title='bbox 1796 4119 1930 4208; x_wconf 84' lang='lat' dir='ltr'><strong>guadia</strong></span> <span class='ocrx_word' id='word_1_252' title='bbox 1959 4119 2027 4188; x_wconf 94' lang='lat' dir='ltr'><strong>tibi</strong></span> <span class='ocrx_word' id='word_1_253' title='bbox 2058 4117 2139 4188; x_wconf 90' lang='lat' dir='ltr'><strong>dedi</strong></span> <span class='ocrx_word' id='word_1_254' title='bbox 2170 4123 2206 4187; x_wconf 91' lang='lat' dir='ltr'><strong>et</strong></span> <span class='ocrx_word' id='word_1_255' title='bbox 2236 4119 2340 4186; x_wconf 80' lang='lat' dir='ltr'><strong>iuxta</strong></span> <span class='ocrx_word' id='word_1_256' title='bbox 2370 4114 2431 4183; x_wconf 83' lang='lat' dir='ltr'><strong>lex</strong></span> 
     </span>
     <span class='ocr_line' id='line_1_22' title="bbox 582 4268 2429 4360; baseline -0.004 -21"><span class='ocrx_word' id='word_1_257' title='bbox 582 4277 703 4340; x_wconf 90' lang='lat' dir='ltr'><strong>nostre</strong></span> <span class='ocrx_word' id='word_1_258' title='bbox 727 4288 954 4342; x_wconf 90' lang='lat' dir='ltr'><strong>romanorum</strong></span> <span class='ocrx_word' id='word_1_259' title='bbox 978 4291 1034 4341; x_wconf 90' lang='lat' dir='ltr'><strong>me</strong></span> <span class='ocrx_word' id='word_1_260' title='bbox 1058 4273 1170 4360; x_wconf 90' lang='lat' dir='ltr'><strong>ipsam</strong></span> <span class='ocrx_word' id='word_1_261' title='bbox 1193 4270 1450 4360; x_wconf 81' lang='lat' dir='ltr'><strong>quindiniiavi3</strong></span> <span class='ocrx_word' id='word_1_262' title='bbox 1467 4277 1503 4340; x_wconf 88' lang='lat' dir='ltr'><strong>et</strong></span> <span class='ocrx_word' id='word_1_263' title='bbox 1519 4290 1581 4358; x_wconf 89' lang='lat' dir='ltr'><strong>per</strong></span> <span class='ocrx_word' id='word_1_264' title='bbox 1606 4269 1728 4338; x_wconf 91' lang='lat' dir='ltr'><strong>eadem</strong></span> <span class='ocrx_word' id='word_1_265' title='bbox 1752 4269 1886 4358; x_wconf 83' lang='lat' dir='ltr'><strong>guadia</strong></span> <span class='ocrx_word' id='word_1_266' title='bbox 1910 4273 1974 4339; x_wconf 87' lang='lat' dir='ltr'><strong>etc.</strong></span> <span class='ocrx_word' id='word_1_267' title='bbox 1992 4271 2141 4340; x_wconf 78' lang='lat' dir='ltr'><strong>statuta</strong></span> <span class='ocrx_word' id='word_1_268' title='bbox 2156 4269 2292 4336; x_wconf 78' lang='lat' dir='ltr'><strong>mulcta</strong></span> <span class='ocrx_word' id='word_1_269' title='bbox 2313 4268 2429 4355; x_wconf 78' lang='lat' dir='ltr'><strong>cipiu-</strong></span> 
     </span>
     <span class='ocr_line' id='line_1_23' title="bbox 582 4421 2425 4514; baseline -0.001 -21"><span class='ocrx_word' id='word_1_270' title='bbox 582 4430 612 4493; x_wconf 81' lang='lat' dir='ltr'><strong>ta&#39;</strong></span> <span class='ocrx_word' id='word_1_271' title='bbox 628 4429 714 4496; x_wconf 58' lang='lat' dir='ltr'><strong>autri</strong></span> <span class='ocrx_word' id='word_1_272' title='bbox 731 4428 924 4496; x_wconf 80' lang='lat' dir='ltr'><strong>solidorum</strong></span> <span class='ocrx_word' id='word_1_273' title='bbox 946 4429 1334 4498; x_wconf 77' lang='lat' dir='ltr'><strong>constantinianoram.</strong></span> <span class='ocrx_word' id='word_1_274' title='bbox 1360 4430 1404 4496; x_wconf 87' lang='lat' dir='ltr'><strong>Et</strong></span> <span class='ocrx_word' id='word_1_275' title='bbox 1426 4427 1548 4498; x_wconf 89' lang='lat' dir='ltr'><strong>taliter</strong></span> <span class='ocrx_word' id='word_1_276' title='bbox 1572 4428 1729 4500; x_wconf 89' lang='lat' dir='ltr'><strong>scribere</strong></span> <span class='ocrx_word' id='word_1_277' title='bbox 1752 4425 1958 4514; x_wconf 84' lang='lat' dir='ltr'><strong>rogavimus</strong></span> <span class='ocrx_word' id='word_1_278' title='bbox 1981 4431 2016 4498; x_wconf 89' lang='lat' dir='ltr'><strong>te</strong></span> <span class='ocrx_word' id='word_1_279' title='bbox 2033 4425 2227 4496; x_wconf 89' lang='lat' dir='ltr'><strong>roderisius</strong></span> <span class='ocrx_word' id='word_1_280' title='bbox 2250 4421 2425 4508; x_wconf 87' lang='lat' dir='ltr'><strong>notarius,</strong></span> 
     </span>
     <span class='ocr_line' id='line_1_24' title="bbox 581 4583 879 4652; baseline 0.003 -3"><span class='ocrx_word' id='word_1_281' title='bbox 581 4587 702 4650; x_wconf 88' lang='lat' dir='ltr'><strong>actum</strong></span> <span class='ocrx_word' id='word_1_282' title='bbox 726 4583 879 4652; x_wconf 81' lang='lat' dir='ltr'><strong>salerno,</strong></span> 
     </span>
    </p>

    <p class='ocr_par' dir='ltr' id='par_1_9' title="bbox 626 4709 1415 4827">
     <span class='ocr_line' id='line_1_25' title="bbox 626 4709 1415 4827; baseline 0.004 -26"><span class='ocrx_word' id='word_1_283' title='bbox 626 4709 656 4822; x_wconf 89' lang='lat'>†</span> <span class='ocrx_word' id='word_1_284' title='bbox 682 4735 757 4822; x_wconf 85' lang='lat' dir='ltr'><strong>Ego</strong></span> <span class='ocrx_word' id='word_1_285' title='bbox 780 4736 841 4822; x_wconf 91' lang='lat' dir='ltr'><strong>qui</strong></span> <span class='ocrx_word' id='word_1_286' title='bbox 865 4756 973 4824; x_wconf 92' lang='lat' dir='ltr'><strong>supra</strong></span> <span class='ocrx_word' id='word_1_287' title='bbox 997 4737 1281 4827; x_wconf 78' lang='lat' dir='ltr'><strong>regemprandus</strong></span> <span class='ocrx_word' id='word_1_288' title='bbox 1305 4737 1415 4806; x_wconf 86' lang='lat' dir='ltr'><strong>iudex</strong></span> 
     </span>
    </p>

    <p class='ocr_par' dir='ltr' id='par_1_10' title="bbox 628 4859 1119 4977">
     <span class='ocr_line' id='line_1_26' title="bbox 628 4859 1119 4977; baseline 0.002 -23"><span class='ocrx_word' id='word_1_289' title='bbox 628 4859 658 4974; x_wconf 87' lang='lat'><em>†</em></span> <span class='ocrx_word' id='word_1_290' title='bbox 684 4889 759 4976; x_wconf 79' lang='lat' dir='ltr'><strong>Ego</strong></span> <span class='ocrx_word' id='word_1_291' title='bbox 782 4891 844 4976; x_wconf 90' lang='lat' dir='ltr'><strong>qui</strong></span> <span class='ocrx_word' id='word_1_292' title='bbox 867 4909 977 4977; x_wconf 88' lang='lat' dir='ltr'><strong>supra</strong></span> <span class='ocrx_word' id='word_1_293' title='bbox 1001 4889 1119 4960; x_wconf 91' lang='lat' dir='ltr'><strong>lando.</strong></span> 
     </span>
    </p>
   </div>
   <div class='ocr_carea' id='block_1_9' title="bbox 0 0 2672 7095">
    <p class='ocr_par' dir='ltr' id='par_1_11' title="bbox 0 0 2672 7095">
     <span class='ocr_line' id='line_1_27' title="bbox 0 0 2672 7095; baseline 0 0"><span class='ocrx_word' id='word_1_294' title='bbox 0 0 2672 7095; x_wconf 95' lang='lat' dir='ltr'><strong> </strong></span> 
     </span>
    </p>
   </div>
  </div>
 </body>
</html>
