5376 7104
1289 532 1463 604 CODEX
1496 531 1761 606 CAVENSIS

1421 903 1649 987 DCGIV.

1374 1132 1430 1212 A.
1457 1132 1508 1211 D.
1538 1131 1659 1214 1018.

640 1340 676 1480 †
699 1393 739 1458 ln
764 1390 908 1460 nomine
930 1391 1064 1460 domini
1088 1410 1184 1462 anno
1208 1392 1374 1460 bicesimo
1398 1409 1491 1461 nono
1514 1394 1739 1482 principatus
1762 1395 1880 1464 domni
1907 1393 2021 1462 nostri
2044 1391 2253 1480 guaimari,
2276 1395 2312 1459 et
2334 1391 2438 1459 tertio

594 1563 691 1614 anno
714 1545 937 1634 principatus
960 1547 1079 1616 domni
1106 1549 1257 1616 iohanni
1281 1548 1360 1615 eius
1383 1546 1449 1614 filii
1462 1596 1473 1636 ,
1506 1546 1655 1637 gloriosi
1685 1546 1923 1634 principibus,
1948 1564 2068 1615 mense
2091 1543 2310 1631 februarius,
2333 1542 2440 1630 prima

595 1699 802 1768 indictione.
827 1703 1115 1770 Memoratorium
1139 1701 1273 1770 saetua
1296 1718 1352 1768 me
1375 1702 1470 1770 maio
1493 1703 1667 1788 presbiter
1683 1706 1719 1772 et
1734 1703 1844 1772 abbas
1866 1701 2019 1772 ecclesia
2043 1699 2161 1770 saneti
2185 1698 2350 1786 maximi,
2374 1716 2439 1768 una

595 1871 734 1920 mecum
758 1853 899 1922 adesset
922 1853 1116 1922 roderisius
1140 1853 1389 1923 adbocatorem
1413 1858 1576 1922 nostrum
1593 1904 1612 1944 ,,
1627 1875 1669 1924 eo
1693 1855 1785 1943 quod
1809 1859 1893 1924 ante
1922 1853 2112 1940 subscripti
2137 1852 2272 1920 idoneis
2297 1851 2441 1919 homini·

595 2006 662 2073 bus
694 2006 908 2076 tradidimus
940 2007 985 2075 ad
1016 2007 1254 2094 plantandum
1285 2007 1541 2078 abellanietum
1565 2010 1658 2097 petri
1692 2011 1767 2078 filio
1798 2009 1951 2080 maraldi
1975 2009 2021 2078 da
2043 2009 2155 2096 parili
2179 2027 2251 2077 una
2276 2005 2375 2094 pecia
2397 2005 2435 2072 de

593 2165 693 2230 terra
721 2163 837 2230 baoua
864 2161 1084 2249 pertinentes
1111 2162 1267 2249 predicte
1295 2165 1441 2232 ecclesie
1470 2163 1514 2232 de
1542 2162 1657 2232 locum
1684 2128 1874 2252 catenella,
1901 2164 1961 2232 ubi
1978 2163 2102 2250 priatu
2125 2161 2274 2248 dieitur,
2298 2179 2359 2248 per
2381 2161 2442 2229 has

591 2316 681 2384 tlnes
703 2321 739 2386 et
763 2336 962 2388 mensuras:
988 2340 1010 2388 a
1034 2337 1118 2406 pars
1140 2319 1292 2386 orientis
1317 2320 1387 2386 llne
1413 2316 1544 2406 limite,
1572 2317 1654 2386 inde
1679 2318 1773 2404 passi
1800 2319 1956 2405 triginta
1978 2316 2179 2404 quadtuor:
2204 2335 2227 2385 a
2250 2319 2352 2402 parte
2375 2332 2439 2383 me-

593 2469 686 2540 ridie
709 2476 846 2540 rectum
871 2469 1070 2539 mensurati
1095 2470 1191 2558 passi
1217 2471 1411 2558 sexaginta
1435 2489 1522 2542 sex:
1554 2494 1576 2542 a
1599 2477 1702 2561 parte
1725 2473 1920 2542 occidentis
1943 2471 2014 2540 fine
2037 2469 2194 2558 predicte
2217 2467 2386 2556 ecclesie,
2408 2473 2441 2536 et

597 2623 680 2696 inde
715 2625 809 2714 passi
848 2625 1093 2713 quadraginta
1116 2645 1193 2693 sex:
1219 2631 1365 2711 aparte
1401 2625 1666 2714 septemtrionis
1699 2627 1770 2694 tine
1805 2625 1922 2694 media
1955 2643 2062 2711 sepe,
2088 2623 2170 2691 inde
2193 2624 2291 2710 passi
2315 2621 2441 2708 biginti

595 2785 741 2867 septem;
766 2784 802 2849 et
825 2783 871 2848 ab
886 2779 969 2848 inde
993 2780 1196 2849 rebolbente
1223 2781 1260 2846 in
1279 2784 1381 2866 parte
1404 2781 1509 2866 quasi
1535 2779 1685 2847 meridie
1709 2798 1772 2866 per
1795 2778 1913 2848 media
1936 2797 2018 2864 sepe
2041 2777 2125 2847 inde
2148 2776 2245 2864 passi
2269 2777 2389 2846 decem
2410 2781 2443 2846 et

595 2937 687 3021 oete,
712 2937 748 3002 et
771 2937 818 3003 ab
841 2933 924 3002 inde
949 2933 1153 3002 rebolbente
1178 2933 1214 3000 in
1238 2933 1342 3019 parte
1358 2934 1521 3022 orientis,
1545 2937 1638 3003 sicut
1653 2940 1688 3002 et
1704 2935 1787 3002 inde
1812 2934 1928 3002 media
1943 2953 2024 3020 sepe
2049 2933 2220 3002 discernit
2246 2952 2357 3020 usque
2375 2934 2443 3020 ipso

596 3087 729 3174 limite,
761 3086 915 3172 indeque
947 3089 1045 3174 passi
1077 3087 1209 3174 biginti
1243 3091 1343 3172 octo,
1366 3090 1479 3155 toturn
1504 3093 1754 3157 mensuratum
1777 3087 1823 3156 ad
1845 3089 1937 3155 iusto
1962 3106 2103 3174 passum
2138 3087 2348 3172 hominum3
2372 3105 2444 3172 pre·

597 3241 695 3309 dicta
718 3257 802 3307 vero
825 3239 927 3326 pecia
951 3239 994 3308 de
1019 3245 1116 3307 terra
1140 3259 1203 3326 per
1227 3239 1394 3308 iamdicte
1418 3240 1501 3307 finis
1524 3245 1559 3308 et
1583 3243 1761 3310 mensurie
1784 3241 1912 3312 inclita
1934 3241 2093 3329 predicto
2117 3241 2209 3328 petri
2233 3240 2444 3310 tradidimus

599 3396 665 3466 tali
689 3396 828 3483 ordine,
854 3399 895 3463 ut
918 3396 1044 3465 amodo
1066 3401 1102 3464 et
1124 3414 1259 3482 semper
1278 3396 1352 3481 ipse
1370 3399 1492 3483 petrus
1509 3401 1545 3463 et
1563 3397 1649 3464 liliis
1675 3398 1816 3468 filiabus
1840 3399 1914 3465 suis
1938 3402 2041 3466 natos
2064 3401 2251 3466 nascentes
2269 3415 2333 3464 sue
2356 3399 2445 3482 potc-

598 3552 704 3620 statis
729 3549 811 3619 illut
834 3553 982 3620 teneant
1005 3553 1042 3618 et
1065 3549 1261 3635 dominent,
1287 3553 1323 3616 et
1347 3550 1442 3618 iusta
1466 3551 1604 3620 ratione
1628 3570 1691 3619 sue
1716 3552 1888 3620 utilitatis
1912 3552 1980 3620 sibi
2005 3553 2155 3638 saciant,
2180 3557 2216 3621 et
2239 3556 2352 3620 totum
2369 3550 2443 3616 illut

599 3707 788 3790 pastenent
811 3703 1068 3774 abellanietum
1092 3705 1224 3771 bonum
1247 3706 1297 3790 et,
1322 3703 1385 3770 ubi
1410 3703 1608 3787 meruerit,
1634 3721 1695 3770 seu
1720 3723 1782 3790 per
1806 3703 1994 3772 eircoitum
2018 3705 2100 3774 illut
2132 3704 2272 3772 clusum
2296 3707 2445 3790 abeant,

601 3865 637 3928 et
660 3859 705 3926 ad
729 3859 893 3945 completi
916 3857 1101 3925 duodecim
1126 3855 1228 3942 anni,
1254 3860 1293 3923 ut
1316 3856 1440 3924 amodo
1464 3876 1501 3925 se
1524 3858 1736 3946 compleant,
1761 3861 1837 3948 ipse
1861 3865 1996 3948 petrus,
2014 3860 2068 3927 vel
2086 3858 2173 3928 liliis
2198 3860 2342 3928 filiabus
2365 3859 2445 3945 suis,

601 4018 704 4083 natos
729 4016 931 4097 nascentes
957 4011 1149 4098 adsignent
1174 4011 1276 4077 nobis
1301 4008 1356 4076 vel
1380 4008 1426 4076 ad
1449 4029 1534 4095 pars
1557 4011 1650 4079 dicte
1667 4015 1814 4082 ecclesie
1839 4015 1877 4082 in
1902 4013 2073 4081 iamdicta
2097 4014 2200 4100 pecia
2223 4017 2299 4082 tota
2323 4013 2447 4083 abella·

602 4167 737 4236 nictum
763 4169 893 4233 bonum
916 4165 1074 4250 lactum,
1100 4168 1305 4250 operatum,
1330 4167 1366 4230 et
1390 4161 1564 4231 cultatum
1588 4167 1624 4232 et
1647 4170 1812 4252 surtnm,
1836 4166 1928 4233 sicut
1950 4165 1993 4233 de
2017 4169 2137 4234 tantos
2161 4184 2276 4235 annos
2299 4171 2336 4235 et
2359 4166 2447 4233 locus

604 4321 678 4407 ipse
701 4320 884 4406 meruerit,
911 4324 950 4387 ut
975 4321 1064 4387 bene
1089 4317 1222 4404 paread
1247 4317 1446 4386 laboratum
1469 4321 1505 4384 et
1528 4317 1714 4407 cultatem,
1745 4326 1781 4388 et
1812 4317 1887 4387 iarn
1918 4319 2046 4389 abinde
2077 4319 2115 4386 in
2146 4326 2253 4389 antea
2278 4320 2351 4388 illis
2375 4319 2448 4388 illut

605 4474 766 4544 laborent
800 4473 1008 4542 annualiter
1031 4473 1253 4559 perfectum,
1279 4475 1455 4558 quatenus
1482 4472 1655 4562 proficiad
1684 4477 1719 4540 et
1745 4490 1816 4540 non
1844 4472 2053 4560 disperead3
2075 4479 2119 4542 ‚et
2148 4493 2170 4542 a
2197 4492 2267 4559 quo
2295 4473 2448 4544 abellane

607 4628 688 4696 inde
712 4629 924 4714 collexerit,
962 4629 1098 4696 saciant
1134 4626 1299 4715 partibus
1333 4630 1451 4694 nostre
1479 4625 1625 4694 ecclesie
1653 4627 1746 4696 scire
1776 4627 1993 4714 annualiter,
2022 4631 2062 4694 ut
2090 4625 2222 4694 ibidem
2254 4627 2446 4715 dirigamus

611 4784 759 4850 missum
782 4787 958 4869 nostrum,
983 4787 1019 4851 et
1041 4783 1113 4852 illis
1137 4786 1207 4851 tote
1230 4781 1306 4868 ipse
1338 4786 1501 4853 abellane
1533 4784 1742 4872 colligerent
1773 4787 1809 4850 et
1837 4786 2058 4868 seccbarent,
2090 4789 2125 4849 et
2149 4783 2277 4854 inclita
2307 4787 2446 4854 tertiam

611 4925 750 5024 partem
773 4939 818 5006 ad
842 4959 925 5026 pars
949 4940 1116 5008 iamdicte
1140 4943 1290 5010 ecclesie
1314 4943 1397 5009 inde
1420 4944 1561 5028 darent,
1584 4946 1620 5010 et
1643 4941 1859 5010 adducerent
1883 4939 1945 5006 ille
1970 4958 2107 5027 semper
2124 4941 2169 5008 ad
2185 4960 2268 5028 pars
2288 4942 2446 5012 iamdicte

610 5094 756 5170 ecclesie
782 5111 893 5179 usque
917 5093 1116 5180 cellarium,
1141 5095 1234 5180 quod
1258 5097 1405 5162 abemus
1429 5095 1551 5181 ibique
1576 5095 1614 5160 in
1631 5095 1705 5182 ipso
1722 5094 1848 5164 locum:
1867 5093 2032 5161 similiter
2048 5098 2083 5161 et
2101 5095 2197 5180 nuci,
2215 5097 2308 5181 quod
2325 5095 2446 5165 amodo

611 5253 647 5316 et
672 5267 810 5334 semper
835 5248 918 5316 inde
942 5249 1168 5336 collexerint,
1191 5250 1382 5320 medietate
1405 5207 1541 5337 semper
1558 5250 1618 5318 ille
1634 5249 1679 5317 ad
1695 5269 1777 5337 pars
1793 5248 1952 5336 predicte
1968 5253 2087 5315 nostre
2104 5249 2251 5316 ecclesie
2269 5250 2445 5317 adducant

611 5402 656 5469 ad
681 5401 879 5488 predictum
903 5402 1105 5489 cellarium,
1131 5407 1168 5471 et
1192 5403 1377 5473 medietate
1403 5405 1478 5490 ipse
1501 5423 1582 5472 cum
1605 5403 1673 5470 due
1697 5403 1812 5489 partis
1834 5403 1876 5470 de
1901 5401 1975 5488 ipse
2006 5401 2170 5470 abellane
2200 5404 2270 5472 sibi
2303 5406 2443 5486 abeant;

612 5573 716 5640 poma
738 5573 835 5642 rere,
860 5575 928 5642 que
946 5557 994 5624 ibi
1013 5559 1169 5645 abuerit,
1193 5558 1400 5626 annualiter
1420 5555 1491 5624 illis
1508 5573 1568 5625 eas
1586 5555 1668 5624 inde
1685 5555 1867 5642 colligere,
1885 5560 1920 5623 et
1937 5553 2129 5625 medietate
2147 5555 2220 5644 ipse
2237 5559 2340 5628 nobis
2356 5558 2451 5640 dare,

610 5711 649 5774 et
673 5709 863 5780 rrmdietate
886 5711 953 5780 sibi
979 5715 1123 5800 abeant;
1148 5717 1184 5780 et
1208 5712 1250 5779 de
1274 5711 1367 5799 quod
1391 5710 1599 5780 annualiter
1623 5709 1754 5777 ibidem
1779 5708 2053 5796 seminaberint,
2077 5709 2186 5779 deant
2210 5711 2292 5780 inde
2316 5713 2360 5780 ad
2379 5728 2453 5796 pars

615 5859 783 5929 iamdicte
807 5866 927 5931 nostre
951 5865 1098 5933 ecclesie
1124 5863 1335 5934 terraticum
1360 5864 1553 5934 secundum
1578 5863 1871 5932 consuetudinem
1894 5865 1936 5932 de
1953 5863 2026 5951 ipso
2045 5865 2171 5951 locum,
2191 5866 2339 5933 missum
2355 5881 2441 5948 uero,
