5334 7098
946 605 952 646 ·‘
982 597 1399 669 tttlttottn'fflt'tls‘

1109 1001 1260 1079 DCL.

1035 1265 1089 1340 A.
1118 1263 1168 1338 D.
1198 1261 1318 1341 1012.

301 1496 402 1634 †1n
426 1551 568 1619 nomine
592 1552 728 1621 domini
752 1557 865 1621 nostri
896 1554 997 1622 ihesu
1029 1554 1155 1622 christi
1186 1552 1482 1641 quinquagesimo
1513 1552 1620 1620 terlio
1637 1555 1663 1638 ¹)
1693 1572 1788 1622 anno
1822 1554 1963 1640 imperii
1988 1556 2109 1624 domni

252 1705 388 1790 basilii,
413 1709 552 1774 etcum
576 1725 617 1772 eo
641 1711 842 1793 rengnante
858 1708 985 1774 domno
1002 1707 1241 1794 constantine,
1257 1707 1492 1776 sanctissimis
1509 1709 1789 1793 imperatoribus
1816 1708 1963 1795 nostris,
1989 1729 2110 1778 mense

254 1857 448 1943 februario,
474 1856 610 1927 decima
633 1858 842 1927 indictione.
867 1860 1014 1946 Ideoque
1038 1879 1104 1946 ego
1129 1879 1286 1947 mangno
1311 1861 1408 1928 filius
1432 1861 1671 1947 raimelgardi
1696 1861 1820 1928 clerici
1837 1861 1879 1928 de
1897 1860 1972 1927 loco
1998 1865 2113 1930 turris

252 2010 401 2097 furcata,
425 2011 510 2078 dum
534 2012 643 2079 iudei
661 2012 913 2098 omnipotentis
936 2013 1181 2082 misericordia
1196 2020 1230 2082 te
1247 2015 1390 2100 quidem
1407 2015 1526 2100 puella
1551 2013 1697 2080 nomine
1722 2015 1883 2082 maralda
1907 2032 2008 2081 soror
2031 2032 2110 2099 por·

253 2165 311 2232 fidi
336 2168 379 2234 de
403 2166 478 2236 loco
501 2169 623 2254 zapino
648 2167 721 2235 iam
738 2169 774 2235 in
791 2188 867 2237 meo
882 2171 1015 2238 sociabi
1038 2170 1218 2255 coniugiO,
1231 2171 1327 2235 Tunc
1344 2168 1383 2234 in
1399 2168 1471 2236 alia
1487 2167 1544 2235 die
1561 2167 1770 2253 nuptiarum
1795 2171 1999 2236 nostrarum
2017 2173 2105 2238 ante

252 2321 385 2387 amicos
407 2327 443 2388 et
466 2329 633 2407 parentes
658 2329 794 2392 nostros
817 2325 1011 2390 secundum
1028 2324 1121 2388 ritus
1137 2323 1256 2408 gentis
1279 2325 1399 2388 nostre
1417 2320 1733 2406 longobardorum,
1749 2339 1811 2406 per
1831 2322 1927 2388 hunc
1944 2321 2113 2392 bidelicet

253 2472 416 2542 libellum
439 2474 612 2562 scriptum
628 2480 663 2543 et
680 2477 829 2544 testibus
854 2479 1072 2562 roboratum,
1096 2477 1138 2542 do
1160 2475 1275 2560 adque
1301 2475 1401 2543 trado
1425 2475 1492 2542 tibi
1509 2474 1668 2561 predicte
1684 2473 1789 2542 uxori
1808 2475 2030 2562 morgincap,
2047 2479 2112 2543 hoc

253 2632 305 2694 est
328 2634 494 2714 quartam
518 2611 655 2716 partem
672 2651 717 2698 ex
734 2630 898 2697 omnibus
921 2633 1028 2696 rebus
1041 2630 1253 2716 supstantiis
1270 2629 1357 2696 meis
1374 2627 1616 2696 immobilibus
1633 2633 1669 2696 ct
1687 2629 1892 2715 mobilibuS,
1918 2631 2003 2696 Tam
2020 2630 2111 2715 quod

254 2783 354 2850 modo
378 2787 478 2872 aben,
504 2805 610 2871 qnam
635 2787 727 2872 quod
751 2787 875 2853 amodo
892 2787 930 2852 in
947 2791 1053 2854 antea
1077 2803 1206 2871 parare
1230 2789 1337 2869 atque
1362 2783 1575 2870 conquirere
1600 2791 1759 2872 potuero,
1784 2785 2030 2870 undecumque
2056 2784 2111 2851 rol

147 2994 149 2998 .
253 2937 590 3024 quomodocumque,
615 2940 705 3007 ldest
730 2939 834 3024 casis,
860 2939 994 3024 casiliS,
1013 2941 1126 3006 curtis
1148 2943 1183 3006 ot
1200 2938 1346 3024 plateis,
1364 2943 1436 3006 tam
1453 2938 1491 3004 in
1508 2936 1727 3024 cibitatibus,
1752 2955 1859 3023 quam
1882 2943 1917 3006 et
1940 2938 2025 3006 foris
2048 2958 2111 3024 per

254 3088 363 3176 billis,
388 3089 519 3178 uineis,
536 3093 700 3180 vinealiS,
726 3092 937 3179 territoriis,
962 3094 1110 3179 campis
1136 3092 1252 3177 silbis,
1277 3093 1436 3177 pascuiS,
1460 3089 1590 3177 pratis,
1615 3091 1739 3176 acquis
1762 3090 1950 3176 cisternas,
1977 3092 2108 3180 lacera,

255 3239 406 3329 olibetis,
429 3247 465 3311 et
477 3245 604 3312 ceteris
629 3246 816 3313 arboribus
832 3244 1029 3313 fructiferis
1047 3247 1162 3330 adque
1182 3245 1432 3332 infructiferis,
1450 3247 1550 3312 cultu
1566 3247 1622 3314 vel
1640 3245 1829 3332 incultum,
1853 3244 1965 3312 serbis
1988 3248 2025 3312 et
2047 3265 2110 3313 an-

255 3394 364 3480 ciliis,
388 3397 530 3483 peculia
546 3416 704 3484 mangna
727 3403 762 3465 et
784 3400 908 3484 parba,
932 3419 1060 3466 aurum
1086 3405 1121 3467 et
1143 3403 1347 3485 argentum,
1372 3399 1416 3465 de
1441 3399 1561 3466 omnia
1586 3401 1669 3466 bero
1694 3405 1729 3467 et
1753 3399 1791 3464 in
1815 3398 1991 3484 omnibuS,
2017 3398 2109 3466 sicut

254 3547 467 3637 prelegitur,
485 3550 553 3617 tivi
577 3570 645 3636 que
669 3569 778 3636 supra
803 3550 906 3618 uxori
929 3569 1004 3618 mee
1029 3557 1194 3636 quartam
1219 3557 1358 3639 partem
1374 3551 1472 3620 dedit
1489 3552 1604 3636 adque
1630 3551 1791 3638 tradidit,
1817 3552 1855 3618 in
1879 3570 1922 3618 ea
1939 3550 2107 3618 bidelicet

257 3703 449 3789 rationem,
464 3707 503 3770 ut
522 3703 645 3773 amodo
657 3709 693 3772 et
708 3723 846 3790 semper
863 3705 1055 3772 secundum
1072 3707 1242 3792 quomodo
1258 3707 1296 3773 in
1312 3708 1419 3774 edicti
1437 3708 1596 3775 continet
1613 3709 1762 3794 pagina,
1779 3707 1818 3772 in
1835 3711 1897 3774 tua
1913 3724 1981 3790 que
1996 3723 2106 3791 supra

256 3856 356 3923 uxori
374 3875 450 3924 mee
467 3857 514 3925 sit
537 3861 757 3943 potestatem3
781 3861 817 3924 et
841 3875 954 3941 neque
971 3877 993 3926 a
1010 3877 1065 3926 me
1083 3857 1144 3943 qui
1161 3877 1269 3944 supra
1285 3857 1363 3924 biro
1379 3863 1454 3946 tuo,
1470 3877 1585 3945 neque
1610 3861 1655 3926 ab
1678 3858 1843 3926 eredibus
1866 3857 1967 3943 meis,
1994 3875 2108 3946 neque

255 4029 276 4077 a
299 4011 440 4078 nullum
464 4011 666 4098 quempiam
684 4010 863 4078 hominem
887 4011 1085 4097 portionem
1110 4013 1174 4079 aut
1198 3969 1389 4080 sortionem
1412 4014 1520 4080 abeas
1545 4012 1746 4100 aliquando
1768 4016 1926 4099 tempore
1948 4013 2107 4100 aliquam

255 4161 523 4249 requisitionem
539 4170 603 4234 aut
626 4166 941 4234 contradictionem
965 4167 1007 4234 de
1030 4166 1236 4252 supradicta
1259 4183 1339 4233 mea
1354 4163 1584 4252 tradictione,
1603 4167 1658 4232 set
1675 4163 1858 4250 perpetuis
1883 4165 2105 4252 temporibus

253 4316 424 4385 securiter
447 4319 563 4404 adque
586 4320 751 4406 firmiter,
768 4308 862 4388 sicut
884 4322 1096 4407 prelegitur,
1116 4321 1235 4407 tuqui
1255 4339 1361 4406 supra
1389 4341 1480 4388 uxor
1504 4339 1582 4390 mea
1605 4321 1796 4405 possideas
1824 4321 1868 4386 Et
1892 4321 1959 4387 hac
1983 4327 2103 4388 cartu-

255 4469 326 4538 lam
349 4472 557 4559 morgincap
582 4473 620 4540 in
643 4475 848 4561 supradicta
871 4474 1012 4542 ratione
1041 4475 1138 4542 omni
1161 4481 1317 4561 tempore
1340 4474 1445 4543 firma
1467 4479 1503 4543 et
1526 4473 1655 4543 stabile
1678 4476 1901 4557 permaneat.
1928 4472 2041 4547 Quam
2070 4481 2102 4542 te

254 4643 336 4694 urso
348 4623 518 4693 diaconus
534 4629 570 4695 et
585 4629 747 4694 notarius
762 4627 883 4696 taliter
900 4630 1055 4698 scribere
1072 4630 1209 4715 rogavi.
1224 4631 1312 4696 dcto
1328 4647 1448 4698 mense
1463 4633 1499 4698 et
1516 4627 1712 4698 indictione
1728 4628 1914 4699 nominata
1931 4626 2103 4697 feliciter.

297 4751 327 4868 †
352 4782 427 4866 Ego
452 4780 634 4849 teudelfrit
648 4781 821 4866 presbiter

296 4907 327 5023 †
351 4938 426 5024 Ego
449 4957 549 5006 russo
572 4939 723 5007 clericus

298 5061 328 5175 †
354 5092 429 5176 Ego
452 5092 609 5160 radelmo
632 5093 815 5161 diaconus.

253 5345 336 5354 ᾖ..
353 5349 585 5356 -α-η-η---η-
599 5351 613 5356 -
626 5351 651 5356 ..-

293 5529 314 5607 ¹)
335 5527 429 5588 quta
463 5529 709 5608 chronologiam
733 5547 928 5609 graecorum
962 5531 1202 5610 Imperatorum
1226 5549 1243 5592 n
1266 5530 1305 5591 Di
1328 5531 1399 5592 Meo
1424 5531 1609 5590 institutam
1633 5530 1750 5590 Basilii
1774 5529 1851 5589 anni
1876 5527 2103 5592 diversimode

253 5681 483 5755 supputantur,
502 5676 547 5737 ita
563 5682 600 5739 ut
615 5675 704 5737 idem
728 5694 834 5736 annirs
849 5676 940 5746 tots,
959 5694 1022 5754 quo
1038 5675 1168 5738 decima
1184 5675 1385 5740 decurrebat
1402 5677 1551 5751 indictio,
1569 5677 1864 5756 quinquagesimus
1889 5677 2021 5750 tertiuS,
2046 5678 2099 5741 vel

253 5821 385 5895 quintus
403 5822 476 5882 eius
501 5823 634 5902 imperii
659 5831 741 5883 erat.
759 5825 884 5904 Deque
908 5823 1152 5904 supputationis
1176 5823 1370 5885 diversitate
1387 5825 1507 5883 adsunt
1522 5823 1692 5902 praedicta
1708 5823 1875 5884 Cavensia
1889 5823 2100 5888 documenta.
