5318 7102
632 574 678 642 lo
1333 576 1697 652 uaplrutaula

632 794 734 868 beant
761 795 912 894 recipere
940 800 975 870 in
1002 797 1241 886 bassallatico,
1271 801 1347 872 sine
1382 800 1530 874 comiato
1558 803 1687 876 seniori
1714 829 1798 888 suo,
1831 805 2022 896 Antequam
2050 801 2137 872 sciat
2163 800 2352 885 veraciter,
2379 822 2434 894 pro

626 978 693 1048 qua
720 980 822 1029 causa
848 965 907 1028 aut
932 958 1032 1053 culpa
1058 983 1160 1030 suum
1188 961 1344 1033 seniores
1371 961 1527 1048 dimisit,
1560 971 1593 1036 et
1619 963 1678 1034 ille
1704 964 1807 1036 horno
1834 962 1892 1058 qui
1919 985 2000 1032 eum
2027 961 2180 1055 recipere
2206 959 2373 1042 volucrit,
2400 969 2431 1030 et

626 1115 699 1210 ipse
725 1140 843 1188 secum
870 1117 1050 1205 habuerit,
1079 1117 1200 1191 debeat
1227 1143 1306 1191 eum
1333 1123 1368 1191 in
1396 1123 1568 1217 presentia
1596 1127 1816 1218 presentare,
1849 1133 1908 1197 aut
1936 1125 2036 1218 ipse,
2065 1121 2132 1192 dut
2158 1119 2304 1193 missum
2331 1143 2432 1192 suum

625 1276 717 1349 lnlra
742 1298 787 1350 xn
814 1289 945 1366 nocteS,
974 1305 1077 1373 quam
1105 1281 1177 1376 ipse
1207 1281 1308 1355 horno
1335 1284 1377 1354 ad
1404 1239 1483 1354 eum
1511 1284 1657 1370 uenerit,
1686 1283 1716 1354 si
1735 1307 1798 1356 nos
1818 1285 1907 1354 iulra
1933 1283 2027 1355 italia
2054 1304 2189 1354 sumus.
2218 1280 2316 1353 Etsi
2345 1280 2432 1354 intra

626 1438 722 1512 italia
748 1464 817 1512 non
844 1442 1035 1528 fuerimus,
1062 1449 1146 1514 tuno
1174 1451 1354 1539 postquam
1381 1467 1443 1515 nos
1471 1443 1505 1514 in
1532 1445 1588 1514 dei
1615 1444 1755 1517 nomine
1782 1445 1953 1516 fuerimus
1979 1443 2124 1528 reversi,
2154 1440 2317 1514 similiter
2345 1441 2434 1514 intra

624 1623 670 1673 xc
696 1611 816 1674 noctes
843 1627 922 1674 eum
948 1603 983 1672 in
1011 1613 1127 1676 nostra
1154 1605 1327 1699 presentia
1353 1603 1476 1676 debeat
1503 1613 1716 1699 presentare,
1746 1603 1837 1676 sieut
1862 1627 1964 1697 supra
1990 1602 2154 1688 diximus,
2183 1604 2302 1695 etqui
2330 1625 2434 1697 super

627 1761 693 1834 hoc
720 1765 833 1833 facere
859 1763 1091 1858 temptaverit,
1121 1772 1155 1834 et
1181 1763 1249 1835 iam
1276 1788 1345 1836 uon
1372 1763 1611 1860 compleverit,
1641 1764 1765 1835 exinde
1791 1763 1943 1834 bannum
1970 1769 2127 1833 nostrum
2155 1761 2196 1833 ad
2222 1771 2355 1856 partem
2375 1788 2434 1834 no-

628 1933 736 1996 stram
763 1931 946 2018 componat
974 1926 1010 2018 ¹).

579 2079 684 2152 Stetit
710 2080 808 2152 nobis
835 2083 876 2153 de
903 2081 1102 2157 hominibus
1129 2082 1308 2172 libellariis
1333 2079 1386 2179 ²),
1417 2091 1453 2154 ut
1479 2083 1597 2154 nullus
1623 2104 1769 2168 comes,
1798 2104 1863 2152 nec
1891 2081 2046 2154 iuniores
2072 2077 2096 2177 ³)
2131 2105 2253 2154 eorum
2279 2106 2339 2155 cos
2366 2108 2437 2154 am-

628 2243 720 2336 plius
754 2207 838 2314 non·
860 2245 1092 2340 distringant,
1129 2267 1193 2316 nec
1221 2245 1439 2338 inquietent,
1469 2245 1536 2315 nisi
1565 2245 1655 2314 sicut
1681 2267 1699 2314 a
1724 2252 1879 2338 tempore
1906 2242 2195 2338 langobardorum
2223 2267 2344 2316 eorum
2371 2244 2437 2316 luit

630 2412 837 2476 consuetuto
864 2401 900 2498 ⁴).

579 2561 716 2633 Placuit
742 2561 841 2633 nobis
868 2564 909 2632 de
937 2561 1115 2634 aecclesiis
1142 2561 1355 2656 baptismalis
1382 2561 1428 2634 ita
1455 2561 1581 2633 debent
1608 2585 1683 2633 esse
1722 2563 1877 2634 ordinate
1912 2571 1945 2633 et
1985 2575 2217 2649 conservate,
2259 2568 2433 2659 quomodo

624 2723 774 2793 domnus
801 2722 941 2793 karolus
969 2721 1189 2792 demandauit
1214 2725 1240 2816 ὅ)
1266 2729 1300 2791 et
1327 2722 1361 2790 iu
1389 2745 1452 2792 suo
1479 2722 1666 2817 capitulare
1695 2723 1862 2796 continet.

578 2881 619 2952 Et
644 2881 710 2953 hoc
738 2885 936 2968 statuimus,
966 2891 1004 2954 ut
1030 2882 1247 2952 immunitate
1276 2881 1317 2952 ad
1337 2881 1499 2953 iamdicto
1518 2885 1658 2956 domino
1677 2895 1796 2959 nostro
1814 2886 1947 2959 firmata
1965 2889 1999 2956 in
2020 2887 2119 2960 nobis
2138 2897 2343 2960 conservata
2360 2912 2435 2962 esse

628 3043 786 3129 debeant,
816 3045 907 3114 sicut
932 3050 985 3113 est
1012 3043 1119 3114 iussio
1146 3042 1277 3113 domini
1304 3044 1414 3114 nostri
1442 3042 1551 3115 karoli
1580 3045 1652 3138 regi
1670 3029 1708 3140 6).

580 3202 939 3288 Considerarimus,ut
966 3205 1059 3286 rias,
1093 3211 1127 3274 et
1153 3213 1306 3296 portoras
1334 3207 1356 3296 ⁷)
1385 3210 1418 3272 et
1445 3211 1567 3297 pontes
1602 3203 1690 3274 infra
1717 3228 1862 3298 reguum
1890 3215 2048 3278 nostrum
2084 3208 2117 3278 in
2150 3207 2248 3278 nobis
2275 3209 2434 3280 emenda-

622 3861 645 3950 ¹)
669 3873 838 3934 Concordo
860 3879 978 3951 questa
1002 3871 1096 3950 legge
1122 3871 1172 3932 col
1195 3873 1235 3933 N.
1259 3872 1371 3932 XLVII
1394 3871 1448 3933 del
1471 3873 1641 3944 lluratori,
1660 3873 1682 3932 il
1706 3872 1803 3951 quale
1829 3877 1960 3932 avverte
1986 3871 2076 3932 nella
2098 3871 2182 3932 Nota
2197 3871 2247 3953 62)
2263 3890 2337 3951 pag.
2362 3874 2432 3944 124,

579 4019 641 4081 che
667 4041 681 4076 u
706 4021 793 4078 inter
815 4019 919 4080 editos
943 4019 1205 4098 Lonqobardicus
1228 4019 1308 4099 lepos
1331 4021 1409 4079 leuec
1431 4020 1567 4078 rniuime
1590 4018 1740 4078 occurrit.
1775 4018 1858 4077 Eam
1880 4017 2009 4077 exultet
2034 4014 2110 4077 Cod.
2138 4015 2231 4078 Goth.
2256 4016 2377 4080 Mutine.
2402 4027 2432 4080 ct

579 4189 594 4224 u
620 4165 783 4227 Bolutius.
809 4167 908 4227 Nemo
931 4173 1038 4228 autem
1059 4175 1162 4247 nepot,
1188 4170 1269 4246 quin
1292 4165 1505 4246 odjunqenda
1526 4167 1568 4225 sit
1589 4165 1856 4245 Lanqobordicis:
1880 4171 2035 4242 conceptu
2057 4167 2145 4226 enlm
2166 4166 2231 4244 suit
2247 4186 2313 4246 pro
2335 4169 2433 4228 homi-

580 4333 595 4368 «
619 4313 715 4372 uibus
738 4315 833 4391 infra
854 4313 988 4374 Italiam
1011 4315 1163 4376 Seniores
1186 4313 1424 4374 dimittentibus
1428 4359 1599 4373 .......
1625 4312 1737 4372 Adhuc
1759 4312 1796 4369 in
1817 4329 1880 4371 usu
1903 4315 1949 4370 est
1970 4310 2060 4387 opud
2081 4329 2138 4370 noo
2160 4329 2223 4372 voe
2245 4313 2432 4374 commiato.

619 4459 642 4538 ²)
665 4457 705 4522 de
727 4459 910 4524 homiuibus
937 4459 1125 4524 libellariis.
1149 4461 1174 4520 Il
1203 4459 1275 4521 Mur
1302 4461 1362 4520 ha:
1397 4459 1437 4522 de
1470 4457 1616 4523 omnibus
1645 4455 1842 4529 libellariis;
1868 4456 1891 4515 il
1915 4453 1992 4516 Cod.
2024 4456 2137 4516 Esten.
2168 4458 2318 4537 peraltro
2343 4459 2382 4520 ed
2406 4461 2428 4521 il

579 4606 714 4667 Baluzio
739 4607 848 4667 hanno
872 4608 939 4667 essi
964 4626 1058 4686 pure:
1083 4605 1124 4668 de
1146 4604 1331 4672 hominibus
1353 4604 1543 4668 libellariis¹

619 4749 642 4827 ³)
664 4753 748 4832 Erqo
771 4759 801 4813 et
820 4751 1005 4829 junioribus
1028 4753 1097 4812 hele
1119 4753 1299 4812 nornz'natis
1315 4751 1429 4828 aliqua
1438 4749 1627 4826 jurisde'ctio
1642 4755 1742 4830 fuisse
1758 4753 1899 4824 videtur,
1918 4759 2013 4831 atque
2030 4752 2108 4814 odeo
2124 4753 2279 4813 censendi
2296 4755 2321 4813 ii
2336 4755 2434 4832 fuisse

580 4923 596 4960 u
621 4901 867 4972 Ministerr'clcs,
892 4919 947 4959 seu
969 4899 1097 4960 Iudices
1120 4899 1177 4959 sub
1199 4899 1270 4975 ipso
1296 4895 1419 4957 Cornite
1437 4899 1552 4976 positi.
1576 4899 1670 4978 (Mur.
1695 4901 1778 4959 Nota
1799 4899 1850 4978 31)
1871 4916 1945 4978 pag.
1970 4899 2052 4978 121).

621 5052 644 5130 ⁸)
667 5051 790 5123 Queste
812 5049 908 5124 legge
933 5047 1096 5108 concorda
1120 5046 1168 5107 col
1193 5047 1232 5107 N.
1258 5045 1345 5107 XVII
1368 5044 1421 5106 del
1445 5044 1614 5115 lluratori,
1634 5044 1657 5104 il
1680 5044 1776 5123 quale
1801 5045 1836 5104 in
1859 5045 1924 5106 fine
1948 5045 2002 5105 ha:
2026 5045 2149 5110 slouta
2165 5045 2260 5127 lonqo
2282 5053 2429 5128 temporo

576 5195 644 5259 tuit
666 5194 865 5260 consuetudo
889 5213 906 5254 e
931 5213 995 5253 non
1018 5191 1105 5256 sicut
1126 5209 1145 5255 a
1166 5195 1315 5271 tempore
1337 5191 1613 5270 langubardorum
1635 5207 1748 5256 eorum
1768 5189 1836 5254 tuit
1857 5192 2070 5265 cousuetudo,
2095 5211 2187 5254 come
2211 5193 2240 5253 si
2256 5193 2353 5272 legge
2377 5193 2428 5256 nel

577 5349 690 5404 nostro
714 5340 848 5403 Codice.

617 5487 643 5570 ⁸)
664 5487 748 5550 Mur.
772 5487 886 5558 XVIII,
901 5487 923 5547 il
940 5486 1037 5564 quale
1054 5485 1096 5546 ha
1111 5482 1351 5549 commendavit
1365 5503 1429 5544 non
1445 5481 1665 5556 demandavit,
1683 5501 1774 5544 come
1792 5482 1815 5542 il
1830 5482 2010 5546 Modenese
2027 5485 2068 5545 ed
2085 5485 2108 5546 il
2126 5493 2237 5547 nostro
2253 5487 2330 5550 Cod.
2355 5490 2432 5551 car.

621 5635 645 5716 ο)
667 5637 751 5698 Mur.
774 5635 859 5696 XIX.

618 5781 642 5863 ²)
665 5807 679 5842 u
704 5781 845 5846 Portura
875 5781 1018 5842 secundo
1039 5779 1142 5842 vocali
1172 5778 1269 5849 breui,
1302 5797 1358 5838 scu
1378 5785 1416 5837 ut
1436 5777 1575 5838 scribere
1606 5779 1761 5851 solebant,
1785 5779 1942 5854 Portora,
1978 5777 2066 5841 idem
2087 5790 2132 5843 eet
2155 5801 2193 5844 oc
2216 5789 2344 5864 portua,
2369 5785 2432 5844 siue

574 5929 728 6010 publicae
750 5949 848 5990 naves
872 5931 1042 5990 iustitutue
1066 5926 1110 5989 ud
1131 5925 1381 5988 transvehendos
1403 5923 1545 5986 uiatores
1565 5924 1654 5988 ultro
1675 5925 1825 6003 {tumtum
1850 5927 1943 6005 (Mur.
1969 5927 2052 5988 Nota
2075 5927 2126 6008 35)
2147 5945 2220 6008 paq.
2246 5929 2327 6009 121).
