5376 7104
613 549 683 620 aso
1263 544 1435 616 conss
1470 505 1729 632 crunnus

565 771 713 858 ordine,
739 774 779 839 ut
806 771 930 840 amodo
953 773 990 840 et
1016 790 1127 858 usque
1151 769 1283 858 biginti
1303 743 1485 857 *quadtuor
1513 769 1602 840 anni
1631 770 1797 858 completi
1824 769 1938 838 licead
1967 767 2040 835 illis
2067 773 2104 838 et
2126 767 2378 837 suiseredibus
2393 775 2427 838 et

573 922 725 1010 omines,
741 941 846 1009 quem
871 923 1002 990 ibidem
1026 922 1204 1008 miserint,
1229 922 1436 1010 supradicta
1460 927 1584 992 nostra
1606 922 1820 992 tradictione
1843 941 1906 990 sue
1929 921 2116 1009 potestatis
2131 925 2253 991 tenere
2268 925 2303 990 et
2318 921 2426 990 domi·

569 1093 673 1163 nare,
702 1080 738 1145 et
767 1075 900 1146 ibidem
924 1079 1081 1147 residere
1106 1081 1141 1146 et
1166 1077 1329 1164 abitare,
1355 1080 1391 1145 et
1415 1079 1530 1146 omnis
1553 1095 1619 1146 sua
1643 1075 1802 1145 utilitate
1826 1075 1922 1144 iusta
1946 1075 2122 1144 rationem
2145 1073 2277 1142 ibidem
2301 1075 2426 1160 lacere3

571 1229 616 1298 ad
641 1229 806 1316 completi
838 1229 906 1316 ipsi
931 1229 1062 1318 biginti
1087 1231 1263 1317 quadtuor
1286 1229 1374 1298 anni
1398 1229 1513 1297 licead
1538 1228 1613 1298 illis
1637 1233 1673 1297 et
1696 1227 1770 1296 suis
1794 1227 1960 1297 eredibus
1984 1231 2060 1298 tota
2084 1229 2162 1316 ipsa
2186 1247 2271 1298 casa
2301 1230 2429 1301 exinde

573 1387 794 1473 disturbare,
829 1391 864 1454 et
894 1389 1062 1455 excutere
1086 1383 1216 1452 exinde
1239 1387 1314 1451 tota
1338 1381 1416 1470 ipsa
1441 1383 1669 1471 lingnamina
1693 1387 1729 1452 et
1751 1383 1868 1452 omnis
1892 1401 1957 1452 sua
1979 1382 2147 1470 mobilia,
2171 1401 2277 1468 quem
2300 1381 2429 1450 ibidem

572 1543 739 1630 abuerit,
763 1546 800 1610 et
824 1538 1074 1628 portareillut
1098 1536 1160 1605 ubi
1183 1535 1375 1622 bolnerint,
1399 1541 1434 1604 et
1457 1536 1586 1607 inclita
1610 1538 1687 1626 ipsa
1711 1543 1810 1608 terra
1834 1541 1950 1608 bacua
1973 1558 2038 1626 per
2064 1537 2270 1624 supradicte
2294 1536 2377 1604 finis
2397 1547 2430 1605 et

578 1697 764 1766 mensurie
783 1695 965 1765 remittere
990 1694 1034 1762 ad
1057 1693 1232 1779 potestate
1257 1691 1370 1778 ipsius
1393 1689 1553 1778 ecclesie,
1569 1695 1605 1760 et
1620 1695 1796 1761 steterunt
1822 1691 1893 1760 illis
1916 1693 1959 1760 de
1975 1693 2053 1778 ipsa
2068 1695 2167 1760 terra
2183 1691 2269 1760 dare
2286 1709 2429 1760 censum

575 1873 639 1940 per
657 1854 772 1922 omnis
787 1872 923 1922 annum
948 1869 1060 1938 usque
1083 1849 1254 1936 completo
1279 1849 1354 1935 ipso
1378 1850 1574 1918 eonstitutu
1590 1849 1674 1916 dum
1697 1849 1736 1916 in
1752 1867 1835 1936 pars
1852 1848 1965 1935 ipsius
1989 1848 2137 1916 ecclesie
2164 1848 2232 1916 due
2256 1849 2375 1936 partis
2391 1849 2431 1917 de

575 2008 662 2093 tari,
679 2007 722 2074 de
738 2006 845 2092 quale
869 2008 1015 2074 moneta
1038 2003 1241 2089 andaberit,
1265 2005 1358 2070 sicut
1380 2002 1455 2088 ipse
1471 2019 1575 2068 ursus
1598 2019 1679 2068 cum
1702 2001 1861 2089 predicto
1877 2001 2050 2070 iohannes
2066 1999 2140 2068 filio
2156 2018 2219 2068 suo
2235 2006 2272 2070 et
2290 2000 2431 2070 illorum

577 2161 799 2246 eredes-ipso
823 2177 968 2229 censum
993 2158 1100 2226 deant
1124 2155 1363 2243 medietatem,
1387 2159 1423 2222 et
1447 2155 1522 2242 ipse
1545 2172 1774 2224 rossemanno
1800 2157 1836 2222 et
1867 2173 1948 2222 suos
1976 2155 2097 2224 eredes
2120 2155 2352 2224 medietatem
2365 2175 2375 2242 ;
2399 2159 2431 2222 et

578 2333 642 2402 per
671 2317 764 2383 bona
787 2311 1050 2381 combenientia
1074 2309 1207 2398 guadia
1232 2309 1334 2376 nobis
1357 2308 1426 2394 ipsi
1450 2311 1552 2395 pater
1576 2309 1612 2374 et
1636 2306 1702 2375 dlii
1726 2307 1922 2393 dederunt,
1946 2311 1983 2376 et
2006 2307 2221 2377 mediatores
2245 2309 2352 2376 nobis
2374 2327 2430 2395 po-

580 2474 733 2540 suerunt
749 2489 787 2540 se
804 2467 950 2556 ipsis3et
965 2485 1029 2554 per
1046 2466 1123 2553 ipsa
1138 2465 1273 2552 guadio
1288 2468 1352 2532 ete.
1373 2465 1521 2532 Statuta
1536 2467 1671 2532 moleto
1686 2466 1818 2552 viginti
1834 2466 2030 2532 solidorum
2044 2469 2432 2536 constantiniensium.

578 2629 616 2695 et
642 2627 739 2693 hunc
762 2625 906 2693 brebem
929 2620 1056 2708 scripsi
1080 2636 1146 2706 ego
1170 2618 1330 2686 ademari
1355 2618 1517 2686 notarius
1540 2617 1601 2704 qui
1628 2619 1789 2688 interlui.

625 2753 656 2870 †
683 2782 758 2868 Ego
782 2777 938 2848 arechisi
964 2777 1128 2843 notarius
1153 2790 1208 2839 me
1231 2772 1425 2856 subscripsi

626 2909 658 3024 †
683 2939 758 3023 Ego
781 2933 968 3002 dauferius
992 2931 1155 2999 notarius
1179 2947 1234 2996 me
1259 2927 1470 3012 subscripsi.

1285 3185 1761 3194 ——--—-—-—-.

1397 3515 1621 3598 DCCVI.

1364 3774 1418 3852 Α.
1447 3775 1497 3851 D.
1526 3774 1646 3856 1018.

629 3975 666 4116 †
691 4028 730 4093 In
754 4030 898 4110 nomine
922 4029 1057 4098 domini
1081 4031 1261 4100 tricesimo
1283 4050 1378 4100 anno
1402 4033 1627 4122 principatus
1649 4035 1769 4104 domni
1794 4037 1907 4106 nostri
1923 4036 2194 4125 Guaimarii,‚et
2211 4040 2322 4108 tertio
2346 4057 2435 4108 anno

588 4182 816 4270 principatus
839 4184 961 4253 domni
984 4187 1133 4256 iohanni
1157 4186 1234 4255 eius
1258 4187 1338 4274 filii,
1354 4187 1498 4276 gloriosi
1513 4189 1748 4278 principibus,
1764 4209 1885 4260 mense
1901 4194 2063 4279 martius,
2080 4193 2197 4280 prima
2222 4195 2429 4264 indictione.

585 4338 876 4406 Memoratorium
910 4340 1009 4408 iactu
1032 4340 1179 4409 anobis
1212 4341 1430 4428 grimoaldus
1454 4343 1549 4412 filius
1572 4346 1702 4414 stefani
1734 4347 1875 4414 comitis
1904 4351 1941 4415 et
1972 4347 2145 4416 iohannes
2176 4347 2273 4415 filius
2305 4346 2428 4418 stefani

585 4492 774 4581 calbenno,
809 4494 870 4580 qui
894 4513 1018 4562 sumus
1042 4495 1221 4564 abitantes
1244 4497 1287 4564 de
1310 4498 1425 4564 locum
1448 4515 1562 4586 angre
1585 4503 1705 4567 actum
1727 4499 1888 4588 nucerie,
1920 4503 1969 4566 Eo
2000 4501 2093 4587 quod
2122 4505 2206 4570 ante
2239 4499 2429 4588 subscripti

587 4646 725 4716 idoneis
748 4649 953 4717 hominibus
978 4649 1125 4719 tradidit
1148 4651 1252 4718 nobis
1275 4651 1369 4719 maio
1392 4653 1506 4721 abbas
1530 4651 1700 4720 aecclesie
1725 4654 1841 4722 sancti
1870 4654 2038 4740 maximi,
2063 4673 2136 4724 una
2158 4673 2239 4723 cum
2253 4675 2338 4724 eum
2353 4660 2435 4725 esset

588 4801 787 4870 roderirius
811 4801 1058 4871 advocatorem
1082 4803 1171 4889 eius,
1196 4802 1322 4872 inclita
1345 4804 1534 4872 medietate
1557 4805 1599 4873 de
1623 4811 1725 4875 curte
1748 4808 1841 4894 quod
1864 4827 1950 4895 pars
1967 4809 2080 4895 ipsius
2103 4809 2250 4879 ecclesie
2268 4812 2379 4880 habet
2395 4809 2429 4877 in

590 4953 668 5041 ipso
691 4953 807 5023 locum
831 4976 959 5044 angre,
983 4957 1042 5026 ubi
1068 4960 1212 5046 proprio
1235 4959 1450 5029 casamavile
1473 4935 1620 5046 dicitur,
1644 4961 1706 5047 qui
1731 4966 1786 5029 est
1810 4963 1912 5030 terra
1945 4981 2026 5030 curn
2057 4963 2218 5032 arbustis
2252 4965 2376 5033 vitatis
2403 4967 2434 5032 et

589 5113 743 5179 bacuum
767 5131 838 5181 uno
860 5114 1055 5182 lenientem
1078 5115 1175 5183 inira
1198 5135 1239 5185 as
1262 5117 1350 5183 fines
1373 5120 1409 5184 et
1433 5133 1628 5184 mensuras:
1648 5119 1677 5182 A
1694 5133 1779 5202 pars
1797 5116 1948 5184 orientis
1964 5119 2034 5185 flue
2052 5115 2164 5204 ipsius
2180 5120 2329 5188 ecclesie
2346 5118 2434 5187 unde

588 5265 648 5333 via
671 5265 753 5354 suit,
778 5263 861 5335 inde
885 5267 982 5354 passi
1006 5271 1147 5336 centum
1170 5269 1368 5356 nonaginta
1391 5269 1566 5355 quadtuor
1588 5288 1699 5356 usque
1723 5270 1797 5357 bia,
1816 5289 1885 5357 que
1902 5271 2002 5338 modo
2025 5287 2062 5339 se
2080 5272 2212 5359 andad;
2229 5276 2265 5342 et
2281 5292 2345 5360 per
2363 5273 2433 5360 ipsa

589 5419 650 5488 bia
665 5419 844 5491 abientem
869 5423 909 5490 in
931 5441 1016 5511 pars
1040 5423 1187 5492 meridie
1212 5443 1324 5511 usque
1346 5423 1421 5494 alia
1436 5422 1496 5492 via
1511 5421 1655 5511 publica
1679 5423 1829 5512 maiore,
1858 5428 1943 5494 sunt
1965 5425 2048 5494 inde
2075 5427 2172 5514 passi
2196 5425 2434 5514 quadraginta

590 5577 760 5663 quinque:
786 5579 817 5644 A
841 5583 943 5666 parte
966 5579 1115 5648 meridie
1139 5579 1210 5646 dne
1233 5577 1294 5647 bia
1317 5578 1395 5665 ipsa
1416 5575 1560 5665 publica
1588 5577 1725 5648 maiore
1757 5596 1825 5664 que
1854 5577 1985 5647 dicitur
2015 5579 2195 5666 stabiano,
2231 5586 2318 5650 sunt
2352 5579 2431 5650 inde

590 5733 689 5819 passi
713 5739 855 5803 centum
872 5733 1177 5820 quadtuordeoirn:
1195 5735 1225 5799 A
1247 5735 1352 5818 parte
1368 5729 1561 5800 occidentis
1576 5736 1712 5801 rectum
1730 5735 1927 5802 mensurati
1946 5733 2042 5820 passi
2062 5733 2298 5822 septuaginta
2315 5751 2432 5819 unum3

589 5887 627 5951 et
651 5884 780 5954 abinde
802 5885 1006 5955 revolbente
1023 5887 1062 5954 in
1080 5887 1159 5973 ipsa
1182 5904 1267 5972 pars
1289 5883 1483 5955 occidentis
1507 5891 1643 5956 rectum
1661 5885 1807 5954 exiente
1824 5904 1935 5974 usque
1954 5889 1993 5955 in
2010 5889 2083 5958 dne
2098 5889 2141 5957 de
2158 5889 2306 5960 heredes
2322 5884 2432 5956 domni
