5376 7094
617 542 664 612 20
1264 535 1437 609 CODEX
1469 532 1733 606 GAVENSIS

570 766 702 835 exinde
726 768 773 836 ad
797 769 890 836 bona
913 764 1177 835 combenientia
1199 761 1282 831 illut
1303 751 1534 829 dibidendum
1557 756 1652 825 inter
1675 774 1740 824 nos
1764 756 1802 823 in
1825 754 1973 825 tertiam
1996 759 2135 843 partem
2161 808 2169 823 .
2198 807 2206 822 .
2234 808 2241 823 .
2269 809 2277 824 .
2303 754 2425 826 statim

572 920 649 984 tota
673 917 919 1005 suprascripta
941 918 1047 984 rebus
1069 913 1113 981 de
1136 912 1295 999 predicto
1311 911 1424 979 locum
1442 909 1578 997 fellino,
1603 909 1758 994 qualiter
1773 909 1937 997 superius
1952 907 2035 976 finis
2050 908 2163 996 posite
2179 911 2313 977 suntet
2327 924 2424 976 men-

572 1068 673 1136 suria
699 1069 777 1155 ipsa
800 1031 994 1155 percurrit,
1018 1071 1132 1136 totum
1155 1071 1191 1134 et
1214 1063 1380 1132 inclitum
1402 1062 1485 1130 illut
1510 1059 1548 1126 in
1571 1060 1717 1129 tertiam
1733 1063 1836 1146 parte
1853 1058 1935 1126 illut
1949 1077 2014 1126 nos
2028 1058 2223 1127 dibidimus
2238 1059 2283 1126 ad
2298 1058 2424 1145 equale

572 1217 774 1287 mensoria:
804 1217 880 1305 ipse
904 1222 1046 1287 amatus
1069 1221 1106 1286 et
1129 1216 1309 1303 predictus
1334 1214 1508 1282 iohannes
1533 1213 1873 1298 comprehensorunt
1895 1208 2026 1278 exinde
2053 1210 2091 1276 in
2108 1214 2201 1278 sorte
2217 1209 2340 1278 inclite
2355 1211 2423 1279 due

569 1369 675 1436 sortis
699 1369 869 1456 adunate,
892 1374 1014 1438 tamen
1039 1369 1114 1456 ipse
1139 1367 1315 1437 iohannes
1337 1366 1414 1434 uice
1438 1383 1504 1434 sua
1527 1368 1563 1432 et
1585 1361 1742 1449 predicte
1766 1361 1908 1428 sellecte
1924 1360 2029 1428 uxori
2046 1379 2122 1448 sue,
2139 1365 2175 1428 et
2189 1360 2293 1428 nobis
2309 1363 2422 1430 nomi-

571 1517 668 1587 natis
679 1518 866 1606 germanis
878 1477 1106 1589 tradiderunt
1131 1519 1169 1584 in
1194 1522 1287 1586 sorte
1311 1516 1480 1602 incapite
1496 1516 1539 1583 de
1555 1513 1800 1601 suprascripta
1811 1513 2025 1583 tradictione
2039 1513 2165 1583 inclita
2180 1514 2327 1583 tertiam
2340 1535 2421 1601 par-

571 1677 643 1740 tem
665 1691 745 1738 cum
768 1671 847 1739 bice
869 1671 912 1738 de
937 1671 998 1740 bia
1021 1689 1100 1756 sua,
1125 1670 1171 1738 ad
1195 1669 1368 1737 securiter
1391 1675 1427 1736 et
1450 1667 1602 1735 firmiter
1625 1668 1750 1735 amodo
1774 1673 1810 1736 et
1826 1687 1964 1754 semper
1980 1685 2043 1735 nos
2060 1668 2238 1736 nominati
2255 1669 2421 1754 germani

569 1841 677 1907 quam
702 1826 737 1890 et
759 1823 893 1890 nostris
915 1821 1104 1889 heredibus
1126 1820 1169 1888 de
1193 1819 1272 1906 ipsa
1295 1823 1418 1888 nostra
1442 1819 1600 1890 sortione
1623 1821 1666 1888 de
1689 1823 1851 1908 predicta
1875 1824 1982 1888 rebus
2007 1821 2211 1906 abendam,
2235 1821 2422 1890 dominan-

567 1975 664 2060 dum,
688 1973 938 2061 possidendum
962 1979 999 2044 et
1020 1972 1141 2041 omnia
1164 1971 1294 2041 exinde
1318 1972 1521 2041 laciendum
1544 1975 1636 2060 quod
1659 1975 1892 2062 boluerimus,
1918 1975 2051 2059 absque
2069 1975 2325 2061 cuiuscumque
2336 1993 2421 2043 con·

566 2128 756 2197 trarietate
778 2127 833 2195 vel
857 2126 1105 2214 requisitione;
1129 2132 1165 2194 et
1188 2146 1251 2213 pro
1272 2125 1481 2195 stabilitatis
1496 2144 1607 2195 causa
1621 2146 1684 2213 per
1700 2128 1830 2195 bonam
1845 2127 2141 2197 combenientiam
2163 2129 2299 2216 guadia
2317 2131 2419 2198 nobis

569 2279 643 2366 ipse
666 2285 808 2350 amatus
831 2285 867 2348 et
890 2280 1070 2367 predictus
1095 2280 1268 2346 iohannes
1290 2281 1368 2346 vice
1392 2297 1458 2347 sua
1481 2279 1575 2346 etde
1591 2279 1752 2365 predicta
1775 2298 1886 2347 uxore
1910 2299 1977 2350 sua
1998 2282 2183 2368 dederunt,
2200 2287 2236 2350 et
2250 2285 2420 2354 mediato-

568 2451 644 2500 rem
668 2435 769 2500 nobis
792 2437 987 2520 posuerunt
1008 2431 1139 2500 exinde
1163 2431 1258 2501 maio
1281 2431 1377 2498 filius
1400 2433 1579 2518 quondam
1602 2432 1816 2520 grimoaldi;
1839 2436 1875 2499 et
1899 2452 1961 2518 per
1985 2433 2064 2522 ipsa
2088 2434 2224 2520 guadia
2239 2434 2421 2522 obligabe-

566 2591 653 2652 runt
676 2605 713 2653 se
738 2585 806 2672 ipsi
831 2589 972 2655 amatus
996 2591 1031 2654 et
1056 2586 1252 2673 iohanneS,
1275 2591 1397 2654 tamen
1423 2585 1498 2673 ipse
1524 2587 1698 2656 iohannes
1722 2587 1843 2654 omnia
1866 2587 1997 2654 exinde
2012 2586 2097 2656 iecit
2112 2607 2174 2673 per
2193 2587 2420 2676 largietatem

566 2736 682 2822 ipsius
706 2737 817 2804 iudici
841 2737 996 2824 genitori
1020 2755 1100 2824 suo,
1121 2743 1157 2806 et
1181 2737 1458 2824 hobligaberunt
1480 2757 1517 2807 se
1541 2744 1577 2807 et
1599 2739 1675 2805 suis
1692 2737 1882 2806 heredibus
1897 2738 2082 2807 defensare
2099 2739 2201 2805 nobis
2217 2739 2419 2827 nostrisque

567 2891 756 2958 heredibus
780 2892 906 2960 inclita
931 2893 1174 2978 suprascripta
1198 2896 1320 2960 nostra
1343 2894 1498 2961 sortione
1521 2895 1615 2979 quod
1639 2895 1740 2961 nobis
1763 2893 2018 2978 tradiderunt,
2044 2891 2138 2962 sicut
2168 2894 2419 2980 supradictum

566 3046 634 3127 est,
660 3062 682 3110 a
706 3061 791 3128 pars
814 3042 987 3109 uxoribus
1011 3043 1168 3129 illorum,
1192 3049 1227 3110 et
1249 3045 1295 3112 da
1312 3043 1455 3111 homnis
1470 3042 1632 3110 homines
1647 3043 1815 3128 omnique
1830 3041 1994 3129 partibus
2011 3062 2091 3111 cum
2108 3043 2185 3113 bice
2201 3047 2244 3114 de
2261 3047 2323 3115 bia
2339 3067 2417 3134 sua,

566 3200 602 3263 et
624 3211 697 3259 non
722 3192 804 3261 illut
827 3193 930 3260 nobis
953 3212 1012 3261 eos
1035 3193 1159 3261 tollere
1182 3199 1246 3263 aut
1269 3199 1434 3263 contrare
1457 3213 1601 3280 queraS,
1626 3197 1679 3262 set
1701 3195 1865 3263 inclitum
1889 3194 1970 3261 illut
1994 3195 2096 3263 nobis
2120 3200 2291 3266 abeamus
2315 3204 2351 3267 et
2367 3201 2419 3268 fa-

566 3343 704 3411 ciamus
727 3343 858 3413 exinde
882 3343 1002 3412 omnia
1018 3344 1111 3429 quod
1127 3343 1358 3430 boluerimus,
1382 3364 1516 3432 apsque
1532 3347 1787 3414 contrarietate
1803 3347 1858 3414 vel
1875 3347 2108 3432 requisitione
2127 3347 2284 3436 illorum,
2300 3351 2355 3419 vel
2371 3351 2415 3420 de

568 3497 717 3563 heorum
742 3497 947 3582 heredibus,
965 3499 1029 3563 aut
1045 3497 1214 3580 cuiquam
1230 3495 1448 3582 hominibus3
1465 3501 1619 3582 tantum,
1636 3497 1665 3562 si
1684 3497 2045 3584 aliquandotempore
2061 3517 2125 3566 nos
2141 3501 2196 3568 vel
2212 3503 2344 3570 nostris
2359 3506 2420 3572 he·

567 3649 712 3717 redibas
736 3647 982 3736 suprascripta
1004 3652 1127 3714 nostra
1150 3647 1305 3716 sortione
1329 3649 1372 3716 de
1395 3649 1556 3738 predicta
1582 3653 1687 3717 rebus
1702 3651 1869 3718 daturam
1886 3656 1949 3719 aut
1966 3651 2190 3722 bindituram
2207 3656 2417 3724 abuerimus

566 3801 725 3887 ipsorum
750 3801 889 3869 hamati
912 3806 947 3868 et
971 3800 1120 3868 iohanni
1144 3801 1248 3868 etad
1273 3800 1415 3866 illorum
1440 3801 1649 3885 heredibus,
1676 3799 1757 3867 illut
1781 3801 1970 3868 bindamus
1994 3803 2040 3869 ad
2063 3804 2156 3871 iusto
2178 3805 2333 3890 pretium
2357 3804 2420 3892 qui

563 3953 659 4022 iuste
682 3953 792 4020 luerit
815 3950 1075 4038 adpretiatum,
1101 3958 1136 4020 et
1159 3953 1335 4020 faciamus
1358 3951 1431 4017 illis
1454 3951 1585 4019 exinde
1609 3951 1701 4018 scire
1726 3969 1789 4037 pro
1814 3951 1895 4019 illut
1917 3955 2105 4020 emendum
2126 3974 2189 4042 per
2205 3956 2313 4024 tertio
2338 3977 2420 4027 con-

567 4106 737 4173 stitutum
761 4122 873 4190 usque
897 4103 1022 4173 diebus
1045 4103 1200 4190 triginta
1223 4123 1299 4190 sex3
1323 4109 1359 4171 et
1383 4103 1414 4170 si
1432 4103 1528 4172 infra
1546 4103 1624 4191 ipsa
1638 4104 1832 4171 constituta
1856 4103 2039 4172 noluerint
2055 4105 2136 4174 illut
2151 4109 2293 4178 hemere
2306 4117 2343 4180 et
2358 4114 2421 4182 da-

565 4261 650 4326 rent
662 4258 766 4324 nobis
778 4257 908 4325 exinde
921 4256 1016 4324 iusto
1027 4256 1183 4324 baliente
1195 4257 1364 4343 pretium,
1379 4255 1439 4340 qni
1458 4257 1549 4323 iuste
1561 4254 1670 4324 suerit
1683 4255 2022 4342 adpretiatnm,tuno
2035 4265 2112 4343 post
2129 4260 2208 4346 ipsa
2224 4265 2420 4337 constituta

565 4409 681 4478 licead
704 4429 768 4478 nos
791 4416 826 4479 et
850 4411 983 4479 nostris
1006 4409 1197 4479 heredibus
1221 4409 1303 4476 illut
1325 4411 1412 4479 dare
1434 4410 1492 4476 cui
1517 4407 1748 4493 boluerimus3
1774 4427 1874 4493 nam,
1891 4408 1922 4474 si
1938 4413 2022 4478 ante
2038 4409 2118 4497 ipsa
2133 4415 2327 4485 constituta
2344 4419 2419 4486 cui-

563 4581 714 4663 cumque
738 4564 819 4631 illut
842 4564 1044 4632 dederimus
1067 4565 1146 4632 sine
1170 4564 1312 4632 illorum
1336 4563 1507 4647 licentia,
1533 4560 1688 4648 pretium
1711 4562 1871 4628 rebertas
1894 4560 1939 4628 ad
1962 4559 2108 4652 illorum
2142 4570 2342 4658 potestate,
2367 4573 2418 4640 fa·

565 4713 733 4780 ciendum
756 4713 885 4780 exinde
909 4715 1029 4782 omnia
1053 4715 1145 4799 quod
1171 4714 1312 4780 illorum
1335 4711 1528 4799 placuerit,
1553 4729 1686 4799 apsque
1708 4711 1804 4777 omni
1828 4714 1950 4779 nostra
1974 4714 2230 4784 contrarietate
2254 4727 2318 4788 aut
2342 4723 2418 4790 cui-

564 4883 674 4948 quam
696 4861 915 4946 hominibus3
940 4865 971 4928 si
997 4866 1129 4948 autem,
1153 4861 1246 4928 sicut
1269 4863 1402 4929 dictum
1426 4865 1493 4946 est,
1519 4860 1640 4928 taliter
1663 4861 1797 4946 omnia,
1823 4865 1862 4928 ut
1885 4863 2049 4947 superius
2073 4865 2220 4955 legitur,
2244 4875 2418 4956 quesierit

565 5015 750 5081 remobere
774 5017 838 5080 aut
860 5016 1040 5099 contrane,
1065 5018 1129 5081 aut
1152 5015 1183 5080 si
1207 5013 1452 5101 suprascripta
1476 5017 1598 5082 nostra
1621 5014 1775 5082 sortione
1799 5015 1841 5082 de
1865 5016 2024 5102 predicta
2047 5021 2153 5087 rebus
2178 5023 2280 5089 nobis
2305 5045 2418 5094 remo-

565 5175 649 5240 bere
671 5170 727 5239 vel
750 5169 917 5238 minuare
941 5171 1127 5256 quesierit,
1154 5174 1218 5238 aut
1241 5169 1273 5237 si
1296 5170 1563 5257 qualiscumque
1587 5169 1795 5237 causatione
1818 5171 1948 5240 exinde
1971 5174 2074 5242 nobis
2098 5177 2300 5264 nostrisque
2317 5185 2418 5252 here-

562 5324 668 5393 dibus
691 5319 851 5390 emiserit
877 5323 942 5390 aut
965 5321 1200 5408 preposuerit,
1225 5325 1312 5386 tunc
1336 5339 1399 5406 per
1422 5323 1549 5388 bonam
1574 5319 1837 5390 combenientia
1860 5341 1922 5409 per
1947 5324 2024 5410 ipsa
2047 5328 2183 5412 guadia
2206 5349 2415 5422 componere

564 5471 742 5558 obligabit
765 5489 802 5538 se
819 5469 887 5556 ipsi
903 5472 1046 5538 amatus
1062 5473 1098 5537 et
1113 5469 1287 5538 iohannes
1303 5473 1339 5536 et
1357 5468 1500 5536 illorum
1515 5472 1705 5540 heredibus
1721 5475 1758 5540 et
1773 5474 1874 5541 nobis
1889 5477 2084 5546 nominatis
2108 5483 2292 5568 germanis
2308 5505 2416 5571 quam

563 5626 600 5690 et
622 5623 757 5690 nostris
780 5621 983 5708 heredibus,
1008 5626 1045 5689 et
1061 5621 1117 5688 cui
1136 5623 1280 5689 brebem
1305 5621 1371 5690 iste
1397 5621 1435 5687 in
1458 5641 1605 5691 manum
1629 5625 1807 5713 paruerit,
1832 5627 1987 5714 triginta
2002 5632 2084 5698 auri
2100 5632 2228 5701 solidos
2252 5643 2417 5708 constan-

563 5773 683 5861 tinos,
708 5779 746 5842 et
769 5777 833 5843 hec
858 5773 965 5842 sortis
988 5774 1084 5840 omni
1110 5777 1267 5860 tempore
1291 5772 1386 5842 inter
1410 5791 1474 5842 nos
1497 5779 1533 5842 et
1556 5777 1689 5844 nostris
1712 5779 1903 5849 heredibus
1927 5783 2027 5852 firme
2055 5789 2092 5855 et
2114 5787 2255 5858 stabilis
2278 5809 2418 5877 perma-
