5318 7102
909 558 1092 632 REGUM
1126 556 1455 632 FRANGORUM
2016 557 2062 628 39

308 777 427 850 villam
446 785 599 850 nostram
618 777 800 866 dederunt,
821 779 1020 853 nullatenus
1046 803 1105 852 eas
1131 777 1343 852 saecundum
1369 776 1480 872 legem
1506 785 1624 850 tenere
1646 783 1775 871 potest,
1804 775 1870 848 nisi
1899 777 2049 852 uoluerit
2077 779 2119 850 ad

308 935 408 1009 cuius
434 942 651 1031 potestatem,
679 937 733 1008 rel
761 937 856 1009 illam
883 937 1103 1024 aecclesiam,
1133 936 1188 1008 vel
1215 936 1273 1009 ille
1292 935 1374 1008 ville
1392 933 1588 1031 pertinente
1607 943 1700 1020 sunt,
1721 934 1895 1010 nisilorte
1914 935 2117 1024 filiuseius,

308 1099 366 1165 aut
401 1115 511 1187 nepus
540 1093 586 1166 sit
618 1094 678 1186 qui
709 1115 784 1166 eam
818 1093 1011 1180 tradiderit,
1040 1103 1180 1166 etcum
1208 1115 1248 1164 ea
1274 1090 1554 1165 adtendendum
1581 1079 1605 1187 ¹)
1636 1104 1754 1165 nostra
1779 1093 1904 1188 placita
1930 1105 2027 1182 sunt,
2056 1099 2118 1168 sed

308 1252 343 1323 in
371 1251 460 1324 hanc
486 1276 559 1324 rem
586 1251 878 1325 considerandum
896 1261 960 1341 est,
990 1261 1107 1326 utrum
1133 1253 1193 1325 ille
1220 1254 1278 1348 qui
1306 1254 1395 1325 hanc
1422 1276 1494 1323 rem
1520 1261 1629 1340 tenet,
1651 1251 1750 1324 dibes
1777 1275 1818 1324 an
1845 1277 1973 1350 pauper
1999 1256 2056 1340 sit,
2084 1265 2119 1328 et

307 1422 424 1486 utrum
459 1412 567 1485 alium
601 1411 807 1486 beneficium
838 1413 894 1488 uel
929 1416 1032 1488 etiam
1067 1415 1226 1510 propium
1260 1413 1410 1500 babent,
1451 1421 1486 1486 et
1519 1436 1668 1507 quorum
1703 1421 1865 1522 neutrum
1896 1413 1997 1486 habet
2031 1438 2115 1510 erga

309 1573 404 1646 bunc
432 1573 716 1646 misericorditer
730 1575 901 1670 agendum
927 1583 992 1662 est,
1022 1598 1086 1647 nec
1113 1583 1165 1647 est
1190 1582 1301 1648 tetum
1320 1571 1555 1668 dispoliatum,
1576 1573 1611 1642 in
1630 1580 1782 1667 egestate
1800 1573 1989 1662 incidatur,
2010 1583 2044 1648 et
2061 1584 2115 1650 ta·

306 1731 378 1805 lem
405 1755 549 1805 censum
577 1732 636 1803 ille
663 1732 847 1829 persolbat,
876 1732 988 1826 qualis
1015 1731 1046 1804 ei
1073 1732 1178 1804 luerit
1203 1733 1429 1818 constitutus,
1450 1731 1505 1802 vel
1524 1732 1717 1826 portionem
1737 1731 1886 1826 aliquam
1913 1733 1994 1805 inde
2011 1733 2118 1806 bene-

306 1891 423 1964 ficium
449 1893 608 1988 accipiat,
637 1893 728 1965 unde
755 1916 792 1964 se
818 1895 989 1968 sustinere
1016 1892 1129 1964 valeat
1155 1887 1191 1988 ²).
1422 1851 1433 1869 ³

256 2051 522 2126 Consideratum
549 2063 614 2136 est,
643 2056 735 2126 unde
762 2053 920 2148 frugibus
945 2063 1037 2126 terre
1063 2062 1097 2126 et
1123 2053 1323 2125 animalium
1341 2052 1532 2124 nutrimine
1550 2051 1802 2147 persolvantur.
1824 2055 1872 2124 De
1891 2077 1992 2150 opere
2011 2080 2109 2138 vero,

303 2211 358 2286 vel
385 2214 633 2286 restauratione
659 2214 922 2300 aecclesiarum,
943 2215 1064 2296 comis,
1085 2221 1119 2285 et
1136 2214 1330 2308 episeopus,
1351 2209 1631 2284 similiterabbas
1651 2235 1817 2285 unacum
1845 2215 1950 2285 misso
1985 2225 2107 2290 nostro

304 2373 457 2468 queipse
486 2373 550 2446 sibi
578 2375 620 2446 ad
647 2373 713 2446 boe
739 2373 913 2469 eligerint,
942 2373 1219 2446 consideratione
1247 2372 1389 2456 saciant,
1410 2381 1444 2444 et
1463 2373 1702 2466 unusquisque
1729 2393 1848 2444 eorum
1865 2381 1999 2446 tantum
2027 2376 2109 2448 inde

303 2531 447 2626 accipiat
473 2533 745 2627 adoperandum
772 2543 806 2605 et
832 2532 1111 2618 restaurandum,
1127 2541 1293 2626 quantum
1320 2531 1404 2625 ipsis
1431 2531 1473 2602 de
1499 2529 1602 2602 rebus
1628 2531 1856 2626 eeclesiarum
1883 2531 2020 2622 babent,
2052 2539 2106 2610 vel

302 2691 521 2786 unusquique
547 2716 669 2787 perse
697 2693 788 2764 iusta
813 2692 1031 2787 quantitate,
1061 2715 1162 2786 quam
1190 2691 1261 2786 ipse
1288 2691 1346 2785 qui
1373 2699 1481 2779 tenet,
1512 2701 1571 2764 aut
1597 2693 1625 2764 si
1653 2695 1829 2766 intereos
1856 2717 2039 2784 convene,
2069 2710 2108 2771 ut

243 2950 246 2954 ⁸
302 2875 363 2946 pro
389 2860 525 2946 operata
543 2853 755 2936 laciendum,
776 2853 965 2946 Argentum
983 2851 1113 2923 donent
1131 2851 1221 2924 iusta
1239 2853 1468 2924 estimationis
1487 2852 1613 2948 operis,
1635 2854 1670 2923 in
1690 2863 1870 2948 argentum
1891 2857 2102 2949 persolvant,

299 3031 378 3082 cum
406 3033 473 3103 qno
499 3011 609 3106 pretio
635 3016 749 3082 rector
775 3008 945 3081 ecclesiae
978 3009 1020 3080 ad
1054 3009 1209 3102 predicta
1235 3011 1486 3083 restauratione
1513 3011 1689 3104 operarios
1715 3011 1910 3083 conducere
1938 3022 1972 3085 et
1998 3032 2106 3088 mate-

300 3170 351 3242 ria
377 3194 493 3241 emere
520 3170 640 3265 possit.
669 3170 711 3242 Et
737 3169 795 3262 qui
823 3193 932 3242 nonas
958 3178 992 3241 et
1018 3167 1174 3242 decimas
1200 3169 1282 3242 dare
1309 3170 1527 3266 neglesserit,
1555 3171 1706 3264 primum
1732 3171 1873 3264 quidem
1900 3173 1998 3243 illum
2025 3196 2106 3246 curn

295 3353 357 3401 sua
382 3329 493 3424 legem
520 3329 691 3418 restituat,
721 3330 862 3424 insuper
887 3327 1039 3400 bannum
1059 3339 1216 3400 nostrum
1244 3328 1366 3415 solbat,
1396 3339 1433 3402 ut
1459 3329 1506 3401 ita
1532 3330 1721 3424 castigatus
1748 3329 1905 3416 cabeant,
1937 3355 1980 3402 ne
2006 3334 2103 3430 sepio

298 3489 456 3562 iterando
482 3486 695 3562 benefieiunt
711 3485 735 3583 8)
762 3488 971 3561 admitttant.

249 3647 286 3722 Si
313 3649 415 3720 cuius
440 3647 612 3743 mancipia
638 3647 685 3718 ibi
712 3647 806 3718 illam
832 3649 856 3742 ⁴)
890 3654 1008 3719 nostra
1043 3647 1277 3743 confugient,
1315 3657 1435 3721 auctor
1470 3649 1628 3720 eiusdem
1659 3649 1742 3720 ville
1776 3651 1932 3744 querenti
1964 3651 2105 3722 domino

295 3830 371 3882 eam
397 3830 467 3879 nen
493 3806 718 3889 contradicat,
747 3805 807 3877 sed
833 3805 949 3878 statim
976 3805 1068 3879 seras
1094 3805 1135 3876 de
1161 3806 1281 3878 eadem
1308 3805 1391 3878 uilla
1416 3806 1530 3880 eiciat.
1560 3807 1657 3878 Etsi
1684 3831 1720 3878 se
1747 3817 1842 3903 putat
1868 3811 1907 3881 ad
1936 3833 1975 3880 ee
2005 3833 2105 3904 repe-

294 3967 410 4052 tenda,
439 3963 606 4038 iustitiam
632 3963 756 4036 babere
783 3973 875 4060 petat
899 3973 933 4037 et
959 3965 1150 4037 seeundum
1178 3967 1290 4060 legem
1316 3966 1488 4060 adquirat.
1518 3967 1555 4040 Si
1582 3989 1664 4038 vero
1681 3975 1834 4063 tempore
1853 3968 1971 4040 domni
1991 3968 2101 4039 karoli

291 4125 459 4220 genitoris
484 4125 613 4197 nostris
639 4122 674 4194 in
701 4123 785 4195 villa
810 4126 1044 4220 confugerunt
1068 4132 1103 4196 et
1128 4125 1290 4197 dominus
1324 4127 1400 4196 eius
1434 4148 1511 4196 eam
1537 4125 1680 4219 querit,
1717 4134 1751 4198 et
1785 4135 1907 4200 auctor
1942 4127 2098 4200 eiusdem

270 4283 374 4355 1uille
399 4291 458 4356 aut
483 4305 522 4354 ea
548 4283 702 4378 legitime
729 4283 926 4362 contendat,
955 4291 1013 4355 aut
1038 4283 1196 4376 querenti
1215 4282 1357 4356 domino
1374 4282 1505 4355 reddat.
1528 4284 1615 4356 Nam
1633 4293 1773 4380 propter
1790 4285 1958 4358 bestitura
1977 4285 2098 4359 domni

290 4443 399 4516 karoli
425 4443 573 4539 genitori
601 4446 708 4517 nostri
736 4467 811 4516 eam
839 4443 997 4540 accipiat,
1026 4441 1263 4515 contradicere
1289 4465 1359 4514 nen
1386 4441 1523 4530 audeat,
1553 4442 1620 4514 nisi
1648 4443 1743 4516 illius
1770 4444 1888 4539 propia
1915 4454 2006 4518 esset
2036 4471 2100 4520 no·

292 4613 441 4676 scuntur
466 4599 519 4700 ⁸).¹

243 4765 286 4838 Ut
311 4765 521 4860 quicumque
549 4766 625 4838 illas
652 4731 790 4851 habent,
819 4765 981 4853 dimittat,
1011 4764 1078 4836 nisi
1106 4766 1214 4838 sortes
1240 4765 1346 4839 iudici
1374 4766 1557 4838 ostendere
1577 4770 1696 4862 possit,
1719 4771 1809 4862 quod
1830 4769 2097 4864 periussionem

281 5301 304 5381 ¹)
325 5299 536 5365 tendendum:
561 5299 757 5362 tenendum.

281 5449 305 5529 2)
326 5449 410 5512 nur.
434 5403 565 5511 xxxn.

279 5593 304 5674 ⁸)
325 5592 538 5658 beneficium:
564 5593 783 5656 beneficium.

279 5737 304 5819 ⁸)
325 5737 372 5802 ibi
393 5738 502 5802 illam:
527 5738 561 5799 in
586 5737 676 5798 villa.

278 5884 303 5965 8)
323 5885 407 5948 Mur.
432 5885 562 5947 XXXII.
