5376 7104
1013 599 1417 679 uinco-ulricus
2020 588 2091 681 aio

294 826 419 896 eadem
442 825 603 915 obligata
627 843 734 913 pena.
759 826 835 912 Ego
855 821 1001 912 guallias
1023 823 1263 896 subdiaconus
1285 831 1321 898 et
1344 832 1509 902 notarius
1540 851 1579 904 oc
1604 837 1710 905 brebe
1735 834 1938 922 scriptitat
1969 833 2136 904 interfuit

284 979 323 1048 in
348 976 504 1050 abellino
527 976 693 1048 feliciter.

331 1102 362 1219 †
386 1133 462 1220 Ego
484 1131 545 1220 qui
570 1148 680 1218 supra
711 1130 897 1216 iaquintus

334 1254 365 1371 †
389 1283 465 1370 ligo
489 1282 661 1353 ademari.

996 1531 1445 1546 Μ...

1123 1821 1296 1906 DCGI.

1072 2027 1127 2161 a.
1155 2083 1207 2161 n.
1237 2081 1364 2170 rore.

334 2310 370 2450 †
393 2364 433 2429 ln
456 2365 603 2434 nomine
626 2366 763 2436 domini
787 2365 952 2439 vicesimo
969 2388 1063 2438 nono
1079 2375 1200 2442 hanno
1216 2372 1441 2461 principatus
1457 2375 1576 2443 domni
1595 2377 1806 2464 guaimarii,
1822 2383 1858 2447 et
1873 2382 2027 2450 secundo
2042 2403 2141 2454 anno

286 2515 510 2605 principatus
532 2517 653 2587 domni
677 2519 825 2590 iohanni
850 2521 928 2590 eius
950 2521 1031 2608 filii,
1055 2525 1203 2612 gloriosi
1227 2525 1465 2616 principibus,
1487 2547 1608 2598 mense
1624 2531 1780 2617 magius,
1797 2531 2068 2618 quintadecima
2081 2539 2138 2606 in-

287 2669 457 2740 dictione.
483 2675 773 2743 memoratorium
797 2675 929 2744 factum
953 2693 975 2744 a
998 2693 1064 2743 nos
1086 2683 1226 2746 amatus
1249 2683 1285 2748 et
1309 2683 1432 2766 petrus
1454 2679 1620 2768 germani
1643 2681 1712 2749 tilii
1735 2683 1841 2770 petri,
1867 2687 2023 2772 eoquod
2047 2694 2137 2758 ante
2170 2681 2172 2685 ’

287 2825 481 2914 subscripti
505 2831 613 2895 testes
635 2845 698 2914 per
721 2830 814 2897 bona
830 2828 1092 2936 combenientia
1108 2831 1320 2901 tradidimus
1343 2851 1406 2901 nos
1429 2833 1495 2902 risi
1518 2834 1592 2904 tilio
1615 2836 1808 2905 domnandi
1827 2838 1952 2908 inclite
1968 2843 2138 2912 sortionis
2241 2864 2252 2878 ·

194 2996 197 3001 ·
288 2981 409 3048 nostre
432 2979 476 3048 de
499 2983 605 3048 rebus
628 2983 751 3050 nostra
774 2999 857 3049 cum
880 2982 1082 3051 castanieta
1105 2987 1142 3050 et
1165 2981 1279 3070 silvis,
1301 2985 1398 3070 quod
1422 2987 1621 3054 comuniter
1644 2988 1792 3056 abemus
1808 2988 1847 3055 in
1863 2993 2056 3080 montibus,
2074 2996 2136 3062 ubi

285 3134 420 3202 dicitur
443 3131 656 3201 decemmari
674 3133 806 3200 tinibus
823 3133 1067 3219 salernitanis,
1084 3133 1304 3219 pertinentes
1321 3133 1420 3201 nobis
1437 3153 1500 3220 per
1515 3135 1670 3222 gradum
1687 3138 1923 3208 successionis
1945 3149 2136 3227 parentum

286 3288 488 3353 nostrorum
511 3282 607 3353 intra
629 3285 695 3352 hec
718 3283 813 3350 linis:
838 3303 861 3351 a
883 3301 968 3369 pars
991 3282 1255 3369 septemtrionis
1278 3285 1349 3353 tine
1372 3287 1432 3354 via
1447 3305 1516 3373 que
1530 3287 1673 3356 deducit
1689 3288 1735 3358 ad
1752 3288 1826 3358 loce
1842 3289 1886 3358 de
1902 3290 2135 3382 decemmari,

284 3437 379 3505 sicut
401 3437 500 3506 vadit
523 3455 633 3524 usque
656 3438 696 3505 in
719 3455 815 3523 aqna
838 3436 885 3504 da
910 3435 1125 3506 saranianu:
1149 3437 1192 3506 de
1216 3437 1290 3507 alia
1312 3440 1415 3524 parte
1444 3439 1489 3507 ab
1511 3437 1649 3508 oriente
1671 3441 1743 3508 line
1771 3441 1814 3510 de
1847 3443 2052 3527 hominibus
2076 3464 2136 3515 sa-

284 3589 473 3660 rarianisi:
500 3607 522 3658 a
544 3588 693 3657 meridie
716 3590 787 3658 flne
810 3587 977 3657 similiter
1000 3589 1043 3657 de
1068 3589 1137 3676 ipsi
1161 3588 1331 3676 serenici,
1357 3589 1452 3656 sicut
1474 3587 1571 3658 vadit
1595 3609 1657 3676 per
1681 3590 1763 3658 cilio
1794 3592 1836 3661 de
1868 3601 1985 3663 monte
2023 3615 2136 3684 usque

286 3742 324 3810 in
346 3744 509 3831 fontana,
534 3747 570 3812 et
592 3744 639 3813 da
655 3743 734 3830 ipsa
750 3743 901 3812 fontana
923 3746 1093 3830 pergente
1109 3760 1172 3828 per
1188 3743 1259 3808 fine
1274 3741 1316 3809 de
1333 3739 1519 3827 coperclisi
1536 3741 1752 3828 hominibus,
1778 3744 1935 3832 qualiter
1959 3748 2056 3816 vadit
2072 3766 2137 3836 per

283 3895 369 3965 cilio
394 3895 578 3964 demente
603 3913 714 3980 usque
738 3899 818 3962 torn
841 3893 1048 3961 rotundum:
1073 3893 1246 3980 desuper
1270 3899 1372 3979 parte
1395 3895 1442 3962 ab
1464 3891 1645 3962 occidente
1669 3894 1740 3962 fine
1763 3900 1885 3966 nostra
1916 3899 2018 3967 etde
2049 3918 2134 3969 con-

287 4046 445 4116 sortibus
468 4045 618 4134 nostris,
642 4045 725 4115 inde
748 4065 786 4114 se
809 4047 1050 4133 coniungente
1071 4045 1118 4114 ad
1141 4046 1220 4132 ipsa
1243 4045 1318 4111 loce
1340 4042 1383 4110 de
1405 4041 1618 4112 decemmari
1642 4044 1760 4131 priore
1783 4045 1868 4114 fine.
1894 4049 1942 4116 De
1965 4051 2029 4118 hec
2046 4067 2137 4118 vero

283 4203 395 4270 rebus
418 4201 517 4270 infra
540 4199 722 4270 nominate
745 4199 832 4269 linis
856 4199 981 4268 inclite
1005 4197 1172 4266 sortionis
1195 4199 1327 4282 nostre,
1351 4195 1442 4282 quod
1467 4199 1520 4264 est
1541 4197 1729 4266 hoctabam
1753 4202 1903 4286 partem,
1929 4217 1992 4268 nos
2017 4201 2132 4288 ipsius

290 4355 356 4421 risi
382 4351 608 4422 tradidimus.
632 4349 732 4420 Unde
755 4368 820 4436 pro
841 4349 965 4419 taliter
988 4366 1052 4436 pro
1077 4350 1168 4417 bona
1191 4347 1451 4417 combenientia
1475 4348 1608 4435 guadia
1631 4350 1733 4417 nobis
1763 4348 1838 4438 ipse
1869 4352 1941 4420 riso
1964 4353 2061 4422 dedit
2094 4361 2131 4424 et

287 4510 522 4578 mediatorem
548 4507 650 4575 nobis
673 4505 793 4594 posuit
819 4523 857 4574 se
880 4507 1009 4592 ipsum3
1034 4509 1070 4572 et
1091 4522 1155 4591 per
1180 4504 1258 4590 ipsa
1281 4501 1415 4589 guadia
1438 4503 1610 4590 obligavit
1632 4521 1670 4571 se
1693 4503 1759 4572 tali
1783 4505 1914 4592 tinore,
1940 4511 1979 4574 ut
2002 4507 2129 4576 amodo

292 4681 403 4750 usque
427 4662 548 4732 decem
572 4660 659 4728 anni
683 4655 846 4744 completi
869 4654 930 4725 ille
953 4657 990 4724 et
1013 4655 1091 4724 eius
1113 4655 1235 4724 eredes
1258 4675 1320 4724 sue
1343 4658 1528 4743 potestatis
1558 4675 1616 4725 eos
1645 4660 1768 4726 tenere
1797 4663 1834 4727 et
1864 4658 2064 4749 dominare,
2095 4665 2131 4732 et

289 4819 386 4884 lovee
410 4820 447 4883 et
470 4811 586 4882 omnis
608 4830 671 4880 sne
694 4809 863 4878 utilitatis
886 4809 991 4878 iuxta
1014 4807 1189 4878 rationem
1214 4809 1263 4877 ibi
1288 4811 1418 4899 iacere,
1443 4816 1478 4880 et
1501 4811 1634 4880 ibidem
1654 4830 1817 4900 roncare,
1841 4819 1878 4882 et
1901 4768 2133 4906 exeampare,
2223 4839 2230 4850 ·

289 4975 326 5038 et
342 4966 535 5053 seminare,
553 4968 729 5053 quantum
752 4963 836 5032 inde
860 4961 1019 5031 lavorare
1043 4961 1200 5048 potuerit
1223 4959 1294 5029 illis
1316 4965 1353 5028 et
1376 4961 1591 5050 hominibus,
1609 4963 1701 5051 quod
1718 4962 1790 5032 illis
1808 4965 1938 5035 ibidem
1955 4969 2133 5058 miserint,

285 5128 322 5190 et
348 5119 464 5190 omnis
487 5118 697 5189 victualium
722 5135 784 5185 seu
807 5116 921 5185 linum
946 5115 1039 5203 quod
1063 5113 1195 5182 ibidem
1219 5114 1383 5200 fecerint,
1409 5117 1522 5181 totum
1545 5131 1604 5182 eos
1628 5114 1696 5184 sibi
1727 5118 1871 5186 abeant:
1903 5125 2021 5205 preter
2053 5127 2133 5190 tan-

282 5272 467 5342 tummodo
489 5271 597 5342 deant
620 5272 723 5339 nobis
746 5271 947 5356 nostrisque
969 5268 1133 5337 eredibua
1157 5266 1366 5335 terraticum
1390 5265 1495 5334 iuxta
1519 5268 1810 5376 consuetudinem
1836 5269 1947 5356 ipsius
1973 5271 2070 5358 locis,
2095 5279 2134 5343 et

283 5445 350 5512 per
375 5427 535 5513 tempore
558 5443 641 5494 aree
665 5424 804 5492 iaciant
825 5440 889 5490 nos
912 5421 1017 5509 scire,
1045 5425 1085 5490 ut
1107 5419 1321 5506 recipiamus
1346 5421 1421 5506 ipso
1445 5419 1668 5508 terraticum,
1693 5427 1729 5490 et
1752 5441 1815 5510 per
1847 5423 1963 5490 omnis
1993 5441 2131 5494 annum

286 5597 353 5666 per
377 5581 453 5668 ipse
477 5599 560 5650 aree
583 5577 691 5648 deant
714 5577 817 5644 nobis
840 5575 1040 5660 nostrisque
1063 5572 1254 5642 heredibus
1277 5591 1348 5642 uno
1379 5574 1480 5661 pario
1510 5574 1553 5642 de
1581 5574 1671 5662 pulli
1702 5577 1785 5644 boni
1804 5598 1814 5664 ;
1835 5577 1928 5665 quod
1951 5577 1982 5646 si
2005 5579 2132 5650 taliter

280 5731 406 5804 omnia
431 5731 675 5821 suprascripta
699 5729 775 5816 ipse
798 5728 872 5795 riso
886 5728 1033 5813 eiusque
1050 5723 1198 5794 heredes
1214 5724 1316 5791 nobis
1331 5723 1530 5811 nostrisque
1546 5724 1735 5794 heredibus
1759 5741 1831 5794 non
1847 5726 2131 5818 adinpleverint,

282 5883 337 5953 vel
365 5882 494 5972 aliquit
519 5883 602 5952 inde
625 5879 928 5974 contradixerint,
952 5893 1015 5964 per
1040 5877 1117 5964 ipsa
1140 5832 1274 5964 guadio
1298 5874 1470 5961 obligavit
1493 5892 1530 5942 so
1553 5891 1705 5962 suosque
1735 5877 1882 5948 heredes
1913 5879 1957 5950 ad
1991 5889 2135 5994 compo-¹
