5376 7104
1293 531 1467 607 CODEX
1500 527 1766 606 GAVENSIS

1326 969 1720 1054 DCLXXXIX.

1369 1233 1425 1311 A.
1454 1229 1505 1308 D.
1534 1227 1662 1309 1015.

642 1467 679 1609 †
704 1521 744 1588 11
767 1522 911 1590 nomine
936 1521 1069 1590 domini
1094 1521 1150 1590 dei
1176 1521 1367 1592 salvatoris
1390 1522 1504 1591 nostri
1522 1518 1623 1588 ihesu
1638 1517 1778 1606 christi,
1805 1516 2019 1606 temporibus
2035 1512 2156 1582 domni
2172 1513 2284 1600 sergii
2299 1511 2443 1599 gloriosi

600 1671 705 1740 ducis
727 1677 764 1742 et
788 1673 987 1761 imperialis
1010 1674 1153 1760 patricii
1179 1691 1275 1743 6116
1297 1673 1577 1761 quartodecimo,
1600 1677 1637 1742 et
1658 1672 1812 1741 secundo
1835 1688 1931 1740 anno
1954 1667 2073 1737 domni
2105 1667 2273 1735 iohannis
2302 1663 2449 1751 gloriosi

596 1825 698 1895 ducis
722 1826 789 1896 filii
813 1829 985 1916 6116,ᾶί6
1010 1830 1178 1898 vicesima
1201 1831 1329 1916 quinta
1351 1829 1482 1897 mensis
1504 1826 1727 1917 septembrii,
1759 1823 1956 1893 indictione
1989 1821 2283 1907 quartadecima,
2309 1819 2443 1888 amelli.

596 1979 816 2049 6611611661
839 1999 894 2048 me
918 1985 1042 2068 guttus
1065 1983 1161 2050 iilius
1186 1980 1298 2050 leonis
1321 1983 1364 2050 de
1388 1987 1491 2070 guito
1512 1981 1555 2048 de
1581 1982 1737 2048 iohanne
1760 1977 1803 2046 (16
1834 1977 1964 2046 (161116
1998 1975 2117 2044 116616
2149 1993 2172 2042 6
2203 1972 2364 2060 presenti
2392 1971 2447 2040 die

595 2131 832 2218 prontissima
855 2132 1038 2201 voluntate
1061 2137 1216 2204 scrivere
1240 2140 1276 2206 61
1300 2136 1447 2203 firmare
1470 2134 1567 2201 visus
1592 2151 1671 2200 sum
1686 2131 1786 2198 vobis
1804 2127 1923 2216 sergio
1939 2127 2014 2195 filio
2032 2127 2201 2197 iohannis
2217 2127 2260 2195 de
2277 2142 2447 2196 maurone

598 2284 728 2351 comite
751 2286 846 2355 hanc
869 2286 1074 2354 chartulam
1097 2285 1303 2355 securitatis
1326 2287 1369 2353 de
1393 2284 1615 2371 causatione,
1639 2282 1733 2370 quod
1758 2281 1937 2348 vobiscum
1955 2278 2120 2350 abuimus
2136 2278 2180 2347 de
2197 2280 2313 2366 ipsum
2330 2281 2449 2346 monte

596 2437 692 2522 quod
716 2437 852 2506 dicitur
876 2442 1089 2507 carbonario
1112 2458 1221 2527 supra
1245 2441 1460 2526 embrioem,
1485 2443 1659 2525 quantum
1683 2439 1737 2503 est
1760 2436 1807 2504 ab
1832 2433 1910 2521 ipsa
1933 2435 1995 2502 116
2018 2433 2162 2520 puplica
2186 2433 2225 2500 iu
2248 2451 2395 2520 susum,
2417 2438 2450 2500 et

595 2587 639 2656 de
665 2588 859 2658 latitudine
882 2597 1058 2678 quantum
1082 2595 1136 2659 661
1158 2593 1201 2658 de
1223 2594 1332 2660 tinem
1356 2593 1394 2658 in
1417 2591 1526 2658 tinem
1549 2591 1764 2659 nominatim
1787 2590 1866 2676 ipsa
1889 2589 1962 2675 via,
1978 2589 2071 2674 quod
2086 2588 2283 2674 proclamat
2301 2589 2382 2674 ipsa
2398 2606 2449 2654 se·

594 2740 763 2810 curitatis
786 2762 894 2830 quam
919 2745 1050 2812 exinde
1075 2746 1210 2813 iecerat
1233 2743 1499 2830 suprascriptus
1523 2743 1577 2811 leo
1599 2745 1743 2831 genitor
1767 2748 1887 2811 noster
1912 2762 1993 2810 cum
2019 2743 2107 2830 ipsis
2131 2742 2282 2830 allolesi,
2298 2741 2448 2809 diceudo

595 2915 656 2964 166
679 2915 702 2965 6
725 2899 829 2982 parte
852 2901 986 2982 vestra,
1011 2897 1096 2983 quia
1120 2897 1349 2965 medietatem
1367 2896 1409 2963 de
1428 2897 1546 2983 ipsum
1571 2895 1770 2984 predictum
1794 2897 2447 2982 116116,61611111661611666616·

593 3049 692 3118 dicta
714 3050 775 3118 via
798 3050 942 3137 puplica
966 3051 1005 3116 in
1029 3067 1165 3136 susum,
1189 3053 1311 3118 nostra
1335 3068 1444 3116 causa
1467 3053 1534 3136 661,
1560 3055 1596 3118 61
1618 3068 1679 3116 166
1694 3053 1731 3117 61
1747 3051 2012 3137 suprascriptus
2030 3048 2204 3118 iohannes
2219 3050 2368 3137 genitor
2385 3065 2444 3115 no-

592 3206 666 3267 6161
691 3200 778 3268 illud
801 3201 1064 3269 dominavimus
1086 3205 1122 3268 et
1145 3201 1384 3286 srugiavimus
1408 3202 1487 3268 odie
1511 3222 1574 3288 per
1599 3203 1881 3289 quadragintam
1905 3201 2013 3270 anuis
2038 3206 2074 3269 et
2097 3203 2189 3289 plus
2226 3207 2262 3269 61
2293 3219 2362 3268 166
2392 3200 2445 3268 (11-

594 3355 708 3422 condo
731 3374 753 3422 a
777 3359 877 3440 parte
901 3357 1035 3422 nostra:
1061 3354 1155 3422 absit
1178 3374 1217 3423 oc
1241 3361 1277 3421 61
1299 3356 1432 3422 beriles
1456 3372 1526 3421 non
1550 3358 1617 3440 est,
1642 3359 1682 3421 ut
1706 3357 1743 3422 iu
1769 3357 1884 3442 ipsum
1907 3352 2107 3441 predictum
2123 3361 2279 3423 montem
2297 3355 2442 3442 aliquod

594 3507 782 3576 abuissetis
805 3511 869 3576 aut
892 3507 1154 3595 dominassetis,
1178 3526 1294 3595 neque
1310 3525 1382 3593 vos,
1400 3525 1516 3592 neque
1539 3508 1805 3595 suprascriptus
1831 3507 2003 3574 iohannes
2027 3509 2173 3596 genitor
2197 3514 2328 3596 166161,
2355 3507 2440 3596 quia

593 3665 693 3730 totus
717 3660 792 3750 ipse
816 3662 996 3748 predictus
1019 3661 1149 3729 montis
1172 3679 1251 3730 mea
1275 3665 1473 3746 causaest,
1497 3661 1582 3746 quia
1605 3660 1694 3729 mihi
1718 3659 1864 3728 obbenit
1886 3659 1929 3728 de
1953 3666 2187 3748 conparatum
2211 3669 2247 3731 et
2271 3663 2310 3730 in
2336 3665 2444 3735 doua-

590 3813 724 3883 tionem
748 3817 795 3884 ah
819 3816 906 3903 ipsis
929 3815 1184 3901 suprascriptis
1208 3813 1389 3882 allolensis
1413 3817 1450 3882 et
1473 3815 1632 3882 circlesis
1655 3820 1690 3883 et
1714 3818 1759 3883 ab
1782 3815 1863 3884 aliis
1886 3815 2104 3884 hominibus.
2131 3818 2230 3886 Unde
2256 3817 2352 3888 inter
2378 3837 2440 3887 uos

590 3969 817 4036 causationes
840 3967 970 4036 multas
995 3969 1174 4055 abuimus,
1199 3973 1235 4036 et
1258 3969 1360 4034 nobis
1384 3966 1645 4036 altercantibus
1668 3965 1895 4052 perreximus
1925 3968 2057 4036 exinde
2086 3973 2124 4038 at
2157 3970 2333 4038 iudicium
2358 3977 2441 4042 6116

590 4122 776 4205 presentia
800 4121 1045 4208 suprascripta
1068 4120 1223 4208 gloriosa
1246 4125 1433 4206 potestate,
1459 4125 1494 4188 et
1519 4119 1680 4189 iudicata
1703 4125 1788 4188 sunt
1816 4120 1949 4189 exinde
1981 4121 2075 4190 inter
2105 4141 2170 4190 uos
2199 4129 2440 4214 sacramenta

590 4279 670 4360 post
694 4295 777 4343 vero
800 4279 1006 4364 preceptum
1025 4273 1201 4343 iudicium
1224 4275 1385 4343 venimus
1408 4275 1588 4342 vobiscum
1612 4272 1743 4341 exinde
1768 4274 1806 4340 in
1830 4275 2092 4344 combeniontia
2115 4279 2223 4345 16116
2246 4281 2383 4367 gratie,
2407 4287 2442 4349 et

592 4430 681 4496 1616
706 4428 903 4498 voluntatis
926 4429 1072 4498 dedistis
1095 4427 1199 4496 nobis
1222 4426 1352 4496 exinde
1378 4427 1459 4496 auri
1487 4425 1558 4494 tari
1582 4424 1715 4511 decem,
1740 4423 1832 4510 quod
1856 4428 1943 4511 aput
1968 4445 2023 4493 me
2048 4429 2137 4496 6166
2168 4431 2246 4499 6116
2270 4433 2442 4504 minuita-

589 4587 674 4668 tem,
699 4587 734 4650 et
758 4600 822 4648 nos
845 4583 945 4648 vobis
967 4582 1132 4684 dedimus¹
1153 4585 1189 4648 et
1214 4580 1428 4668 largivimus
1450 4578 1597 4648 tertiam
1620 4581 1758 4665 partem
1782 4577 1826 4646 de
1849 4577 1964 4665 ipsum
1989 4583 2273 4670 suprascriptum
2304 4594 2438 4676 monte,

590 4735 636 4828 Ut
659 4735 756 4801 omni
780 4738 937 4821 tempore
961 4750 1024 4800 166
1047 4738 1083 4802 61
1106 4732 1253 4800 heredes
1277 4733 1411 4800 nostris
1434 4733 1605 4800 abeamus
1620 4734 1657 4797 et
1673 4730 1906 4819 dominemus,
1924 4750 1987 4800 seu
2004 4733 2198 4823 irugiemus
2215 4738 2347 4810 exinde
2362 4761 2441 4828 par-

590 4888 644 4952 166
670 4883 772 4971 duas,
796 4889 832 4952 61
855 4901 919 4950 nos
943 4887 978 4952 et
1001 4882 1127 4951 vestris
1150 4882 1341 4950 heredibus
1363 4881 1561 4968 portionem
1586 4899 1673 4969 uua,
1698 4885 1763 4950 hoc
1794 4887 1847 4951 est
1879 4885 1998 4971 161116,
2030 4891 2067 4954 61
2098 4887 2320 4960 firmavimus
2345 4895 2439 4961 vohis

591 5037 725 5105 exinde
749 5039 843 5105 hauc
866 5035 1066 5122 plenariam
1090 5035 1319 5104 securitatem
1344 5035 1382 5100 in
1408 5053 1547 5102 omnem
1569 5035 1863 5106 deliberationem
1892 5043 1928 5106 et
1957 5039 1996 5105 in
2020 5057 2159 5109 omnem
2183 5043 2440 5116 decisitiouem.

595 5193 640 5259 Ut
663 5192 695 5260 si
720 5190 878 5278 quolivet
903 5193 1059 5277 tempore
1081 5207 1144 5275 per
1167 5190 1292 5274 quovis
1315 5189 1456 5256 modum
1480 5189 1536 5255 vel
1560 5188 1761 5276 ingenium,
1778 5190 1853 5258 sive
1876 5209 1954 5279 nos,
1980 5195 2037 5262 vel
2060 5196 2173 5262 nostri
2198 5199 2362 5288 heredes,
2380 5203 2440 5268 aut

593 5347 877 5432 quabiscumque
901 5343 975 5413 alia
999 5360 1133 5412 umana
1157 5359 1309 5429 persona
1333 5346 1368 5410 te
1393 5343 1659 5429 suprascriptus
1683 5345 1815 5432 sergio,
1841 5347 1892 5413 vel
1919 5352 1998 5415 tuos
2021 5350 2181 5437 1616166,
2205 5351 2248 5420 (16
2273 5353 2350 5440 ipse
2366 5373 2441 5441 pre·

600 5497 695 5567 dicte
719 5499 828 5568 tertie
851 5497 895 5568 de
919 5497 1033 5584 ipsum
1057 5495 1255 5584 predictum
1279 5499 1397 5563 monte
1421 5512 1570 5582 querere
1600 5497 1663 5563 aut
1696 5501 1862 5566 66111616
1890 5501 2201 5590 presumserimus,
2232 5523 2438 5594 componere

588 5652 831 5738 promittimus
854 5669 918 5719 nos
942 5654 978 5718 et
1001 5648 1117 5718 nostri
1141 5648 1313 5734 heredes,
1344 5646 1443 5714 16116
1466 5650 1563 5714 6161
1586 5646 1715 5714 restris
1739 5647 1929 5715 heredibus
1952 5650 2034 5717 auri
2059 5651 2187 5722 solidos
2209 5655 2365 5743 triginta
2388 5657 2437 5725 bi-

590 5803 761 5890 tianteos,
785 5807 820 5870 61
844 5805 909 5872 hec
933 5801 1098 5872 chartula
1122 5801 1170 5869 sit
1193 5802 1297 5870 tirma
1314 5800 1362 5866 im
1379 5803 1602 5886 perpetuum3
1627 5798 1842 5868 solummodo
1866 5801 2098 5894 reclaramus,
2125 5811 2162 5876 ut
2178 5809 2207 5877 si
2225 5813 2433 5882 161611116-
