5318 7102
892 555 1073 626 baalin
1107 551 1434 626 raluoonun
1992 555 2033 626 sl

276 777 465 863 venerint,
493 775 541 848 bii
570 778 628 871 qui
655 778 767 850 uocati
794 777 953 862 luerunt,
983 777 1103 850 venire
1129 779 1332 863 voluerint,
1362 779 1600 874 unusquisque
1628 778 1821 850 secundum
1847 779 1961 874 legem
1989 791 2085 850 suam

276 935 340 1008 hoc
361 937 534 1008 emendet.
555 941 578 1032 ¹)

229 1094 313 1166 Cum
340 1098 432 1168 enim
460 1097 526 1168 iam
554 1121 658 1192 parvo
685 1099 793 1194 spatio
819 1099 984 1194 temporis
1011 1101 1100 1172 iusta
1126 1101 1216 1194 quod
1242 1099 1439 1195 potuimus,
1476 1100 1540 1172 boc
1576 1107 1645 1172 tota
1672 1100 1901 1172 intentionem
1927 1101 2083 1174 laborare

277 1257 499 1346 studivimus,
528 1259 674 1353 qualiter
700 1257 844 1332 salvatio
871 1273 988 1332 nostra
1013 1273 1048 1332 et
1073 1261 1174 1332 istius
1201 1261 1299 1356 regni
1328 1271 1489 1334 maneant
1515 1261 1550 1332 in
1578 1261 1717 1346 loturo,
1749 1261 1854 1334 etiam
1885 1262 1951 1334 hoc
1983 1261 2083 1334 nobis

276 1414 488 1488 desiderium
514 1419 580 1492 luit
607 1421 798 1513 inquirere,
825 1419 972 1513 qualiter
997 1443 1080 1516 erga
1105 1444 1168 1492 nos
1187 1419 1366 1492 veuibolos
1384 1420 1609 1492 ostendamus
1623 1420 1830 1515 generaliter
1847 1443 1927 1492 cum
1945 1422 2088 1494 cunctis

278 1578 560 1666 aecclesiasticis,
589 1604 628 1652 ac
653 1579 773 1652 liberis
799 1580 956 1675 personis
982 1581 1023 1652 ad
1050 1581 1290 1654 consolatione
1316 1605 1464 1668 eorum,
1494 1591 1529 1654 et
1554 1581 1595 1652 ad
1621 1581 1762 1654 illorum
1788 1581 1877 1668 bona
1903 1581 2081 1654 voluntate

278 1738 583 1824 corroborandam,
611 1749 645 1813 et
672 1739 836 1813 fidelitate
863 1739 1016 1825 illorum,
1045 1739 1149 1812 sicuti
1176 1765 1311 1836 semper
1329 1765 1411 1836 erga
1438 1766 1501 1814 nos
1518 1751 1694 1827 severunt,
1716 1750 1935 1813 conservent.
1958 1742 2089 1812 Tamen

278 1894 442 1968 volumus
468 1896 532 1970 boc
558 1897 764 1971 beneficium
790 1905 971 1994 prestare,
1001 1907 1038 1972 ut
1064 1901 1317 1994 cuiuscumque
1355 1924 1477 1974 servus
1514 1901 1624 1973 libera
1653 1901 1785 1972 lamina
1811 1899 1876 1972 sibi
1903 1923 1979 1971 eam
2007 1923 2089 1972 con-

279 2057 488 2128 sentientem
516 2059 550 2128 in
578 2058 740 2152 coniugio
767 2059 988 2145 sociaverint,
1010 2060 1101 2131 siout
1117 2058 1171 2130 lox
1187 2059 1293 2130 talem
1320 2081 1468 2154 persona
1493 2069 1611 2131 nostro
1629 2057 1712 2131 fisco
1731 2059 1876 2143 sociant,
1897 2058 1947 2130 lta
1972 2067 2091 2131 nostra

279 2214 484 2289 liberalitate
512 2216 750 2300 concedimus,
779 2217 823 2288 Ut
849 2215 883 2286 in
911 2222 1077 2310 potestate
1104 2225 1138 2287 et
1164 2215 1305 2288 servitio
1324 2216 1456 2288 domiui
1476 2215 1585 2302 illius,
1606 2218 1707 2288 euius
1726 2238 1848 2288 servus
1867 2214 1971 2287 luerit
1989 2215 2089 2287 ambo

279 2385 486 2449 revertatur.

232 2532 403 2606 Similiter
428 2537 620 2608 concedere
647 2538 821 2627 volumus,
851 2547 888 2611 ut
913 2540 1049 2612 cunctis
1075 2538 1194 2612 liberis
1220 2539 1389 2634 personis,
1410 2540 1453 2612 Ut
1471 2537 1591 2610 nullus
1617 2537 1720 2610 iudex
1747 2537 1919 2632 publicus,
1949 2559 2008 2608 seo
2026 2536 2090 2606 mi-

278 2693 399 2766 nistris
425 2695 573 2790 publicis
599 2721 659 2770 eos
685 2711 806 2773 contra
831 2699 945 2794 legem
971 2699 1094 2770 audeat
1119 2699 1312 2793 pignerare,
1341 2695 1577 2769 immobilibus
1603 2699 1661 2791 qui
1689 2697 1886 2768 audivimus
1911 2696 1934 2792 ²)
1975 2693 2091 2768 multa

280 2852 425 2943 damna,
454 2865 555 2954 atque
582 2857 761 2932 afflictione
789 2869 925 2956 propter
950 2861 1014 2933 boc
1050 2861 1176 2957 populo
1203 2869 1322 2934 nostro
1348 2861 1542 2946 sustinere,
1572 2883 1686 2954 neque
1720 2868 1865 2954 cogatur
1891 2859 1932 2930 ad
1962 2859 2087 2955 placita

227 2983 229 2988 Ι
279 3020 400 3090 venire
427 3027 541 3114 preter
568 3021 602 3090 in
630 3043 720 3090 anno
745 3019 790 3116 ³),
820 3020 919 3093 Siout
945 3022 980 3092 in
1007 3022 1195 3118 capitulare
1227 3023 1445 3109 continetur,
1482 3022 1651 3119 Exceptos
1681 3006 1845 3094 scavinis
1866 3029 1901 3092 et
1934 3027 2091 3092 causato-

280 3180 398 3268 ribus,
427 3189 461 3253 et
484 3179 632 3254 testibus
658 3183 886 3267 necessariis,
915 3183 996 3276 quia
1021 3182 1181 3254 omnibns
1216 3183 1378 3254 volumus
1412 3180 1534 3254 offerre
1560 3185 1599 3278 ⁸),
1628 3191 1666 3254 ut
1699 3181 1846 3277 populus
1880 3188 1998 3252 noster
2032 3202 2090 3274 pa-

278 3339 377 3411 cillce
404 3340 468 3411 sub
494 3350 612 3414 nostro
638 3342 807 3436 regimine
832 3343 949 3414 vivere
975 3342 1082 3437 possit
1099 3347 1144 3438 ὅ),
1163 3342 1238 3414 Nisi
1264 3364 1347 3413 vero
1373 3341 1432 3436 qui
1458 3365 1494 3412 se
1522 3340 1622 3413 nobis
1647 3338 1993 3426 commendaverunt,
2024 3352 2083 3412 aut

279 3501 317 3572 in
344 3499 461 3574 futuro
489 3501 817 3588 commendareriut,
845 3501 1007 3574 volumus
1033 3501 1243 3597 specialiter,
1271 3500 1337 3574 boc
1363 3501 1461 3574 onori
1488 3500 1709 3597 privilegium
1729 3501 1920 3573 concedere
1946 3521 2005 3595 pre
2032 3521 2088 3570 oe-

278 3659 364 3732 teris
390 3660 522 3748 liberis,
550 3663 595 3735 Ut
621 3663 830 3756 ubicumque
857 3663 1030 3750 venerint,
1052 3661 1124 3734 sibe
1143 3663 1178 3733 in
1205 3663 1359 3758 placite,¹
1386 3662 1459 3734 sibe
1487 3664 1522 3733 in
1549 3661 1704 3756 quolibet
1731 3663 1808 3734 loco
1834 3661 1929 3732 omni
1956 3659 2086 3732 honoro

279 3819 377 3916 digni
403 3819 606 3894 habeantur.
636 3821 678 3893 Et
703 3822 809 3893 ceteri
835 3827 1075 3916 anteponatur,
1103 3831 1138 3894 et
1163 3823 1329 3918 quioquid
1356 3824 1611 3918 adquirendum
1638 3822 1835 3905 habuerint,
1864 3820 1992 3914 absque
2019 3819 2090 3893 ulla

278 3981 447 4056 dilatione
473 3981 641 4056 iustitiam
668 4007 765 4054 suam
792 3982 949 4078 accipere
975 3993 1160 4084 mereatur.
1189 3985 1231 4058 nt
1257 3984 1299 4056 de
1325 3983 1465 4056 illorum
1482 3981 1603 4054 liberis
1620 3981 1820 4054 hominibus
1838 3979 1896 4075 qui
1915 4002 1975 4052 eos
1993 4003 2090 4051 com-

278 4145 433 4217 mendati
459 4155 541 4218 sunt
566 4155 624 4219 aut
649 4145 792 4233 luerint,
821 4145 858 4218 Si
885 4146 957 4242 ipse
984 4147 1101 4218 senior
1127 4169 1206 4218 eum
1233 4167 1353 4218 secum
1379 4144 1415 4214 in
1442 4141 1624 4215 servitium
1650 4165 1719 4213 non
1747 4140 1918 4228 babuerit,
1948 4147 2089 4236 propter

277 4306 448 4380 iustitiam
474 4307 667 4380 faciendam
693 4331 758 4379 neo
784 4307 1049 4402 distringantur,
1069 4329 1134 4377 neo
1151 4304 1378 4401 pignerentur
1403 4323 1582 4395 quousque
1601 4300 1643 4371 de
1660 4308 1780 4372 nostro
1794 4298 1936 4372 servitio
1954 4297 2086 4370 reversi

279 4467 422 4540 suerint.
451 4467 494 4540 Et
518 4476 601 4540 tunc
629 4468 658 4538 si
684 4467 762 4560 quis
779 4463 820 4536 ab
838 4463 889 4535 eis
907 4463 1097 4560 quaeritur,
1116 4463 1266 4559 primum
1292 4461 1487 4536 senioribus
1506 4460 1747 4545 admoneatur,
1768 4466 1806 4531 ut
1823 4457 1990 4532 iustitiam
2005 4481 2089 4553 que-

278 4627 436 4700 rentibus
463 4628 578 4714 iaciat;
607 4629 650 4700 Et
676 4629 705 4700 si
733 4629 805 4726 ipse
832 4627 947 4699 lacere
974 4625 1165 4710 noluerint,
1194 4631 1278 4695 tunc
1304 4620 1463 4717 legaliter
1489 4619 1729 4716 distringatur.

231 4941 684 4952 ——.-.-——-———-—-—..-.-—--

271 5149 295 5239 ¹)
317 5154 401 5218 Mur.
425 5155 535 5218 LXXI.
615 5215 617 5220 ,

154 5353 157 5358 -
271 5311 296 5390 ²)
316 5309 436 5373 insece
460 5309 492 5370 di
514 5305 735 5373 immobilibus
755 5304 811 5384 qui
832 5301 1018 5367 audirimus
1040 5300 1064 5361 il
1085 5299 1170 5360 Mur.
1194 5298 1248 5358 ha:
1272 5293 1403 5361 scilicet
1423 5293 1458 5356 ia
1479 5290 1601 5364 tribou
1624 5288 1700 5371 quia
1722 5286 1918 5352 audirimus.

271 5457 297 5538 θ)
316 5458 353 5520 In
375 5462 493 5538 questo
514 5457 611 5536 luogo
633 5470 749 5520 manca
770 5450 827 5515 nel
850 5456 962 5514 nostro
985 5448 1106 5512 Codice
1130 5446 1161 5507 la
1182 5445 1296 5527 parole
1316 5443 1397 5519 tria,
1413 5442 1475 5506 che
1491 5441 1520 5503 si
1535 5439 1633 5519 legge
1656 5438 1712 5501 nel
1735 5443 1821 5502 testo
1842 5437 2081 5512 Muratoriano,

107 5645 117 5662 ·
232 5611 305 5676 eice
328 5613 466 5692 praetor
487 5603 555 5671 tria
576 5604 610 5667 in
631 5619 726 5680 anno,
750 5602 866 5664 insece
890 5601 922 5662 di
946 5603 1061 5681 preter
1081 5593 1116 5658 in
1137 5608 1230 5659 anno.

272 5761 297 5843 ⁸)
317 5760 437 5823 lovere
461 5757 494 5820 di
516 5757 592 5839 quia
613 5753 761 5824 omnibus
783 5749 932 5817 volumus
954 5747 1075 5814 offerre
1096 5744 1120 5806 il
1141 5742 1226 5806 Mur.
1250 5740 1311 5801 ha:
1335 5737 1412 5819 qnia
1434 5736 1539 5802 omnia
1561 5737 1644 5801 haec
1665 5735 1799 5800 auterre
1821 5733 1980 5799 volumus.

272 5911 297 5992 ⁸)
318 5911 380 5973 Fin
402 5909 458 5988 qui
482 5912 599 5987 questa
620 5903 717 5983 legge
741 5895 903 5965 concorda
925 5895 976 5962 col
998 5895 1038 5958 N.
1063 5889 1190 5957 LXXIV
1211 5889 1266 5954 del
1289 5895 1375 5954 testo
1397 5886 1630 5952 Muratcriano.
