5310 7080
612 487 658 557 pp
1250 481 1419 552 ‹xonsx
1455 483 1717 558 clvrzssrs

566 709 696 778 ibidem
721 710 905 794 miserint,
929 713 1005 777 tota
1029 707 1236 795 supradicta
1259 713 1384 778 nostra
1408 709 1622 778 tradictione
1638 729 1700 797 per
1715 663 1923 800 supradicte
1936 714 2018 782 linis
2034 719 2070 783 et
2086 714 2263 783 mensurie
2280 732 2342 783 sue
2358 733 2415 802 po-

564 861 709 930 testatis
731 865 853 928 tenere
878 863 914 927 et
939 859 1137 946 dominare,
1161 859 1262 928 etde
1286 863 1462 944 quantum
1486 864 1541 928 est
1566 861 1641 948 ipso
1667 863 1846 950 bacibum,
1870 867 1984 932 totum
2001 865 2083 933 illut
2098 868 2332 952 pastenarent
2356 887 2414 936 ar·

566 1017 724 1102 bustum,
749 1015 841 1081 sicut
864 1015 1037 1082 meruerit
1059 1013 1102 1082 de
1126 1016 1216 1080 bono
1239 1013 1388 1099 bitine0,
1412 1017 1448 1080 et
1472 1013 1533 1080 ubi
1557 1016 1742 1101 meruerit,
1766 1016 1847 1083 illut
1870 1019 2153 1104 propaginarent
2179 1018 2275 1087 infra
2300 1024 2413 1088 totum

566 1171 643 1255 ipso
666 1175 865 1258 arbustum,
890 1175 926 1238 et
950 1174 1095 1238 arbores
1119 1177 1155 1239 et
1179 1170 1269 1238 bites
1292 1169 1513 1256 plantarent,
1538 1173 1573 1236 et
1596 1173 1710 1237 totum
1735 1171 1810 1256 ipso
1827 1173 2012 1238 arbustum
2030 1174 2248 1258 temporibus
2264 1176 2339 1242 suis
2365 1173 2415 1244 la-

563 1325 698 1438 borent¹
713 1327 749 1391 et
773 1324 957 1392 cullarent
980 1325 1023 1390 de
1046 1342 1151 1410 super
1175 1328 1212 1392 et
1236 1325 1278 1391 de
1303 1326 1443 1409 subter,
1467 1320 1560 1387 sicul
1583 1319 1680 1387 locus
1705 1321 1780 1405 ipse
1808 1320 2006 1408 meruerit,
2036 1326 2214 1408 quatenus
2241 1325 2412 1410 proficiad

560 1481 596 1544 et
618 1495 689 1543 non
715 1476 922 1562 disperead,
947 1479 984 1542 et
1007 1475 1148 1560 quando
1171 1473 1343 1541 meruerit
1367 1493 1429 1559 per
1452 1478 1633 1558 tempore,
1664 1477 1779 1539 totum
1814 1473 1887 1559 ipso
1912 1476 2098 1541 arbustum
2124 1475 2412 1564 bindenriarent,

560 1635 596 1698 et
620 1633 758 1700 iaciant
775 1629 981 1698 annualiter
999 1629 1070 1694 illis
1085 1628 1219 1697 scirent
1243 1647 1327 1716 pars
1343 1631 1454 1714 ipsius
1470 1629 1629 1714 ecclesie,
1648 1634 1686 1696 ut
1702 1630 1832 1696 ibidem
1849 1631 2047 1716 dirigamus
2064 1631 2211 1698 missum
2237 1637 2411 1719 nostrum,

560 1789 596 1852 et
619 1789 732 1852 toturn
757 1786 831 1870 ipso
859 1785 983 1850 binum
1008 1782 1139 1850 ibidem
1163 1782 1208 1849 ad
1231 1781 1452 1868 pulmentum
1476 1787 1512 1848 et
1535 1783 1649 1850 omnis
1671 1802 1774 1868 poma
1798 1783 1928 1852 exinde
1952 1803 2014 1870 per
2040 1785 2196 1852 medium
2212 1785 2296 1853 illut
2313 1787 2412 1854 inter

560 1958 597 2005 se
621 1939 843 2005 dibiderent:
870 1938 1014 2004 missurn
1039 1936 1196 2022 predicte
1220 1935 1365 2002 ecclesie
1391 1936 1500 2004 tollad
1525 1935 1606 2002 illut
1630 1937 1870 2026 medietatem,
1895 1944 1931 2006 et
1956 1938 2021 2025 ipsi
2050 1939 2213 2025 germani
2240 1939 2409 2008 medieta-

560 2099 657 2178 tem3
684 2097 803 2159 tamen
827 2092 869 2158 de
892 2093 1069 2174 quantum
1093 2090 1216 2155 binum
1240 2092 1276 2155 et
1301 2089 1446 2174 srugens
1470 2091 1602 2157 exierit
1629 2091 1671 2157 de
1697 2091 1777 2159 illut
1800 2092 1891 2177 quod
1925 2094 2194 2178 pastenaberint
2226 2093 2349 2160 amodo
2374 2101 2410 2161 et

558 2265 669 2332 usque
693 2249 771 2311 octo
795 2245 882 2312 anni
907 2243 1086 2334 completi,
1112 2247 1227 2308 toturn
1252 2239 1333 2308 illut
1356 2241 1425 2308 sibi
1451 2243 1601 2309 aberent
1626 2249 1662 2310 et
1686 2245 1822 2312 nullam
1845 2247 2036 2312 sortionem
2063 2247 2101 2312 in
2125 2267 2207 2332 pars
2226 2247 2337 2332 ipsius
2353 2269 2407 2316 ec-

557 2397 664 2465 clesie
688 2397 819 2464 exinde
843 2396 964 2478 deant3
990 2394 1034 2461 ad
1059 2392 1221 2480 completi
1248 2392 1314 2478 ipsi
1339 2400 1416 2460 octo
1440 2395 1524 2462 anni
1551 2396 1622 2462 illis
1646 2403 1681 2463 et
1702 2397 1776 2464 suis
1799 2399 1962 2464 eredibus
1986 2401 2119 2467 abeant
2145 2400 2182 2464 in
2201 2404 2311 2467 toturn
2335 2400 2410 2486 ipso

557 2552 724 2619 baelbum
749 2551 935 2616 arbustum
961 2549 1091 2612 bonum
1114 2547 1259 2629 lactum,
1285 2557 1469 2630 operatum
1492 2551 1528 2613 et
1551 2553 1701 2634 surtum,
1726 2551 1819 2616 sicut
1841 2551 1941 2618 dccet
1964 2551 2006 2616 de
2029 2555 2148 2617 tantos
2166 2570 2292 2634 annoS,
2309 2562 2344 2618 et
2363 2554 2408 2620 da

559 2705 641 2772 inde
666 2708 703 2770 in
727 2709 834 2772 antea
858 2720 967 2786 usque
992 2701 1059 2787 ipsi
1084 2699 1229 2766 sidecim
1254 2701 1343 2766 anni
1367 2701 1531 2785 completi
1557 2701 1638 2768 illut
1653 2707 1829 2788 tenerent,
1847 2708 1882 2770 et
1897 2704 1990 2769 abtis
2007 2705 2222 2788 temporibus
2247 2667 2331 2773 illut¹
2354 2707 2405 2773 la-

557 2860 725 2926 borarent
749 2864 783 2924 et
807 2855 1000 2939 culcarent,
1026 2855 1117 2919 sicut
1144 2853 1240 2919 locus
1267 2852 1341 2939 ipse
1365 2855 1556 2938 meruerit,
1580 2859 1615 2919 et
1639 2859 1753 2918 toturn
1777 2852 1852 2938 ipso
1877 2854 1999 2920 binum
2024 2854 2155 2921 ibidem
2179 2857 2224 2923 ad
2249 2857 2407 2942 palmen-

555 3017 632 3078 tum
656 3031 738 3078 cum
764 3013 879 3096 ipsum
904 3009 1050 3074 missurn
1076 3007 1187 3092 ipsius
1210 3005 1358 3073 ecclesie
1382 3024 1444 3090 per
1468 3005 1622 3073 medium
1648 3006 1729 3072 illut
1753 3009 1848 3073 inter
1872 3027 1908 3074 se
1933 3007 2401 3098 dibide1²enl‚sicutelipso

555 3166 650 3233 aliut
674 3168 716 3232 de
741 3165 817 3251 ipso
842 3166 1040 3247 arbustum,
1065 3167 1101 3228 et
1126 3161 1239 3226 licead
1265 3160 1335 3226 illis
1359 3165 1394 3226 et
1416 3159 1493 3225 suis
1516 3161 1681 3225 eredibus
1705 3179 1816 3245 usque
1842 3161 1917 3246 ipso
1941 3161 2179 3228 constitutum
2196 3164 2233 3228 in
2252 3166 2328 3249 ipsa
2345 3184 2401 3232 re-

556 3319 621 3383 bus
645 3317 800 3385 residere
827 3323 861 3382 et
885 3316 1037 3398 abitare,
1062 3318 1098 3380 et
1123 3313 1200 3396 ipsa
1225 3313 1341 3395 rebuS,
1369 3309 1427 3376 ubi
1453 3311 1637 3396 meruerit,
1663 3311 1797 3379 clusam
1813 3314 1973 3398 aberent,
1998 3319 2033 3380 et
2058 3334 2119 3400 per
2142 3322 2298 3401 ternpore
2315 3338 2397 3404 pars

556 3475 668 3559 ipsius
691 3471 837 3539 ecclesie
861 3471 1095 3554 adsignarent
1117 3484 1239 3532 eorum
1264 3484 1422 3550 organea
1445 3465 1491 3532 da
1517 3465 1639 3532 binum
1664 3468 1708 3533 ad
1733 3467 1919 3533 cellarium
1944 3469 2055 3554 ipsius
2079 3469 2224 3536 ecclesie
2247 3471 2289 3538 de
2315 3472 2399 3538 illuc

554 3629 614 3696 ubi
640 3625 774 3694 dicitur
798 3626 843 3692 ad
869 3624 936 3711 ipsi
962 3623 1084 3708 pariti,
1109 3627 1144 3688 et
1169 3620 1240 3686 illis
1264 3638 1423 3704 organea
1446 3617 1523 3705 ipsa
1547 3639 1608 3705 per
1635 3625 1803 3705 ternpore,
1830 3622 1921 3686 sicut
1938 3622 2124 3706 meruerit,
2142 3624 2346 3693 conciarent
2361 3632 2394 3692 et

553 3781 773 3865 studiarent,
796 3786 831 3844 et
854 3780 967 3843 totum
990 3775 1066 3860 ipso
1090 3775 1213 3839 binum
1239 3771 1429 3839 sortionem
1455 3773 1568 3858 ipsius
1592 3773 1737 3841 ecclesie
1762 3775 1808 3841 ad
1833 3775 1907 3860 ipso
1923 3774 2110 3842 cellarium
2136 3795 2197 3860 per
2225 3775 2403 3846 bindemie

552 3943 746 4024 portemuS,
770 3939 805 3998 ot
830 3931 905 4017 ipso
929 3931 1052 3996 binum
1077 3929 1115 3994 in
1140 3927 1217 4012 ipsa
1241 3943 1399 4011 organea
1423 3927 1626 4010 quem‘illis
1649 3927 1909 4014 conoiaberint,
1931 3905 2131 4014 mitterent3
2157 3936 2203 4016 et,
2229 3931 2314 3998 dum
2339 3933 2402 3999 ibi-

550 4092 631 4159 dem
648 4107 711 4176 pro
727 4089 801 4173 ipse
819 4084 996 4152 bindemie
1012 4079 1179 4149 steterint
1195 4079 1310 4164 ipsum
1325 4077 1473 4146 missum
1488 4057 1646 4186 predicte
1663 4059 1825 4170 ecclesie,
1842 4089 1905 4152 aut
1922 4103 1985 4169 pro
2008 4085 2082 4170 ipse
2107 4085 2195 4170 aire,
2222 4085 2294 4152 illis
2318 4105 2395 4152 eum

548 4249 729 4314 nutrirent
754 4242 948 4310 secundum
973 4255 1074 4304 suam
1099 4233 1382 4321 possibilitatem,
1408 4241 1443 4302 et
1468 4235 1545 4321 ipsa
1570 4237 1829 4322 palmentutecn
1853 4240 1897 4306 ad
1914 4238 2028 4324 ipsum
2045 4239 2189 4305 missurn
2218 4241 2328 4326 ipsius
2347 4261 2400 4307 ec·

547 4400 652 4469 clesie
676 4403 818 4482 darent,
844 4395 937 4460 sicut
961 4367 1159 4474 meruerit3
1185 4393 1221 4454 et
1244 4388 1288 4454 de
1311 4389 1404 4473 quod
1428 4388 1466 4453 in
1491 4394 1562 4456 tota
1587 4389 1665 4475 ipsa
1688 4392 1793 4456 rebus
1817 4392 2089 4476 seminaberint,
2113 4393 2222 4459 deant
2247 4391 2320 4460 illis
2336 4411 2395 4460 ex-

548 4559 634 4625 inde
658 4556 695 4621 in
721 4573 805 4641 pars
830 4551 942 4637 ipsius
965 4549 1113 4617 ecclesie
1137 4529 1353 4614 annualiter¹
1372 4542 1502 4609 ibidem
1520 4545 1730 4610 terraticum
1746 4544 1939 4610 secundum
1957 4546 2248 4612 consuetudinem
2266 4546 2310 4614 de
2327 4549 2400 4632 ipso

548 4711 684 4794 locum3
718 4709 762 4775 ad
794 4706 958 4791 completi
983 4701 1049 4789 ipsi
1074 4700 1220 4767 sidecim
1243 4697 1330 4766 anni
1355 4696 1468 4763 licead
1492 4695 1563 4761 illis
1587 4701 1622 4763 et
1651 4695 1725 4762 suis
1749 4695 1912 4764 eredibus
1935 4699 2018 4766 inde
2049 4700 2152 4766 exire
2176 4717 2257 4765 curn
2283 4701 2398 4767 ornnis

548 4881 612 4931 sua
637 4881 746 4930 causa
771 4877 839 4943 que
864 4857 995 4923 ibidem
1020 4851 1213 4934 abuerint,
1238 4853 1273 4916 et
1296 4866 1444 4934 pergere
1469 4867 1549 4914 curu
1574 4848 1635 4915 illo
1660 4848 1719 4914 ubi
1745 4849 1947 4936 boluerint,
1982 4855 2017 4918 et
2042 4851 2166 4920 inclita
2191 4852 2267 4938 ipsa
2293 4855 2397 4922 rebus

548 5015 711 5084 laborata
735 5021 771 5078 et
795 5009 931 5077 cultata
955 5011 1005 5091 et,
1030 5005 1091 5071 ubi
1115 5003 1311 5087 meruerit,
1335 5001 1433 5069 clusa
1457 5001 1679 5068 remitterent
1704 5003 1748 5069 ad
1773 5007 1943 5087 potestate
1969 5003 2082 5089 ipsius
2106 5003 2278 5090 ecclesie;
2305 5013 2339 5074 et
2365 5008 2396 5074 si

546 5171 669 5239 taliter
694 5174 758 5236 etc.
785 5169 934 5235 Sintula
957 5165 1072 5230 irretita
1094 5159 1356 5244 quinquaginta
1376 5156 1569 5222 solidorum.
1584 5157 1669 5220 uerri
1694 5159 2070 5224 constantinianorunt
2090 5178 2161 5242 pro
2180 5163 2301 5245 plactis
2328 5180 2398 5228 reon

546 5325 713 5392 servatis.
740 5325 776 5388 et
801 5322 896 5385 hunc
919 5317 1062 5384 brebem
1090 5309 1215 5396 scripsi
1242 5325 1306 5393 ego
1330 5305 1487 5373 ademari
1515 5307 1679 5372 notarius
1702 5307 1762 5391 qui
1790 5309 1948 5374 interfui.

590 5452 620 5567 †
647 5482 721 5564 Ego
746 5475 930 5562 iaquintus

590 5605 620 5720 †
647 5635 721 5718 ligo
745 5629 966 5716 grimoaldus
991 5623 1153 5692 notarius
1178 5640 1233 5687 ine
1258 5617 1465 5702 subscripsi.
