5334 7098
1255 563 1427 634 CODEX
1453 560 1721 634 CAVENSlS

1332 933 1641 1013 DCXLVII.

1347 1160 1402 1238 A.
1429 1159 1480 1236 D.
1508 1159 1629 1239 1012.

608 1366 645 1506 '¹'
670 1421 709 1486 ln
733 1419 877 1488 nomine
901 1421 1036 1489 domini
1061 1420 1229 1488 vicesimo
1260 1421 1365 1488 tertio
1395 1439 1490 1488 anuo
1521 1419 1744 1506 principatus
1776 1419 1895 1486 domui
1927 1417 2038 1486 nostri
2063 1419 2247 1504 guaimari
2271 1419 2420 1508 gloriosi

559 1570 747 1659 principis,
771 1576 891 1641 Mense
915 1573 1130 1659 Ianuarius,
1155 1573 1292 1641 decima
1316 1570 1524 1638 indictione.
1551 1573 1694 1637 brebem
1720 1569 1887 1636 emissum
1912 1591 1934 1638 a
1958 1588 2013 1634 me
2038 1577 2160 1654 petrus
2184 1572 2361 1656 presbiter
2384 1577 2420 1637 et

561 1727 678 1793 rector
702 1725 850 1792 ecclesie
874 1727 989 1794 saneti
1014 1723 1175 1812 martini,
1200 1744 1268 1810 que
1291 1723 1490 1812 guaiferius
1514 1741 1629 1790 comes
1645 1744 1667 1791 a
1686 1723 1776 1789 nobo
1799 1721 2008 1790 fundamine
2034 1723 2237 1789 construxit
2254 1723 2293 1788 in
2311 1724 2418 1790 rebus

561 1895 627 1945 sua
651 1880 745 1946 ulter
769 1878 915 1945 flubium
931 1878 994 1964 qui
1009 1877 1141 1945 dicitur
1164 1876 1290 1962 lirinu,
1315 1879 1513 1962 propinquo
1528 1879 1697 1944 carnaria
1715 1877 1794 1943 uius
1810 1875 1983 1960 civitatiS,
2001 1877 2149 1960 eoquod
2174 1879 2258 1943 ante
2275 1876 2417 1960 aydoll'o

557 2035 593 2098 et
618 2031 743 2098 astolfo
766 2037 801 2098 et
824 2028 960 2116 gysulfo
983 2031 1147 2116 germani
1171 2028 1237 2096 dlii
1262 2029 1424 2115 guidoni,
1449 2030 1510 2113 qui
1536 2031 1620 2094 sunt
1643 2027 1790 2095 dominii
1813 2029 1856 2094 de
1874 2027 1952 2113 ipsa
1974 2027 2137 2114 ecclesia,
2162 2033 2197 2093 et
2220 2027 2416 2114 subscripti

555 2187 674 2268 testes,
700 2201 762 2269 per
787 2185 879 2250 bona
902 2184 1154 2250 conbenieutia
1170 2182 1303 2270 guadia
1320 2181 1430 2248 michi
1447 2180 1527 2247 dedi
1545 2181 1717 2249 iohannes
1742 2179 1836 2246 lllius
1859 2181 1965 2264 petri,
1981 2181 2016 2247 et
2043 2179 2273 2247 mediatorem
2299 2179 2414 2248 michi

555 2336 657 2421 posui
682 2338 851 2422 seipsum3
875 2341 910 2402 ot
933 2355 995 2422 per
1018 2337 1096 2423 ipsa
1120 2335 1253 2422 guadia
1276 2336 1450 2421 obligavit
1465 2354 1502 2402 se
1518 2337 1553 2401 et
1571 2351 1651 2401 suos
1669 2334 1761 2400 filios
1776 2341 1811 2401 et
1828 2335 1973 2401 heredes
1991 2333 2056 2400 tali
2073 2333 2211 2418 ordine,
2230 2339 2269 2400 ut
2287 2305 2417 2402 amodo

554 2492 590 2554 et
617 2507 728 2574 usque
751 2489 934 2557 duodecim
959 2490 1045 2559 anni
1070 2489 1224 2574 conpleti
1248 2509 1310 2555 sue
1334 2486 1519 2575 potestatis
1543 2491 1664 2553 tenere
1687 2485 1755 2552 due
1781 2485 1877 2569 pecie
1900 2485 1943 2550 de
1967 2491 2079 2570 terra,
2105 2485 2196 2570 quod
2221 2506 2305 2570 pars
2336 2487 2416 2572 ipsa

556 2639 706 2709 ecclesia
728 2645 811 2710 abet
835 2645 873 2710 in
898 2643 1012 2710 locum
1036 2644 1294 2729 campilianum
1317 2638 1550 2709 salernitanis
1576 2637 1719 2704 finibus:
1746 2654 1819 2703 una
1836 2654 1882 2702 ex
1898 2635 1971 2720 ipse
1997 2639 2095 2722 pecie
2110 2637 2153 2704 de
2172 2644 2270 2706 terra
2296 2641 2415 2708 bacua

555 2797 696 2860 etcum
721 2797 881 2862 castanei
906 2795 998 2880 quod
1021 2794 1186 2862 exomni
1212 2799 1314 2880 parte
1340 2793 1547 2860 coniuutum
1571 2797 1624 2857 est
1647 2795 1685 2858 at
1700 2791 1770 2855 fine
1794 2791 1900 2856 robus
1924 2788 2071 2855 ecclesie
2097 2808 2158 2874 per
2183 2793 2247 2857 beo
2272 2810 2417 2858 mensu·

554 2947 622 3017 ria.
650 2951 678 3013 A
702 2967 784 3034 pars
809 2947 1026 3015 hoccidentis
1050 2951 1145 3034 passi
1161 2948 1377 3033 quindecim:
1397 2949 1426 3012 A
1443 2945 1673 3032 septemtrion
1698 2944 1790 3030 passi
1816 2944 1947 3012 decem:
1968 2946 2020 3008 Ab
2045 2945 2217 3010 orientem
2243 2947 2343 3030 passi
2363 2965 2418 3012 se-

553 3100 682 3168 decim:
709 3103 738 3166 A
762 3099 911 3166 meridie
936 3097 1031 3184 passi
1056 3098 1270 3183 quindecim:
1291 3099 1369 3182 ipsa
1393 3097 1467 3164 alia
1491 3098 1591 3182 pecia
1615 3101 1668 3162 est
1691 3115 1771 3162 cum
1796 3095 1902 3164 vinea
1919 3103 1953 3163 et
1980 3099 2133 3163 bacuum
2152 3103 2285 3164 etcum
2312 3101 2419 3165 arbo-

554 3253 653 3319 ribus
678 3251 843 3318 similiter
868 3251 911 3316 de
935 3249 1099 3318 exomni
1124 3258 1226 3336 parte
1251 3253 1425 3318 ooniuuta
1449 3259 1502 3318 est
1528 3257 1565 3318 at
1590 3255 1695 3318 rebus
1719 3251 1831 3336 ipsius
1854 3249 2001 3315 ecclesie
2035 3269 2097 3335 per
2124 3251 2187 3316 hec
2213 3253 2415 3319 mensoria.

555 3409 584 3472 A
608 3425 690 3492 pars
714 3404 862 3470 orientis
886 3405 967 3470 inde
991 3402 1086 3490 passi
1110 3403 1230 3470 decem
1255 3409 1291 3469 et
1315 3405 1430 3468 boeto!
1450 3407 1479 3470 A
1496 3423 1579 3490 pars
1596 3406 1826 3490 septemtrion
1851 3405 1946 3490 passi
1973 3405 2220 3490 quadraginta
2245 3405 2331 3472 duo:
2361 3408 2412 3471 Ab

552 3557 733 3624 occidente
757 3559 850 3643 passi
876 3557 1004 3644 biginti
1030 3562 1209 3641 quattuor:
1237 3558 1265 3621 A
1291 3557 1439 3623 meridie
1463 3558 1557 3643 passi
1583 3558 1825 3644 quadraginta
1841 3561 2022 3642 quattuor.
2041 3559 2124 3623 Tote
2152 3567 2360 3626 mensurate
2378 3565 2416 3626 at

552 3711 645 3776 iusto
669 3728 813 3794 passum
836 3711 974 3776 homini
998 3728 1060 3794 per
1084 3711 1152 3776 iste
1177 3709 1259 3775 llnis
1274 3715 1309 3775 et
1325 3710 1506 3775 mensurio
1531 3708 1696 3775 inclitum
1721 3707 1802 3775 illut
1828 3717 1949 3777 tenere
1966 3719 2001 3776 et
2018 3709 2206 3776 dominare
2230 3729 2313 3775 cum
2340 3709 2418 3776 vice

551 3861 594 3928 de
617 3861 677 3928 via
701 3880 781 3946 sua,
806 3865 842 3928 et
869 3864 967 3930 l'obee
991 3867 1027 3929 et
1050 3864 1165 3928 omnis
1188 3879 1252 3928 sue
1277 3860 1444 3928 utilitatis
1468 3860 1563 3927 iusta
1589 3860 1727 3928 ratione
1757 3859 1889 3926 ibidem
1922 3861 2063 3946 lacere,
2088 3870 2124 3926 el
2148 3870 2219 3930 tote
2246 3815 2331 3931 illut
2356 3885 2417 3950 pa·

552 4017 696 4082 stenare
721 4016 866 4081 arbusto
890 4015 1044 4081 vitatum
1067 4014 1111 4080 de
1136 4030 1225 4078 vono
1249 4013 1382 4079 bitinco
1405 4031 1467 4078 seu
1493 4030 1609 4098 poma3
1634 4013 1669 4078 et
1694 4011 1777 4077 dum
1802 4012 1879 4097 ipsa
1904 4013 2009 4080 vinea
2035 4013 2170 4080 ibidem
2198 4015 2415 4085 incolumem

550 4167 704 4252 steterit,
730 4131 802 4231 illis
825 4185 902 4234 eam
928 4165 1104 4252 laborent,
1128 4171 1164 4232 et
1187 4171 1361 4250 quantum
1387 4165 1508 4231 vinum
1532 4163 1738 4234 annualiter
1763 4164 1894 4231 ibidem
1910 4167 2047 4252 l'ecerlt,
2063 4168 2173 4235 deaut
2190 4167 2273 4235 iude
2304 4169 2414 4236 michi

552 4320 607 4385 vel
633 4319 671 4384 in
697 4339 781 4405 pars
804 4319 952 4386 ecclesie
976 4319 1101 4386 inclita
1125 4318 1334 4402 medietate,
1360 4323 1395 4384 ct
1419 4315 1649 4385 medietatem
1672 4317 1755 4385 inde
1780 4319 1847 4384 εἰνὶ
1873 4320 2019 4405 abeant,
2044 4327 2080 4388 et
2104 4340 2224 4388 omnes
2249 4340 2356 4408 poma
2380 4329 2415 4389 et

549 4473 635 4538 nuci
660 4477 696 4539 et
721 4477 887 4540 castanee
912 4469 1043 4538 exinde
1067 4470 1272 4539 annualiter
1297 4470 1513 4555 temporibus
1536 4471 1821 4558 suiscolligant,
1846 4479 1882 4539 et
1906 4476 2052 4541 tertiam
2078 4479 2217 4558 partem
2244 4475 2332 4544 inde
2351 4495 2414 4542 uo-

554 4625 608 4690 bis
631 4623 761 4709 deant,
785 4630 821 4691 et
845 4624 912 4690 due
937 4623 1042 4690 sortis
1067 4622 1148 4690 inde
1182 4621 1251 4690 εἰνὶ
1276 4625 1430 4710 abeant,
1454 4631 1490 4690 et
1514 4625 1607 4710 quod
1641 4625 1772 4692 ibidem
1805 4625 2085 4712 seminaberint,
2110 4627 2279 4694 similiter
2306 4629 2419 4722 deaut

551 4778 634 4846 inde
661 4779 698 4846 in
723 4799 806 4864 pars
829 4777 976 4846 ecclesie
1002 4779 1112 4846 tertia
1136 4785 1249 4864 parte,
1275 4783 1311 4844 et
1334 4778 1403 4844 due
1427 4781 1532 4845 sortis
1555 4777 1637 4844 indo
1662 4781 1734 4848 illis
1759 4780 1826 4848 sivi
1850 4783 1995 4864 abeant,
2013 4785 2049 4846 et
2067 4799 2174 4865 aquo
2201 4785 2277 4868 ipsa
2305 4784 2414 4850 vinea

552 4931 626 4999 illis
651 4933 732 5000 inde
757 4934 964 5020 apsciderit,
989 4939 1163 5019 quantum
1188 4935 1312 5000 viuum
1335 4933 1378 4999 de
1403 4933 1477 5017 ipso
1493 4935 1639 5000 arbusto
1662 4935 1792 5002 exierit
1817 4935 2038 5019 annualiter,
2061 4935 2169 5002 deaut
2194 4937 2276 5003 iude
2303 4937 2412 5004 nobis
2446 5005 2450 5014 ,

549 5085 605 5152 νεὶ
631 5084 669 5151 in
694 5103 778 5172 pars
801 5086 948 5154 ecclesie
974 5087 1119 5154 tertiam
1145 5093 1267 5172 parte,
1292 5091 1328 5151 et
1352 5085 1420 5151 due
1443 5085 1549 5152 sortis
1573 5088 1703 5153 abeant
1727 5085 1815 5172 sivi;
1839 5093 1874 5153 et
1899 5105 1960 5171 per
1984 5104 2106 5154 omnes
2130 5105 2243 5155 aurius
2267 5088 2411 5157 saciant

549 5257 605 5306 me
635 5238 688 5305 vel
726 5257 811 5325 pars
843 5239 991 5307 ecclesie
1023 5240 1136 5325 scire,
1160 5243 1199 5307 ut
1223 5237 1353 5306 ibidem
1377 5239 1576 5323 dirigamus
1607 5239 1755 5305 missum
1787 5243 1947 5304 nostrum
1971 5257 2034 5324 pro
2059 5241 2301 5326 recipiendam
2329 5241 2412 5329 ipsa

549 5395 673 5458 nostra
707 5391 862 5459 sortione
886 5390 928 5457 de
954 5390 1030 5477 ipso
1053 5393 1201 5477 vinum,
1225 5395 1261 5459 et
1284 5389 1414 5458 bittum
1445 5395 1481 5458 et
1503 5408 1626 5476 poma,
1651 5394 1686 5454 et
1710 5389 1782 5456 illis
1812 5409 1892 5457 eum
1923 5390 2087 5460 nutrient
2119 5392 2234 5478 ipsum
2260 5395 2411 5462 missum

549 5549 725 5632 nostrum,
749 5547 833 5613 dum
858 5546 990 5615 ibidem
1014 5547 1155 5615 steterit
1178 5565 1241 5632 pro
1265 5545 1344 5631 ipsa
1367 5549 1489 5612 nostra
1512 5545 1668 5610 sortione
1695 5541 1959 5629 recipiendum,
1984 5501 2075 5612 sicut
2098 5551 2134 5613 et
2159 5546 2231 5613 illis
2256 5551 2404 5634 bixerit,

549 5705 585 5766 et
608 5719 673 5767 nos
696 5703 819 5770 demus
841 5719 963 5770 eorum
987 5718 1184 5786 organeum
1209 5701 1338 5766 bouum
1362 5700 1407 5768 da
1431 5701 1565 5786 vinum,
1589 5703 1625 5765 et
1643 5698 1714 5764 illis
1738 5716 1819 5764 eum
1837 5701 1999 5766 concient
2025 5703 2152 5768 bonum
2178 5704 2402 5790 annualiter,

548 5859 584 5922 et
609 5861 785 5940 reponant
809 5854 881 5922 illis
906 5855 1036 5924 ibidem
1068 5856 1145 5939 ipsa
1177 5859 1299 5920 nostra
1330 5853 1524 5920 sortionem
1555 5853 1597 5919 de
1624 5852 1700 5939 ipso
1725 5856 1811 5921 vinu
1836 5858 1874 5921 iu
1898 5873 1994 5942 casa,
2022 5859 2113 5943 quod
2145 5878 2228 5946 pars
2256 5859 2408 5926 ecclesie
