5310 7080
955 538 1364 612 DIPLOMllTlCUS
1991 551 2029 620 11

227 759 301 842 ipsa
325 759 432 824 rebus
455 777 518 844 per
543 759 617 845 ipse
642 760 725 828 flnis
748 765 784 828 et
808 763 988 830 mensurie
1013 767 1048 830 et
1072 767 1126 830 est
1140 767 1239 831 terra
1255 763 1330 848 ipse
1346 763 1526 830 mensurie
1549 764 1745 832 heveniant
1769 769 1936 853 potestati
1964 772 2086 858 ipsius

225 911 279 976 rel
301 911 344 978 de
368 912 446 979 eius
468 912 589 980 eredes
614 911 696 982 illut
720 914 913 982 tenendum
936 920 972 982 et
1001 915 1251 1002 frudiandum3
1281 921 1316 983 et
1348 915 1377 982 si
1412 916 1507 984 infra
1536 919 1695 1003 quinque
1718 921 1807 988 anni
1833 922 1866 990 ic
1890 926 2074 994 rebersum

225 1065 359 1132 erimus
384 1065 430 1134 ad
454 1067 680 1154 abitandum,
704 1067 802 1135 etin
826 1068 904 1154 ipsa
928 1073 1051 1136 nostra
1075 1069 1358 1155 pastenationem
1382 1068 1601 1136 boluerimus
1625 1071 1756 1159 redire,
1780 1078 1865 1142 tunc
1890 1077 2078 1149 licentiam

225 1219 394 1286 abeamus
419 1219 502 1286 illnt
526 1220 749 1307 recolligere5
774 1225 809 1288 et
833 1220 861 1286 si
887 1220 1105 1288 voluerimus
1130 1218 1261 1286 ibidem
1285 1219 1440 1287 residere
1457 1224 1492 1287 et
1509 1222 1661 1307 abitare,
1685 1229 1721 1292 et
1737 1224 1775 1290 in
1792 1230 2002 1314 supradicta
2020 1252 2077 1302 ra-

226 1371 320 1436 tione
345 1369 427 1438 illut
450 1371 635 1457 laborare,
661 1377 697 1440 et
720 1377 834 1438 totum
859 1373 975 1458 ipsum
1007 1372 1164 1439 t'rudium
1187 1391 1249 1456 per
1273 1388 1377 1437 omne
1409 1389 1542 1439 annum
1568 1373 1607 1438 in
1634 1376 1776 1444 tertiam
1810 1385 1947 1464 partem
1972 1383 2069 1450 inter

225 1545 287 1594 nos
311 1526 526 1616 dividamus,
551 1535 586 1597 et
610 1530 690 1597 illut
712 1529 885 1614 dividere,
908 1535 944 1596 ct
967 1530 1053 1596 sorti
1079 1528 1219 1596 tradere
1244 1527 1283 1593 in
1307 1525 1510 1612 supscripta
1535 1527 1686 1614 ratione,
1713 1532 1800 1598 hubi
1828 1533 1969 1602 liberati
1996 1536 2073 1604 fue-

226 1682 336 1748 rimus
360 1681 403 1749 de
428 1682 507 1767 ipsa
521 1681 638 1778 culpa3
663 1687 698 1749 et
722 1687 808 1767 quot
823 1683 852 1747 si
871 1699 934 1746 nos
958 1680 1012 1748 vel
1038 1681 1169 1748 nostris
1193 1679 1357 1748 eredibus
1381 1679 1601 1748 noluerimus
1623 1685 1745 1750 tenere
1760 1687 1796 1750 et
1813 1686 1975 1756 lavorare
1994 1690 2072 1776 ipsa

223 1837 343 1902 nostra
366 1833 650 1920 pastenationem
673 1837 719 1902 ab
742 1835 808 1921 ipsi
834 1835 954 1901 decem
979 1833 1066 1901 anni
1090 1831 1255 1917 completi
1279 1831 1319 1898 in
1341 1835 1462 1918 antea,
1479 1834 1567 1899 tnnc
1591 1832 1775 1903 licentiam
1792 1839 1963 1906 abeamus
1987 1841 2073 1909 indo

222 1987 423 2056 disturbare
448 1987 565 2055 redita
590 1993 625 2054 et
648 1986 841 2074 palmenta,
866 1986 897 2051 si
921 1985 1051 2053 ibidem
1074 1986 1294 2072 abuerimus,
1318 1991 1354 2053 et
1377 1985 1460 2054 inde
1485 1985 1566 2054 illut
1589 1987 1713 2055 tollere
1737 2007 1818 2056 cum
1842 1991 1939 2057 omni
1964 2013 2074 2064 causa

222 2145 343 2208 nostra
366 2159 472 2226 quem
495 2140 626 2208 ibidem
652 2139 870 2225 abuerirnuS,
895 2143 931 2205 et
954 2139 1036 2206 inde
1061 2137 1143 2206 illut
1167 2143 1331 2206 excutere
1354 2143 1391 2206 et
1413 2143 1571 2226 portare,
1596 2141 1913 2232 ubiboluerimus,
1938 2149 2073 2234 absque

221 2294 316 2360 omni
331 2295 588 2362 contrarietate
593 2341 837 2360 .........
863 2291 914 2358 vel
939 2290 981 2358 de
1004 2290 1081 2357 eius
1104 2291 1238 2358 eredes.
1265 2291 1357 2358 unde
1380 2291 1555 2376 obligabit
1578 2311 1616 2360 se
1640 2292 1755 2380 ipsum
1778 2295 1929 2363 domnus
1953 2301 2072 2368 excel-

221 2445 438 2514 lentissimus
453 2445 619 2532 princeps
638 2450 673 2512 et
688 2443 763 2512 suis
778 2443 944 2510 eredibus
964 2492 1175 2508 ........
1191 2440 1320 2508 nostris
1344 2441 1508 2509 eredibus
1535 2440 1611 2528 ipsa
1635 2446 1740 2512 rebus
1763 2448 1988 2516 tenuerimus
2013 2452 2069 2517 in-

218 2597 343 2665 clitum
367 2597 449 2664 illut
473 2598 657 2667 defensare
680 2597 783 2662 nobis
808 2595 862 2662 vel
888 2616 910 2663 a
934 2593 1065 2662 nostris
1081 2594 1246 2660 eredibus
1264 2643 1476 2660 ........
1496 2595 1741 2664 berumtamen
1765 2615 1805 2663 oc
1829 2601 2069 2688 recordamus,

217 2751 304 2835 quia
327 2749 534 2836 supradicta
556 2751 663 2817 rebus
686 2768 755 2834 que
778 2753 830 2815 est
853 2767 874 2814 a
897 2749 992 2814 foras
1017 2749 1092 2832 ipsa
1116 2747 1297 2814 mensoria
1320 2765 1383 2832 per
1408 2750 1472 2816 hec
1496 2749 1579 2814 finis
1584 2799 1797 2816 ........
1824 2751 1972 2820 meridie
1997 2757 2069 2822 fine

219 2903 330 2989 ipsius
355 2903 476 2970 domni
500 2909 536 2970 et
558 2903 603 2988 de
624 2905 803 2968 consortes
826 2901 920 2966 eius:
946 2901 991 2966 ab
1015 2899 1151 2966 oriente
1175 2899 1268 2966 sicut
1292 2900 1409 2968 media
1432 2901 1616 2971 serretella
1639 2901 1840 2970 dixsernit:
1868 2925 1891 2972 a
1914 2911 2068 2992 septem-

217 3057 329 3128 trione
351 3064 444 3131 sicut
467 3062 621 3129 mediam
645 3058 825 3127 balletella
847 3055 1025 3123 dixsernit
1047 3055 1116 3121 line
1133 3055 1238 3120 rebus
1254 3052 1434 3120 ominibus
1449 3053 1601 3140 airolisi;
1619 3060 1704 3140 quot
1720 3057 1749 3122 si
1768 3056 1884 3144 ipsum
1908 3060 2064 3129 domnus

215 3219 390 3305 gloriosus
412 3217 577 3304 princeps
601 3215 656 3284 vel
680 3216 757 3282 eius
773 3212 895 3280 eredes
911 3208 1093 3276 noluerint
1116 3207 1301 3275 defensare
1317 3206 1418 3272 nobis
1434 3207 1634 3292 nostrisque
1650 3210 1815 3278 eredibus
1839 3212 1966 3282 inclita
1984 3216 2065 3301 ipsa

216 3393 281 3442 sua
303 3371 536 3441 traditionem
559 3385 622 3452 per
649 3364 854 3450 supradicte
878 3362 960 3428 linis
984 3367 1019 3429 et
1043 3361 1242 3446 mensurie,
1273 3363 1308 3428 et
1342 3364 1396 3428 est
1424 3365 1522 3430 terra
1545 3363 1621 3448 ipse
1645 3365 1826 3432 mensurie
1850 3384 1961 3452 usque
1986 3366 2065 3450 ipsa
2101 3347 2107 3356 ⁴

213 3517 327 3610 serra,
351 3524 398 3590 ab
421 3520 537 3587 omnis
559 3519 695 3584 omines
711 3517 876 3600 omnique
894 3513 1070 3600 partibus,
1087 3475 1122 3579 et
1138 3513 1260 3580 tollere
1278 3517 1343 3578 aut
1358 3515 1524 3580 contrane
1542 3512 1623 3580 illut
1640 3515 1741 3582 nobis
1764 3517 1962 3601 quesierint
1979 3525 2065 3586 ante

214 3682 290 3765 ipsa
313 3675 497 3760 costituta‚
522 3670 577 3738 vel
601 3669 697 3736 side
721 3669 859 3754 omnia,
883 3667 1054 3753 quomodo
1076 3669 1112 3733 et
1135 3665 1291 3750 qualiter
1316 3664 1481 3749 superius
1505 3664 1663 3751 legitur,
1688 3667 1818 3751 aliquit
1842 3669 1924 3736 inde
1950 3690 2064 3738 remo·

215 3835 294 3900 bere
318 3833 382 3898 aut
386 3877 538 3894 ......
564 3823 775 3910 quesierint,
800 3826 886 3888 tunc
909 3837 970 3906 per
996 3821 1088 3887 bona
1113 3818 1374 3885 combenicntia
1399 3815 1599 3904 hobligabit
1623 3835 1660 3885 se
1677 3819 1795 3904 ipsum
1819 3820 1969 3890 domnus
1987 3824 2064 3910 glo-

212 3987 324 4053 riosus
355 3981 522 4070 prinecps
545 3984 581 4048 et
603 3979 678 4046 suis
709 3975 873 4044 eredibus
897 3980 935 4044 at
958 3974 1237 4060 componendum
1261 3973 1350 4040 mihi
1374 3971 1513 4058 meique
1545 3973 1724 4060 eredibus,
1749 3975 1805 4042 vel
1829 3977 1875 4044 ad
1900 3979 2060 4046 ominem

210 4145 296 4228 aput
319 4157 425 4226 quem
450 4137 593 4204 brebem
609 4131 717 4199 istum
733 4131 772 4198 in
788 4149 896 4200 manu
912 4130 1090 4216 paruerit,
1107 4127 1374 4214 quinquaginta
1398 4129 1504 4198 hauri
1530 4129 1659 4196 solidos
1682 4127 1940 4200 constantines.
1969 4103 1999 4218 †
2026 4137 2061 4200 et

216 4309 282 4359 unc
306 4292 451 4358 brebem
475 4287 600 4373 scripsi
627 4301 692 4370 ego
716 4281 863 4350 isdictus
886 4287 1008 4367 petrus
1032 4279 1182 4349 clericus
1213 4285 1249 4350 et
1282 4277 1446 4349 notarius
1475 4301 1538 4368 per
1561 4281 1754 4350 iussionem
1777 4284 1913 4368 superii
1938 4283 2059 4352 domni

210 4444 331 4530 magni
356 4443 524 4528 principi.

253 4569 283 4685 †
308 4598 384 4684 Ego
408 4597 468 4682 qui
494 4613 602 4682 supra
626 4597 705 4662 Leo.

977 5099 1295 5182 DLXXXII.

983 5366 1037 5444 A.
1066 5362 1116 5440 D.
1146 5359 1273 5440 1006.

249 5609 347 5748 †ln
379 5661 522 5727 nomine
553 5659 687 5728 domini
718 5660 842 5725 octabo
871 5654 1006 5724 decimo
1038 5671 1134 5723 anno
1157 5651 1382 5739 principatus
1414 5651 1534 5720 domni
1559 5651 1672 5719 nostri
1695 5651 1879 5738 guaimari
1906 5653 2057 5740 gloriosi

204 5811 395 5900 principis,
418 5829 536 5880 mense
560 5811 732 5897 martius,
758 5813 888 5896 quarta
915 5806 1124 5876 indictione.
1150 5805 1440 5875 Memoratorium
1465 5803 1562 5872 factu
1585 5821 1607 5870 a
1631 5819 1687 5870 me
1712 5801 1765 5870 leo
1787 5805 1961 5890 presbiter
1985 5807 2059 5876 illio
