5334 7098
963 569 1370 647 DlPLOMATICUS
2003 575 2071 648 l55

264 813 346 878 sua,
362 794 407 860 Et
421 809 482 861 sex
500 792 587 862 anni
601 792 766 879 completi
781 791 884 863 daret
897 795 998 862 nobis
1011 793 1193 882 mancipia
1205 797 1298 864 bona
1310 796 1479 866 iubentus
1501 799 1635 885 absque
1651 797 1746 866 omni
1764 797 1937 894 lesionem
1951 799 2122 869 membris

264 950 301 1013 et
317 946 456 1032 corpori
472 946 543 1034 sui,
560 946 605 1014 Et
619 963 731 1032 usque
748 945 831 1014 dum
848 946 882 1016 ei
898 946 985 1016 deus
1000 947 1222 1034 omnipotens
1237 947 1316 1035 ipsa
1330 949 1513 1036 mancipia
1527 948 1683 1037 dederit,
1701 947 1811 1020 faciat
1824 950 1964 1019 serbire
1980 950 2027 1020 ad
2043 947 2123 1037 ipsa

267 1101 430 1184 nepotem
453 1117 571 1169 meam
594 1116 708 1168 uxore
732 1115 812 1186 sua,
828 1097 902 1166 sibe
925 1117 1007 1166 cum
1030 1098 1158 1185 libera,
1181 1099 1257 1168 sibe
1280 1119 1362 1169 cum
1386 1101 1532 1189 ancilla,
1550 1104 1589 1170 in
1613 1104 1710 1171 omni
1726 1103 1831 1174 iuxta
1847 1103 2118 1190 imperationem

266 1252 312 1320 ad
334 1267 473 1337 pannos
495 1248 703 1337 labendum,
726 1253 762 1319 et
786 1269 899 1336 aquas
922 1251 1151 1338 auriendum,
1175 1255 1212 1320 et
1235 1253 1332 1319 omni
1357 1231 1595 1322 sua‘utilitate
1619 1255 1878 1342 peragendum,
1902 1253 1996 1324 sicut
2017 1255 2119 1324 decet

266 1403 402 1470 serbire
426 1401 596 1472 ancillam
620 1403 666 1472 ad
689 1403 833 1473 domina
856 1402 912 1472 vel
935 1403 1070 1471 domini
1093 1405 1162 1472 sui.
1187 1405 1232 1472 nt
1255 1405 1286 1472 si
1310 1404 1356 1473 ad
1370 1405 1464 1473 diem
1478 1404 1616 1474 venerit
1638 1404 1761 1472 mortis
1784 1407 1862 1492 ipsa
1886 1410 2012 1493 nepote
2035 1425 2116 1477 mea

268 1575 378 1625 uxore
394 1575 473 1645 sua,
496 1561 704 1644 potestatem
729 1561 838 1627 abeat
860 1576 934 1626 una
956 1575 1094 1624 mecum
1116 1555 1171 1624 vel
1196 1575 1276 1625 cum
1301 1558 1389 1626 meis
1412 1557 1576 1626 eredibus
1592 1557 1753 1626 iudicare
1768 1561 1804 1626 et
1818 1557 1903 1627 dare
1920 1575 1984 1644 pro
1999 1559 2123 1628 anima

265 1729 333 1779 sua
347 1729 395 1779 ex
421 1711 579 1797 predicto
591 1711 723 1796 placito
735 1707 812 1778 sibe
835 1710 912 1796 ipsa
924 1709 1203 1797 pellitiaserica‚
1217 1710 1292 1778 sibe
1312 1710 1429 1797 ipsum
1442 1710 1583 1796 lectum,
1596 1729 1705 1780 unam
1720 1730 1767 1780 ex
1782 1712 1814 1779 is
1830 1711 1967 1780 duabus
1990 1711 2124 1799 causis,

266 1861 409 1949 qualem
433 1863 504 1929 sibi
526 1862 660 1950 eligere
682 1862 847 1950 voluerit,
864 1861 942 1930 sine
957 1861 1241 1932 contradictione
1255 1879 1322 1931 sua
1337 1866 1373 1932 et
1387 1862 1430 1930 de
1445 1863 1523 1931 eius
1538 1863 1715 1932 eredibus.
1740 1865 1786 1931 Et
1809 1863 1839 1930 si
1864 1863 1985 1932 taliter
2009 1863 2130 1932 michi·

270 2013 411 2100 meique
434 2014 599 2083 eredibus
623 2016 698 2102 ipse
721 2015 994 2102 prenominatus
1016 2015 1111 2084 maio
1128 2014 1183 2083 vel
1199 2015 1276 2082 eius
1298 2014 1421 2084 eredes
1443 2034 1507 2102 per
1529 2014 1692 2082 ordinem
1715 2031 1787 2081 non
1811 2015 2068 2104 adinpleberit,
2083 2018 2120 2083 et

266 2165 391 2252 aliqua
405 2167 603 2236 intentione
616 2168 800 2236 nobiscum
816 2167 947 2237 exinde
959 2169 1119 2238 excitare
1131 2166 1392 2255 voluerit,tuuc
1406 2166 1539 2254 viginti
1555 2167 1655 2236 aurei
1669 2165 1773 2235 solidi
1787 2168 2005 2237 constantini
2019 2168 2121 2235 nobis

269 2319 471 2408 nostrisque
494 2323 659 2391 eredibus
681 2341 889 2410 componere
913 2322 1102 2410 obligabit,
1119 2323 1156 2389 et
1172 2319 1254 2389 illut
1268 2320 1433 2387 omnibus
1449 2319 1540 2406 quod
1559 2319 1725 2406 superius
1749 2320 1897 2408 legitur,
1912 2339 1976 2408 per
1992 2319 2122 2390 invitis

267 2475 373 2542 nobis
397 2474 580 2562 adimpleat
603 2493 667 2562 per
690 2473 898 2562 supradicta
920 2474 1056 2564 guadia
1079 2477 1116 2544 et
1139 2476 1208 2562 ipsi
1231 2471 1393 2544 iamdicti
1417 2473 1630 2542 mediatores
1653 2477 1690 2541 et
1712 2473 1873 2560 obligata
1896 2492 2001 2560 pena.

311 2625 430 2693 Tertia
454 2625 568 2711 igitur
590 2625 723 2712 guadia
745 2623 856 2692 michi
879 2624 976 2692 dedit
992 2625 1144 2712 ipsequi
1160 2623 1491 2712 supranominatus
1514 2626 1608 2694 maio
1632 2627 1669 2693 et
1692 2624 1906 2693 mediatores
1929 2624 2038 2693 michi
2055 2645 2117 2713 po·
2142 2587 2147 2598 ι

264 2775 340 2844 suit
355 2779 522 2846 ansarico
544 2781 580 2845 et
603 2778 807 2863 radelchisi‚
832 2777 900 2846 tali
923 2796 1077 2863 namque
1100 2777 1233 2864 tinore,
1257 2781 1298 2846 ut
1313 2778 1397 2846 dum
1411 2777 1654 2866 deportaberit
1671 2777 1750 2864 ipsa
1765 2781 1891 2864 nepote
1906 2796 1985 2847 mea
2001 2795 2114 2847 uxore

264 2948 330 2998 sua
347 2929 386 2996 in
402 2929 574 3016 domoque
591 2949 670 3018 sua,
686 2949 775 2998 vene
791 2949 872 2999 eam
888 2931 994 2999 abeat
1011 2933 1118 3016 atque
1133 2931 1227 3000 colat
1243 2931 1437 2999 secundum
1457 2931 1747 3019 possibilitatem,
1765 2930 1859 3000 sicut
1884 2935 1920 3000 et
1942 2932 2007 3000 alii
2030 2949 2113 3000 con-

264 3083 400 3152 similes
423 3086 495 3172 sui,
520 3083 581 3172 qui
603 3087 694 3153 bene
717 3086 831 3154 abunt
848 3089 884 3153 et
898 3083 1021 3153 colunt
1036 3085 1110 3152 suis
1128 3085 1315 3170 uxoribus,
1331 3104 1394 3154 seu
1411 3063 1570 3171 quietam
1592 3086 1662 3154 hac
1686 3085 1874 3172 pacificam
1897 3084 2010 3152 vitam
2032 3104 2114 3153 cum

262 3255 307 3304 ea
321 3236 440 3324 ducat,
455 3243 491 3307 et
506 3241 637 3324 absque
653 3241 754 3307 certa
769 3237 876 3324 culpa
891 3256 971 3306 eam
986 3255 1058 3305 non
1074 3236 1292 3324 battidisset,
1308 3237 1493 3324 nichilque
1508 3237 1542 3306 ei
1558 3237 1693 3306 iniuste
1717 3237 1864 3324 iaceret,
1887 3242 1923 3307 et
1938 3238 2112 3326 quamdiu

262 3387 398 3456 uixerit
420 3391 498 3476 ipsa
520 3395 682 3476 nepotem
706 3409 824 3460 meam
849 3407 961 3457 uxore
984 3408 1063 3476 sua,
1087 3389 1225 3458 nullam
1249 3388 1360 3458 aliam
1383 3387 1583 3474 quamlibet
1598 3387 1768 3456 feminam
1782 3405 1855 3456 non
1871 3387 2113 3478 adulteraret;

262 3541 355 3628 quod
371 3542 401 3610 si
419 3560 458 3610 ec
471 3543 553 3613 nefa
569 3547 605 3611 et
620 3543 773 3630 pessima
788 3561 896 3629 opera
912 3541 1036 3611 fecerit
1050 3561 1098 3612 ex
1113 3541 1145 3609 is
1161 3541 1267 3611 malis
1281 3543 1410 3628 quibus
1433 3541 1646 3629 prelegitur,
1670 3542 1763 3628 quod
1785 3541 1816 3610 si
1841 3542 1976 3612 ancilla
1998 3543 2111 3612 suerit

261 3713 342 3764 eum
365 3712 434 3782 quo
456 3714 494 3764 se
516 3696 713 3783 miscuerit,
736 3695 858 3767 tradat
872 3715 953 3766 eam
969 3695 1008 3763 in
1023 3695 1250 3784 disciplinam
1274 3695 1346 3766 had
1362 3697 1441 3783 ipsa
1464 3700 1627 3781 nepotem
1651 3713 1768 3764 meam
1792 3713 1904 3763 uxore
1921 3713 2000 3781 sua3
2017 3697 2111 3766 Etsi

261 3847 376 3917 libera
392 3849 515 3936 ruerit,
538 3848 645 3918 exiad
668 3867 748 3919 eam
769 3850 892 3937 procul
909 3868 931 3919 a
947 3850 1049 3918 domo
1064 3869 1143 3919 sua.
1162 3851 1208 3918 Et
1223 3851 1253 3918 si
1270 3869 1311 3919 ec
1326 3869 1434 3938 agere
1451 3849 1621 3936 noluerit,
1638 3851 1675 3918 et
1698 3847 1737 3914 in
1761 3849 1836 3916 suis
1859 3847 2112 3936 iniquitatibus

261 4003 512 4090 permanserit,
537 4007 574 4071 et
598 4003 788 4072 emendare
811 4022 849 4071 se
872 4002 1041 4092 noluerit,
1065 4007 1101 4070 et
1125 4022 1147 4071 a
1164 4003 1267 4070 nobis
1285 4003 1388 4089 ipsiS,
1405 4001 1462 4070 vel
1478 4003 1523 4070 ab
1538 3999 1704 4068 eredibus
1718 4001 1864 4090 nostriS,
1880 4006 1944 4071 aut
1959 4003 2031 4072 hab
2047 4002 2116 4072 ali·

262 4173 331 4242 quo
353 4155 497 4224 homine
520 4157 582 4242 qui
607 4156 720 4226 vicem
745 4157 859 4227 eidem
883 4157 997 4225 sorori
1020 4176 1096 4226 mee
1118 4159 1215 4224 hunc
1238 4157 1382 4224 brebem
1406 4153 1620 4240 ostenderit,
1644 4159 1680 4223 et
1703 4153 1779 4242 ipse
1801 4153 1961 4241 pulsatus
1984 4155 2111 4242 fuerit,

262 4312 302 4376 ut
323 4307 449 4376 eadem
465 4307 576 4376 sorori
595 4329 672 4378 mee
689 4310 823 4378 iniuste
839 4327 910 4376 non
928 4309 1087 4395 fecisset,
1103 4311 1168 4378 aut
1184 4307 1261 4404 sine
1277 4310 1376 4376 certa
1392 4305 1497 4393 culpa
1513 4322 1592 4374 eam
1607 4322 1679 4372 non
1694 4304 1905 4391 battidisset,
1922 4322 1987 4372 nec
2002 4302 2111 4373 aliam

263 4460 463 4545 quamlibet
485 4461 656 4530 feminam
679 4479 752 4527 non
776 4461 1026 4548 adulterasset,
1042 4463 1141 4530 Tunc
1156 4463 1464 4546 quantascumque
1487 4457 1584 4524 vices
1607 4454 1690 4524 inde
1713 4455 2036 4543 pigneraberimuS,
2060 4455 2111 4524 sic

259 4623 325 4698 per
347 4630 634 4700 unamquamque
658 4615 753 4684 vices
777 4615 823 4685 ad
845 4615 903 4683 dei
937 4611 1129 4701 evangelia
1160 4611 1243 4680 inde
1274 4611 1379 4678 nobis
1410 4626 1519 4678 ausus
1543 4624 1615 4674 non
1643 4607 1752 4676 luerit
1774 4607 1896 4677 iurare
1919 4607 2115 4676 secundum

261 4765 389 4853 legem,
414 4772 455 4836 ut
476 4767 634 4853 predicte
658 4767 776 4855 nepoti
800 4785 877 4836 mee
899 4767 1019 4837 taliter
1043 4783 1115 4833 non
1139 4766 1293 4852 egisset,
1318 4763 1507 4848 componat
1531 4761 1635 4828 nobis
1664 4764 1729 4828 aut
1760 4760 1806 4828 ad
1830 4759 1884 4828 illi
1914 4758 2027 4828 omini
2050 4761 2114 4848 qui

260 4921 358 4986 hunc
381 4921 526 4988 brebem
548 4937 613 5008 pro
635 4923 737 5006 parte
761 4918 876 4988 eidem
899 4920 1019 5006 nepoti
1042 4935 1119 4985 mee
1142 4916 1181 4984 in
1204 4915 1448 4986 causationem
1471 4912 1726 5000 hostenderit,
1748 4913 1883 5000 viginti
1906 4912 2008 4982 solidi
2031 4930 2117 4982 con·

261 5073 427 5142 stantini.
447 5074 582 5161 etpost
596 5075 885 5162 compositionem
901 5075 1012 5158 sacta,
1029 5075 1119 5141 haut
1135 5072 1399 5140 sacramentum
1415 5070 1461 5136 ab
1477 5087 1518 5135 eo
1533 5066 1634 5154 data,
1650 5067 1804 5154 pignera
1818 5065 1885 5136 illa
1899 5086 1967 5153 que
1983 5067 2109 5136 inde...

260 5243 323 5311 per
346 5228 442 5296 vices
465 5246 602 5316 semper
626 5246 649 5296 a
672 5227 776 5296 nobis
800 5230 879 5297 sine
902 5223 1093 5296 calumniis
1116 5221 1324 5310 recolligad,
1347 5220 1403 5288 vel
1428 5219 1459 5287 si
1492 5218 1575 5289 inde
1599 5220 1859 5308 pigneraberit,
1882 5225 1920 5288 et
1942 5221 1974 5287 si
1996 5237 2106 5288 ausus

259 5381 368 5450 luerit
390 5382 513 5452 iurare
536 5388 573 5451 et
597 5385 737 5452 iuratus
761 5381 870 5450 luerit
876 5431 957 5449 ......
981 5378 1156 5463 diximus
1173 5396 1197 5446 a
1212 5373 1374 5462 predicta
1398 5369 1504 5460 culpa
1526 5373 1661 5441 solutus
1685 5375 1848 5442 maneret
1863 5373 1941 5441 vice
1957 5369 2021 5441 illa
2037 5389 2107 5459 que

263 5537 366 5603 nobis
391 5533 580 5623 iuraberit,
604 5535 649 5606 Et
672 5535 825 5622 pignera
848 5533 913 5604 illa
936 5551 1004 5621 que
1030 5549 1160 5601 exano
1176 5530 1396 5617 questionem
1413 5528 1746 5616 comprenserimus,
1771 5528 1849 5594 sine
1872 5523 2064 5594 calumniis
2088 5545 2111 5596 a

262 5705 330 5757 nos
355 5705 492 5776 semper
515 5687 686 5774 recipiad.

304 5841 566 5930 Supsequenter
589 5841 723 5930 gnadia
745 5839 842 5909 dedit
865 5841 974 5910 michi
997 5841 1073 5928 ipse
1098 5841 1159 5926 qui
1185 5855 1293 5926 supra
1317 5838 1523 5907 nominatus
1547 5834 1653 5922 maio,
1677 5837 1713 5902 et
1737 5831 1971 5902 mediatorem
1994 5831 2108 5901 michi
