5310 7080
973 533 1380 610 lllPLOllATICUS
2011 538 2052 607 al

257 763 355 814 suam
380 743 422 814 de
448 747 526 833 ipsa
549 751 668 836 rebuS,
694 752 726 820 si
749 751 788 820 in
812 757 1053 844 suprascripto
1076 760 1200 828 ordine
1222 780 1294 829 non
1318 763 1426 832 fuerit
1448 765 1571 834 datum
1594 765 1712 851 qualis
1735 763 1809 834 illis
1825 764 1960 832 ¹diebus
1976 761 2102 846 fuerit,

254 901 417 968 rebertar
441 900 487 968 ad
512 900 655 970 illorum
678 909 864 993 potestate,
889 909 934 975 ad
957 912 1133 979 abendum
1157 913 1240 982 illut
1263 917 1360 984 omni
1383 921 1539 1004 tempore
1563 918 1602 986 in
1626 918 1870 1004 suprascripta
1892 915 2047 998 ratione3
2067 915 2102 980 et

253 1056 283 1122 si
306 1054 431 1124 taliter
455 1060 589 1145 omnia,
614 1064 655 1126 ut
679 1063 843 1149 superius
868 1063 1013 1152 legitur,
1038 1069 1112 1153 ipse
1137 1074 1260 1154 petrus
1283 1075 1318 1138 et
1341 1090 1423 1138 suos
1439 1072 1562 1140 eredes
1579 1073 1617 1140 in
1633 1093 1717 1158 pars
1733 1073 1846 1160 ipsius
1862 1070 2010 1141 ecclesie
2027 1087 2099 1136 non

250 1207 514 1294 adinpleberint
537 1216 573 1278 et
596 1213 727 1300 aliquit
751 1217 883 1286 exinde
908 1222 1090 1288 remobere
1106 1226 1169 1290 aut
1184 1227 1349 1292 contrane
1367 1222 1556 1311 quesierit,
1579 1229 1665 1293 tunc
1688 1244 1751 1312 per
1769 1226 1847 1312 ipsa
1863 1223 1997 1312 guadia
2014 1209 2103 1294 01111-Ι

254 1363 356 1446 gabit
380 1383 418 1431 se
442 1382 592 1450 suosque
618 1366 710 1434 filios
726 1372 761 1435 et
777 1370 900 1437 eredes
913 1372 959 1440 ad
975 1375 1254 1460 componendum
1277 1376 1315 1442 in
1331 1395 1416 1463 pars
1433 1379 1546 1464 ipsius
1562 1377 1708 1446 ecclesie
1726 1376 1994 1464 quinquaginta
2018 1378 2102 1444 auri

250 1518 377 1584 solidos
400 1521 669 1590 constantines:
695 1527 815 1591 tamen
840 1525 886 1594 da
908 1527 1070 1614 completi
1096 1527 1164 1614 ipsi
1189 1529 1309 1596 decem
1333 1529 1420 1599 anni
1446 1551 1557 1617 usque
1588 1531 1651 1600 alii
1683 1531 1803 1599 decern
1827 1531 1916 1599 anni
1941 1531 1984 1599 de
2008 1531 2100 1616 quod

250 1672 287 1738 in
310 1672 388 1757 ipsa
411 1678 509 1743 terra
531 1677 812 1764 seminaberint,
836 1681 990 1766 amplius
1014 1681 1143 1750 exinde
1167 1683 1206 1750 in
1230 1702 1314 1768 pars
1337 1683 1449 1770 ipsius
1472 1685 1618 1752 ecclesie
1641 1703 1712 1750 non
1728 1685 1851 1771 deant,
1875 1687 1995 1770 preter
2022 1685 2098 1770 ipso

250 1827 473 1915 terraticum,
498 1835 534 1899 et
558 1834 653 1899 hunc
679 1836 821 1900 brebem
845 1835 972 1920 scripsi
997 1853 1063 1922 ego
1086 1837 1243 1905 ademari
1269 1839 1433 1904 notarius
1457 1839 1519 1922 qui
1544 1838 1708 1905 interfui.

294 1953 323 2067 †
349 1982 424 2068 Ego
449 1983 593 2051 alfanus
618 1987 783 2054 notarius
807 2005 863 2054 me
888 1989 1105 2074 subscripsi

294 2106 323 2221 †
349 2135 423 2220 Ego
447 2137 650 2206 romoaldus
672 2157 728 2206 me
751 2139 957 2226 subscripsi.

1059 2625 1270 2747 mxcv.

1022 2887 1076 2962 Α.
1105 2885 1157 2962 o.
1185 2823 1315 2965 1007.

288 3121 323 3260 †
346 3176 385 3242 ln
411 3176 554 3243 nomine
578 3176 712 3244 domini
737 3195 829 3245 nono
852 3177 987 3246 decimo
1009 3197 1104 3247 anno
1119 3177 1343 3265 principatus
1359 3177 1478 3246 domni
1496 3179 1609 3246 nostri
1626 3177 1806 3265 guaimari
1831 3177 1979 3264 gloriosi
1997 3179 2097 3265 priu-

243 3327 341 3415 cipiS,
366 3347 488 3396 mense
512 3328 646 3415 iunius,
671 3327 800 3414 quinta
826 3328 1035 3398 indictione.
1062 3331 1351 3399 memoratorium
1376 3332 1474 3400 factu
1499 3351 1522 3398 a
1545 3349 1600 3397 me
1625 3331 1719 3398 maio
1737 3330 1913 3417 presbiter
1929 3335 1966 3399 et
1981 3333 2093 3400 abbas

242 3481 386 3550 ecclesie
408 3484 526 3552 sancti
549 3483 714 3569 maximi,
738 3502 777 3551 eo
801 3485 894 3568 quod
917 3488 1001 3552 ante
1026 3484 1215 3570 subscripti
1240 3486 1346 3550 testes
1363 3503 1425 3571 per
1441 3486 1534 3552 bona
1549 3483 1826 3570 combenientia,
1852 3502 1925 3554 una
1949 3503 2089 3552 mecum

242 3633 375 3704 adesset
398 3637 624 3722 romoaldus,
647 3639 706 3722 qui
734 3641 786 3704 est
808 3638 999 3705 adbocator
1022 3641 1058 3704 et
1083 3655 1195 3704 unum
1225 3638 1268 3705 de
1290 3637 1437 3704 dominii
1463 3637 1575 3723 ipsius
1602 3637 1774 3724 ecclesie,
1800 3638 2015 3706 tradidimus
2041 3639 2092 3706 io-

242 3791 351 3859 hanni
376 3796 413 3858 et
437 3791 626 3878 grimoaldi
650 3791 814 3878 germani
838 3791 906 3858 filii
931 3791 1107 3876 quondam
1132 3793 1262 3859 stefani
1278 3810 1352 3860 una
1367 3791 1526 3860 clusuria
1542 3792 1585 3858 de
1601 3794 1701 3859 terra
1717 3811 1797 3858 cum
1814 3794 1960 3861 arbusto
1976 3797 2013 3860 et
2029 3796 2091 3862 ba-

241 3963 345 4011 cuum
368 3962 441 4011 uno
464 3943 639 4030 leniente,
663 3945 755 4030 quod
778 3963 861 4028 pars
886 3943 996 4031 ipsius
1020 3945 1167 4013 ecclesie
1190 3949 1273 4016 abet
1289 3949 1328 4015 in
1346 3949 1461 4014 locum
1485 3965 1613 4034 angre,
1639 3946 1701 4014 ubi
1724 3948 1769 4017 ad
1792 3948 2003 4016 casamabile
2034 3949 2092 4014 di·-

240 4098 349 4185 cr'tur,
374 4119 438 4186 per
460 4119 500 4166 ec
526 4098 607 4167 finis
624 4103 659 4166 et
675 4099 888 4168 mensuriis:
914 4119 936 4167 a
962 4118 1043 4186 pars
1066 4101 1215 4168 orientis
1238 4100 1309 4168 fine
1335 4101 1414 4187 bia,
1438 4105 1491 4168 est
1514 4101 1598 4168 inde
1622 4100 1805 4189 longitudo
1829 4120 1948 4189 passos
1973 4119 2091 4170 nona·-

239 4253 341 4338 ginta
364 4273 454 4321 sex:
481 4275 502 4321 a
527 4274 611 4340 pars
634 4255 784 4323 meridie
808 4255 878 4320 fine
902 4253 963 4322 bia
987 4251 1142 4340 puplica,
1167 4257 1250 4319 sunt
1275 4254 1358 4321 inde
1381 4255 1476 4340 passi
1495 4259 1637 4321 centum
1653 4259 1754 4321 octo:
1780 4275 1802 4322 a
1826 4274 1907 4340 pars
1923 4254 2081 4322 occiden-

238 4406 283 4472 tis
307 4407 477 4491 quomodo
501 4405 614 4475 limite
639 4406 825 4492 discernit,
850 4410 933 4473 sunt
957 4425 1019 4492 per
1043 4405 1119 4492 ipso
1142 4406 1256 4474 limite
1282 4407 1467 4492 longitudo
1490 4419 1611 4491 passos
1635 4407 1827 4491 sexaginta
1850 4411 1945 4472 octo:
1971 4408 2084 4472 rebol-

237 4561 341 4630 bente
366 4569 403 4630 et
424 4564 568 4632 exiente
591 4563 636 4631 da
659 4562 741 4630 inde
765 4581 877 4649 usque
902 4561 940 4629 in
965 4563 1035 4628 tine
1058 4561 1100 4629 de
1124 4561 1245 4630 eredes
1269 4561 1387 4628 domni
1413 4549 1625 4646 radelghisi,
1649 4567 1733 4626 sunt
1757 4579 1818 4646 per
1845 4561 1921 4646 ipsa
1946 4561 2083 4632 rebolta

234 4715 386 4784 latitudo
408 4736 528 4802 passos
544 4718 745 4803 nonaginta
760 4716 954 4802 quadtuor:
975 4737 996 4784 a
1012 4733 1094 4802 pars
1110 4715 1303 4782 occidentis
1319 4733 1381 4802 per
1397 4714 1475 4800 ipsa
1490 4715 1561 4779 fine
1576 4713 1619 4780 de
1635 4713 1756 4780 eredes
1780 4715 1934 4800 predicti
1958 4715 2079 4784 domni

232 4868 429 4956 radelghisi
455 4887 566 4955 usque
591 4871 628 4936 in
653 4870 781 4954 palude
804 4870 1042 4955 pertinentem
1068 4867 1180 4954 ipsius
1202 4867 1367 4952 ecclesie,
1399 4869 1483 4932 sunt
1506 4884 1569 4952 per
1592 4867 1671 4952 ipsa
1694 4867 1766 4934 fine
1791 4867 1977 4953 longitudo
2000 4887 2081 4954 pas·

232 5041 285 5090 sos
308 5024 517 5108 octuaginta
542 5023 744 5108 quadtuor:
770 5041 793 5090 a
816 5040 899 5108 pars
923 5022 1222 5106 septemtrionalis
1238 5023 1407 5108 quomodo
1423 5021 1501 5107 ipsa
1517 5021 1646 5107 palude
1662 5022 1705 5089 de
1721 5022 1834 5109 ipsius
1855 5023 2004 5091 ecclesie
2027 5024 2080 5092 di-

232 5179 392 5263 scernit,
418 5195 523 5263 super
548 5196 611 5262 per
634 5177 711 5264 ipsa
743 5177 813 5244 fine
838 5176 988 5245 latitudo
1011 5195 1131 5264 passos
1154 5182 1298 5245 centum
1322 5179 1554 5264 septuaginta
1577 5179 1776 5263 quadtuor,
1801 5181 1838 5246 et
1868 5180 2012 5246 exiente
2036 5180 2075 5247 in

232 5335 310 5417 ipsa
334 5331 394 5400 bia
418 5331 479 5416 qui
503 5335 557 5398 est
580 5333 697 5418 priore
721 5333 804 5416 fine3
831 5349 870 5398 ec
894 5349 977 5398 vero
1001 5331 1208 5416 supradicta
1231 5333 1336 5397 rebus
1352 5331 1398 5399 ad
1415 5333 1508 5400 iusto
1525 5352 1669 5418 passum
1692 5333 1803 5399 omini
1828 5335 2077 5400 mensuratum

233 5488 342 5554 totum
367 5491 403 5553 et
429 5485 593 5552 inclitum
619 5485 701 5552 illut
723 5503 844 5552 eorum
868 5485 913 5553 ad
936 5485 1200 5571 pastenandum
1223 5490 1259 5553 et
1282 5485 1512 5556 laborandum
1537 5487 1764 5556 tradidimus.
1790 5486 1882 5553 unde
1905 5503 1969 5572 pro
1991 5486 2079 5554 tali-

231 5640 285 5704 ter
309 5638 443 5725 guadia
467 5639 570 5704 nobis
596 5635 665 5724 ipsi
689 5637 851 5724 germani
878 5637 1052 5708 dederunt
1075 5642 1111 5706 et
1135 5639 1345 5708 mediatores
1368 5641 1470 5708 nobis
1494 5645 1688 5728 posuerunt
1710 5617 1747 5707 se
1772 5639 1871 5726 ipsis,
1895 5640 1962 5708 tali
1979 5640 2075 5709 ordi-

231 5807 284 5879 ne,
308 5799 349 5858 ut
373 5793 497 5859 amodo
518 5797 555 5859 et
579 5811 689 5878 usque
713 5793 857 5861 sidecim
880 5794 968 5860 anni
992 5795 1156 5881 completi
1180 5793 1293 5888 licead
1318 5796 1390 5866 illis
1404 5801 1440 5864 et
1457 5798 1533 5864 suis
1555 5795 1720 5863 eredibus
1745 5799 1781 5861 et
1797 5797 1947 5880 omines,
1964 5814 2071 5881 quem
