5334 7098
487 544 491 554 ’
620 541 692 613 212
1269 533 1443 610 toubx
1475 538 1741 616 CAVENSlS

573 764 644 834 ista
667 767 769 851 parte
792 762 899 832 dubio
923 762 1052 832 boneia
1077 767 1111 830 et
1128 763 1191 832 illa
1214 766 1316 849 parte
1340 782 1450 850 usque
1465 782 1578 834 mare.
1596 767 1676 836 Alio
1701 771 1857 856 brebem,
1882 769 2054 856 quomodo
2078 767 2237 856 areghisi
2261 768 2322 855 qui
2347 771 2418 836 riso

577 919 738 1004 bocatur,
762 919 798 984 et
822 917 1009 1002 iaquintus
1031 915 1214 984 coniuncti
1238 916 1387 984 suerunt
1410 934 1491 984 cum
1514 917 1714 1006 adelghari,
1741 921 1803 1008 qui
1825 921 2051 991 dumnandus
2076 923 2237 1008 bocatur,
2249 925 2285 989 et
2300 921 2422 1008 gaide-

576 1067 726 1156 nardus,
744 1067 807 1156 qui
832 1069 1018 1156 iaquintus
1033 1071 1194 1156 bocatur,
1210 1069 1376 1178 germani
1392 1068 1457 1136 tilii
1475 1071 1627 1141 moscini
1644 1075 1801 1162 aurifex,
1818 1078 1960 1143 astante
1976 1075 2091 1160 ipsum
2106 1072 2249 1160 genitor
2265 1074 2422 1160 illorum,

576 1227 613 1292 et
637 1242 702 1310 per
726 1225 903 1293 absolutio
927 1231 1070 1312 propter
1094 1225 1186 1312 quod
1210 1225 1283 1293 illis
1306 1223 1400 1292 inter
1424 1243 1460 1292 se
1483 1228 1780 1297 combenientiam
1803 1228 1943 1297 fecerad
1968 1229 2011 1296 de
2027 1246 2084 1296 res
2098 1228 2141 1295 de
2159 1226 2272 1295 locum
2296 1229 2423 1315 beteri,

575 1379 670 1448 sicut
694 1377 773 1465 ipsa
797 1380 946 1468 scriptio
969 1383 1144 1467 eontinet,
1168 1381 1301 1466 scripta
1317 1399 1379 1467 per
1396 1385 1517 1468 petrus
1542 1385 1704 1451 notarius
1722 1383 1765 1452 de
1789 1399 1884 1451 anno
1908 1381 2180 1468 quadragesimo
2203 1381 2424 1468 principatus

572 1533 694 1599 domni
717 1534 860 1626 gisolfi,
873 1536 916 1605 de
939 1555 1059 1604 mense
1082 1537 1241 1623 octuber,
1266 1537 1382 1622 prima
1399 1535 1610 1622 indictione,
1627 1537 1793 1604 roborata
1814 1537 2045 1603 sufficienter.
2065 1535 2148 1602 Alia
2163 1533 2322 1620 scriptio,
2340 1552 2424 1619 que-

573 1684 659 1755 liter
683 1688 834 1774 gisolfus
856 1695 894 1757 et
917 1690 1033 1757 birino
1056 1689 1221 1778 germani
1244 1688 1308 1756 tilii
1334 1690 1446 1776 teupi,
1463 1693 1498 1754 et
1522 1687 1684 1756 lanfreda
1699 1691 1735 1754 et
1751 1690 1873 1774 petrus
1896 1687 2057 1772 germani
2076 1685 2140 1752 fllii
2159 1685 2424 1772 magelghardi,

574 1843 610 1907 et
633 1859 758 1926 ursus,
782 1847 818 1908 et
842 1842 1035 1930 iohannes,
1059 1849 1095 1910 et
1119 1842 1225 1930 petri,
1249 1845 1284 1910 et
1307 1841 1454 1929 gentile,
1479 1846 1514 1908 et
1537 1840 1710 1926 alberico,
1735 1843 1770 1909 et
1794 1839 1949 1924 iaquinti
1974 1838 2139 1924 germani
2164 1839 2228 1906 tilii
2256 1839 2364 1925 petri,
2388 1843 2424 1906 et

572 1992 747 2062 iohannes
772 1994 868 2062 filius
890 1995 1068 2081 quondam
1093 1995 1257 2081 iohanni,
1281 2000 1317 2063 et
1340 1993 1488 2064 adelferi
1505 1995 1541 2058 et
1558 1987 1780 2077 grimoaldus
1804 1987 1968 2074 germani
1985 1988 2052 2055 filii
2068 1989 2175 2073 (deest
2200 1993 2341 2074 troezen)
2357 1991 2427 2059 cla-

571 2145 807 2214 rificaberunt
830 2150 937 2216 abere
963 2150 1067 2214 rebus
1092 2147 1130 2212 in
1155 2146 1265 2216 beteri
1294 2150 1330 2214 et
1348 2145 1386 2212 in
1403 2145 1549 2213 cibitate
1566 2141 1695 2230 beteri,
1712 2143 1833 2228 ibique
1857 2145 1893 2210 et
1910 2145 2022 2230 ergha
2048 2143 2151 2211 litore
2175 2145 2302 2231 maris,
2325 2148 2364 2213 et
2388 2145 2424 2210 in

513 2345 520 2356 ,
573 2299 716 2385 troccle,
741 2305 776 2367 et
799 2301 932 2386 sabale,
949 2306 984 2368 et
1008 2299 1146 2388 ragitu,
1164 2304 1200 2367 et
1215 2299 1307 2367 sicut
1330 2298 1472 2367 illorum
1497 2316 1695 2384 congruum
1719 2297 1799 2384 suit,
1819 2295 1900 2364 illut
1924 2298 2149 2366 donaberunt
2172 2297 2330 2384 ipsorum
2347 2319 2424 2367 are

570 2454 667 2538 ghisi
690 2455 728 2520 et
752 2452 906 2539 iaquinti
931 2471 994 2538 per
1010 2452 1074 2520 illa
1099 2453 1203 2539 ratio,
1221 2451 1314 2518 sicut
1340 2451 1418 2538 ipsa
1441 2452 1588 2538 scriptio
1611 2451 1793 2536 declarad,
1818 2453 1953 2540 scripta
1969 2471 2031 2538 per
2047 2451 2216 2538 radeghis
2240 2443 2423 2520 notarium

571 2609 739 2676 roborata
761 2607 992 2676 sufficienter.
1019 2609 1098 2676 rilio
1124 2610 1279 2694 brebem,
1296 2607 1451 2695 qualiter
1472 2607 1646 2694 areghisi,
1663 2607 1725 2692 qui
1741 2606 1814 2672 riso
1830 2607 1990 2692 bocatur,
2006 2609 2043 2672 et
2059 2605 2243 2691 iaquintus
2259 2607 2421 2677 coniunti

571 2763 717 2830 suerunt
739 2762 783 2830 ad
810 2765 898 2830 bona
923 2762 1185 2830 combenieutia
1210 2783 1290 2830 cum
1314 2763 1381 2848 ipsi
1404 2761 1605 2848 edelghari,
1622 2762 1685 2847 qui
1701 2758 1922 2828 domnandus
1940 2762 2100 2846 bocatur,
2113 2765 2149 2828 et
2165 2762 2424 2849 gaidenarduS,

570 2916 633 3002 qui
657 2914 840 3002 iaquintus
866 2919 1025 3002 bocatur,
1050 2917 1214 3002 germani
1238 2915 1305 2981 lilii
1329 2916 1478 2983 mascini
1501 2915 1657 3000 aurifer,
1675 2920 1710 2983 et
1733 2934 1807 2984 una
1830 2934 1911 2982 oum
1929 2913 1989 2982 illi
2014 2914 2138 2982 suisset
2163 2916 2344 3001 predictus
2362 2937 2422 3004 ge-

570 3069 667 3136 nitor
692 3069 835 3136 illorum
859 3076 1002 3158 propter
1029 3071 1196 3156 intenlio,
1220 3070 1314 3156 quod
1337 3072 1434 3137 inter
1458 3089 1495 3136 se
1518 3071 1698 3136 abuerunt
1721 3069 1764 3136 de
1788 3071 1893 3136 rebus
1917 3069 1959 3135 de
1983 3067 2098 3134 locum
2125 3069 2250 3155 beteri,
2268 3079 2303 3136 et
2326 3071 2420 3136 dilii-

571 3222 663 3290 nitio
687 3224 781 3290 inter
804 3243 840 3292 se
865 3224 947 3290 inde
971 3223 1123 3309 fecerad,
1147 3223 1240 3288 sicut
1265 3223 1342 3308 ipsa
1365 3223 1511 3308 scriptio
1534 3222 1693 3291 continet
1718 3223 1852 3308 scripta
1875 3240 1938 3308 per
1962 3221 2078 3307 ipsum
2104 3226 2225 3307 petrus
2251 3223 2418 3290 notarius

570 3382 606 3444 ot
628 3395 650 3444 a
675 3378 826 3444 testibus
850 3380 1028 3446 roborata.
1054 3376 1135 3444 Alia
1159 3377 1317 3462 scriptiO,
1342 3375 1499 3462 qualiter
1523 3375 1695 3443 iohannes
1716 3381 1751 3443 et
1768 3374 1820 3442 leo
1836 3375 2001 3461 germani
2026 3375 2094 3441 filii
2118 3375 2296 3462 quondam
2320 3380 2420 3462 guoti

568 3532 791 3600 atrianensis
823 3534 1099 3602 declaraberunt
1131 3535 1237 3602 abere
1262 3534 1366 3598 rebus
1391 3531 1567 3598 inlocum
1592 3533 1706 3599 beteri
1731 3532 1769 3598 in
1793 3549 1918 3618 campo
1943 3530 2005 3598 illo
2028 3532 2088 3616 qui
2114 3535 2168 3598 est
2195 3550 2296 3599 secus
2321 3553 2423 3602 mare

570 3686 661 3755 ulter
684 3685 790 3753 dubio
815 3687 955 3772 boneia,
981 3688 1019 3754 in
1043 3706 1112 3773 quo
1135 3685 1287 3754 ecclesia
1307 3685 1424 3754 sancti
1444 3685 1595 3755 iohanni
1612 3686 1776 3754 dedicata
1792 3690 1846 3753 est
1863 3687 1902 3753 in
1919 3685 2047 3770 locum,
2064 3685 2125 3751 ubi
2141 3686 2275 3754 dicitur
2291 3687 2423 3774 labale,

569 3841 606 3906 et
630 3839 772 3924 troccle,
797 3847 833 3907 et
856 3842 992 3926 ragitu,
1019 3858 1129 3924 usque
1152 3838 1259 3905 dubio
1284 3841 1344 3924 qui
1371 3839 1504 3906 dicitur
1529 3840 1659 3927 albole,
1684 3842 1925 3926 pertinentem
1948 3839 2092 3906 illorum
2116 3859 2179 3925 per
2204 3840 2321 3926 gradu
2344 3860 2423 3907 suc·

569 3991 738 4060 cessionis
762 4001 951 4078 pareutum
975 3998 1010 4060 et
1033 4011 1095 4079 per
1119 3991 1262 4058 illorum
1286 3994 1497 4080 rationibus,
1524 3999 1559 4061 et
1582 3996 1675 4061 sicut
1697 3993 1840 4060 illorum
1863 4011 2063 4078 congruum
2081 3993 2164 4080 fuit,
2180 3994 2283 4060 illum
2306 3995 2417 4062 dona·

567 4146 701 4214 berunt
725 4146 882 4232 ipsorum
908 4147 1068 4234 areghisi
1093 4151 1129 4215 et
1153 4145 1323 4234 iaqumu,
1349 4147 1442 4214 sicut
1459 4147 1537 4234 ipsa
1553 4147 1700 4233 scriptio
1724 4146 1890 4214 declarad
1914 4145 2048 4232 scripta
2072 4165 2135 4232 per
2159 4145 2337 4214 radelchis
2364 4165 2425 4214 no-

566 4299 705 4367 tarium
728 4304 817 4370 satis
842 4304 1020 4370 roborata.
1046 4301 1128 4370 Alia
1152 4302 1313 4388 scriptio:
1332 4304 1549 4388 grimpertus
1568 4306 1604 4368 et
1619 4300 1769 4386 pepinus
1794 4297 1862 4366 biri
1886 4299 2065 4386 germani,
2090 4301 2198 4368 omini
2226 4302 2329 4370 liberi
2355 4303 2420 4369 filii

567 4454 746 4537 quondam
771 4455 955 4523 auderami
977 4504 986 4541 ,
1010 4454 1181 4524 abitatori
1206 4455 1337 4520 finibus
1361 4455 1501 4521 salerno
1526 4457 1563 4520 in
1589 4452 1666 4520 bico
1691 4455 1753 4540 qui
1778 4451 1985 4520 nominatur
2010 4453 2207 4540 mitiliano,
2232 4453 2423 4522 beuumde·

567 4602 677 4670 derad
701 4605 870 4691 grausolfi
893 4607 965 4672 lilio
989 4605 1139 4672 roderisi
1163 4611 1261 4672 terra
1285 4625 1350 4672 sua
1373 4624 1453 4672 cum
1476 4589 1664 4673 arboribus
1689 4605 1763 4672 suis
1788 4606 1913 4674 bitatis
1938 4624 2001 4674 seu
2024 4613 2059 4675 et
2082 4611 2208 4693 gructe
2233 4627 2296 4692 per
2321 4608 2420 4676 linis.

568 4756 663 4844 Alia,
687 4761 841 4845 qualiter
864 4781 971 4829 causo
995 4763 1090 4830 filius
1114 4763 1291 4849 quondam
1317 4762 1444 4830 marini
1471 4767 1506 4829 et
1530 4760 1737 4846 cunipertus
1761 4779 1917 4848 generus
1941 4767 1976 4829 et
1991 4761 2142 4830 affiliato
2159 4781 2258 4830 meus
2274 4781 2419 4832 venum-

567 4911 722 4981 dederad
746 4893 928 5003 grausolfr,
953 4917 1027 4984 filio
1050 4916 1213 5002 roderisi,
1238 4923 1335 4984 terra
1358 4936 1438 4983 cum
1463 4919 1619 4985 arbustis
1642 4917 1682 4984 in
1708 4918 1823 4984 locum
1847 4919 1908 5004 qui
1934 4920 2082 4986 bocatur
2107 4918 2152 4985 ad
2175 4919 2334 5004 staffilio,
2360 4921 2419 5006 qui

568 5085 646 5136 esse
670 5068 812 5136 bidetur
836 5087 943 5154 super
974 5071 1034 5137 bia
1065 5089 1127 5155 per
1153 5071 1248 5137 tini-s.
1284 5069 1378 5155 Alia,
1412 5072 1584 5156 quomodo
1607 5072 1745 5157 paldolo
1779 5073 1875 5139 tilius
1906 5072 2084 5157 quondam
2109 5074 2242 5142 romari
2266 5075 2423 5143 abitator

569 5222 702 5291 finibus
727 5224 952 5293 salernitana
977 5225 1261 5293 venumdederad
1286 5225 1457 5312 grausold
1482 5225 1556 5292 tilio
1581 5225 1730 5294 roderisi
1755 5231 1852 5294 terra
1876 5244 1957 5293 cum
1974 5228 2162 5294 arboribus
2186 5227 2298 5297 bitato
2322 5231 2361 5296 in
2377 5231 2424 5296 lo-

567 5396 647 5444 cum
671 5381 732 5464 qui
757 5349 889 5448 dicitur
913 5381 925 5446 i
949 5381 1079 5449 staffilo
1107 5400 1128 5448 a
1157 5398 1263 5466 super
1289 5381 1348 5448 bia
1374 5377 1516 5466 plubica
1540 5399 1603 5466 per
1628 5378 1724 5445 finis.
1755 5379 1849 5466 Alia,
1867 5378 2021 5465 qualiter
2048 5379 2101 5446 leo
2126 5381 2221 5447 filius
2246 5383 2421 5468 quondam

568 5532 684 5618 nansi,
709 5535 744 5600 et
768 5533 931 5601 ursoaldo
956 5532 1051 5598 lilius
1074 5533 1251 5617 quondam
1276 5533 1371 5618 ursi,
1395 5537 1431 5599 et
1453 5531 1609 5599 curbolio
1633 5533 1729 5598 tilius
1753 5533 1931 5618 quondam
1956 5532 2132 5618 faroaldi,
2157 5553 2266 5619 quam
2291 5541 2326 5602 et
2351 5555 2422 5601 mu-

568 5683 643 5750 sulo
668 5684 763 5751 lilius
786 5684 964 5770 quondam
987 5683 1185 5772 sermosaci,
1211 5683 1271 5770 qui
1296 5701 1416 5749 sumus
1440 5683 1642 5750 consobrini
1667 5691 1702 5752 et
1726 5685 1921 5753 abitatores
1945 5688 1982 5753 in
2006 5685 2153 5754 cibitate
2178 5688 2335 5774 salerno,
2362 5693 2416 5756 be-

569 5835 807 5906 numdederad
838 5839 1006 5926 grausolss
1035 5837 1192 5906 castaldo
1224 5837 1296 5902 tilio
1328 5835 1476 5904 roderisi
1508 5837 1727 5904 unanimiter
1756 5839 1888 5907 terrola
1919 5857 1981 5908 sua
2015 5858 2076 5906 sue
2109 5841 2216 5907 sortis
2244 5841 2282 5909 in
2311 5843 2419 5910 locum
