5318 7102
900 567 1080 642 REGUM
1116 571 1443 644 FRANCORUM
2006 567 2053 641 33

293 797 530 884 componatur.
560 791 607 863 De
634 791 847 894 subdiacono
874 793 1035 866 similiter
1059 794 1162 890 triplo
1189 801 1429 891 componatur,
1450 803 1484 868 et
1502 793 1644 888 insuper
1665 793 1818 864 bannum
1845 801 2018 867 nostrum.
2048 792 2100 867 si-

293 947 423 1022 militer
449 952 550 1022 etde
576 952 663 1024 ictos
689 952 764 1023 sine
792 955 959 1047 sanguine
986 951 1154 1026 effusione
1180 953 1222 1026 de
1248 953 1523 1046 uniuscuiusque
1549 953 1682 1027 ordinis
1708 952 1930 1040 clericorum,
1951 977 2099 1027 saecun-

293 1109 376 1182 dum
403 1133 500 1182 suam
527 1113 815 1208 compositionem
840 1113 957 1208 triplo,
978 1121 1013 1186 et
1030 1113 1182 1185 bannum
1209 1121 1367 1184 nostrum
1393 1121 1631 1207 componatur.
1661 1112 1703 1184 Et
1721 1113 1779 1206 qui
1798 1135 1867 1183 non
1886 1111 1988 1186 habet
2007 1114 2099 1186 unde

294 1272 336 1343 ad
354 1273 544 1344 aecclesiae
563 1272 746 1368 persolbat,
767 1274 879 1346 tradat
899 1297 935 1346 se
955 1273 990 1344 in
1009 1274 1190 1346 servitium
1209 1275 1367 1348 eiusdem
1387 1273 1587 1359 aecclesiae,
1604 1275 1798 1368 usquedum
1813 1282 1926 1347 toturn
1945 1274 2100 1348 debitum

293 1432 479 1524 persolvat.

244 1589 292 1661 De
319 1589 435 1662 viduis
461 1599 496 1662 et
521 1591 662 1686 pupillis
687 1592 919 1686 pauperibus,
956 1593 1000 1665 Ut
1033 1593 1321 1688 quandocumque
1356 1595 1392 1665 in
1419 1594 1524 1667 mallo
1550 1593 1573 1689 ¹)
1609 1604 1782 1668 venerunt
1807 1604 1885 1668 ante
1918 1596 2096 1682 comitem,

293 1750 442 1845 primum
470 1775 591 1824 eorum
618 1773 721 1825 causa
746 1752 908 1826 audiatur
932 1762 968 1825 et
993 1751 1189 1841 deliniatur,
1217 1761 1253 1826 et
1270 1755 1299 1826 si
1326 1763 1433 1826 testes
1460 1777 1520 1849 per
1547 1777 1583 1825 se
1603 1753 1644 1825 ad
1664 1777 1786 1826 causas
1809 1779 1888 1826 suas
1906 1756 2100 1848 querendas

293 1907 419 1982 habere
445 1935 514 1983 non
541 1913 703 2007 potuerit,
732 1911 787 1983 vel
807 1913 883 2008 lege
902 1913 1104 2000 nescierint,
1124 1914 1270 1986 comites
1288 1913 1381 1999 illos,
1402 1873 1457 1985 del
1476 1913 1553 1985 illas
1572 1913 1748 1998 adiubent,
1769 1913 1924 1986 dandum
1941 1916 1972 1987 ei
1991 1915 2099 1988 talem

293 2069 469 2142 hominem
496 2073 554 2164 qui
581 2070 751 2144 rationem
778 2095 899 2145 eorum
924 2079 1055 2160 teneat,
1084 2075 1139 2146 vel
1166 2097 1227 2169 pro
1254 2074 1304 2145 eis
1331 2074 1493 2168 loquatur
1518 2071 1557 2170 ²).

243 2229 308 2316 Qui
335 2233 439 2304 vidua
464 2234 554 2306 intra
580 2233 709 2330 primos
735 2235 876 2331 triginta
902 2238 1037 2309 dierum
1064 2235 1244 2310 viduitatis
1270 2258 1366 2322 suae,
1402 2235 1457 2306 rel
1485 2237 1520 2306 in
1548 2237 1616 2308 vita
1644 2259 1718 2322 sua,
1741 2235 1795 2308 vel
1823 2235 2002 2310 voluntate
2034 2237 2100 2310 sibi

291 2393 517 2486 copulaverit,
545 2396 697 2470 bannum
722 2407 893 2486 nostrum,
923 2399 1011 2471 idest
1036 2419 1080 2470 cx
1106 2397 1236 2470 solidos
1261 2397 1365 2493 triplo
1391 2403 1587 2491 componat,
1617 2404 1651 2468 et
1677 2395 1741 2467 sibi
1769 2395 1918 2467 invitum
1942 2419 2017 2467 eam
2037 2396 2102 2468 du-

290 2554 378 2626 xerit
402 2549 441 2650 ³),
469 2554 582 2651 legem
610 2581 707 2628 suam
733 2559 765 2628 ei
792 2567 988 2653 componat,
1017 2557 1076 2630 illa
1101 2581 1183 2629 uero
1210 2557 1358 2629 ulterius
1384 2579 1453 2627 non
1481 2555 1698 2652 adtingat).

240 2713 305 2801 Qui
332 2711 507 2788 hominem
533 2715 705 2810 puplicam
730 2713 956 2810 penitentiam
982 2726 1140 2811 agentem
1166 2715 1381 2802 interficerit,
1401 2716 1555 2790 bannum
1574 2723 1731 2788 nostrum
1751 2717 1785 2786 in
1804 2716 1930 2812 tripplo
1957 2739 2097 2811 compo·

220 2973 223 2977 ι
291 2882 404 2960 natur,
433 2884 468 2948 et
493 2875 745 2971 guidrigildum
771 2876 803 2946 ei
830 2877 871 2947 ad
897 2877 1071 2971 proximos
1097 2883 1256 2972 parentes
1283 2875 1456 2972 persolvat
1481 2875 1519 2972 ⁸).

243 3031 280 3104 Si
308 3031 386 3134 quis
412 3055 468 3104 res
495 3057 574 3105 suas
600 3057 661 3128 pro
688 3034 834 3106 salutem
861 3034 975 3106 anime
1002 3056 1064 3106 sue
1090 3033 1131 3104 ad
1157 3032 1309 3126 aliquam
1335 3031 1570 3106 venerabilem
1597 3035 1725 3118 locum,
1754 3034 1808 3104 vel
1844 3035 2100 3132 appropinques

290 3215 385 3278 suos,
414 3193 486 3264 sibe
504 3193 609 3266 etiam
627 3193 771 3266 cuilibet
784 3195 884 3267 alteri
900 3195 1038 3268 tradere
1056 3194 1218 3278 voluerit,
1239 3193 1281 3264 Et
1298 3215 1339 3265 eo
1357 3201 1512 3289 tempore
1531 3193 1623 3265 inira
1641 3193 1734 3288 ipsos
1753 3194 1953 3266 comitatum
1975 3195 2093 3282 luerit,

291 3351 326 3421 in
353 3373 421 3445 quo
448 3374 503 3422 res
529 3353 639 3446 posite
666 3361 760 3435 sunt,
789 3335 944 3447 legitima
970 3353 1156 3426 traditione
1184 3353 1296 3425 faeere
1322 3353 1497 3441 studeant;
1526 3354 1617 3448 quod
1637 3355 1666 3425 si
1684 3376 1725 3425 eo
1741 3363 1897 3448 ternpore
1924 3354 2017 3446 quod
2035 3351 2095 3425 illa

289 3511 424 3584 tradere
442 3513 530 3599 uult,
559 3520 654 3586 antra
680 3513 802 3586 eodem
828 3515 1030 3588 comitatum
1058 3513 1175 3599 luerit,
1204 3512 1384 3586 ldestsibe
1403 3513 1659 3599 inexercitum,
1689 3513 1762 3584 sive
1789 3514 1824 3584 in
1851 3512 1991 3608 palatio,
2020 3511 2094 3583 sibe

288 3672 325 3742 in
351 3672 418 3744 alio
444 3671 597 3766 quolibet
622 3672 699 3746 loco
726 3672 922 3760 adhibeant,
951 3671 1023 3744 sibe
1050 3674 1093 3744 de
1120 3671 1193 3744 suis
1219 3670 1439 3767 pagensibus,
1468 3670 1523 3741 vel
1550 3673 1592 3742 de
1620 3671 1697 3742 aliis
1724 3672 1784 3764 qui
1810 3693 1886 3743 earn
1913 3670 2027 3765 legem
2045 3671 2097 3742 vi-

286 3831 368 3905 bant
393 3856 494 3927 quam
521 3834 594 3929 ipse
620 3833 785 3908 uidebant
810 3839 916 3905 testes
942 3831 1099 3919 idoneos3
1128 3840 1162 3904 et
1187 3832 1217 3903 si
1244 3832 1323 3905 illos
1349 3831 1473 3904 habere
1499 3855 1568 3903 non
1595 3833 1789 3926 potuerint,
1811 3831 1909 3902 Tunc
1936 3831 1978 3902 de
1996 3807 2091 3918 aliis,

289 3992 408 4086 quales
433 3992 596 4065 meliores
622 3993 781 4066 invenire
807 3993 995 4090 potuerint,
1023 3992 1193 4078 inveniat,
1213 3999 1248 4063 et
1265 4014 1381 4068 coram
1409 3990 1459 4060 eis
1486 4011 1601 4060 rerum
1628 4011 1769 4062 suarum
1795 3989 2018 4063 traditionem
2045 3990 2095 4062 la·

288 4153 369 4240 ciat,
389 4161 423 4225 et
440 4152 608 4225 vestitura
634 4153 740 4224 donet
765 4153 796 4223 ei
826 4152 884 4246 qui
911 4151 970 4224 illa
996 4151 1216 4224 traditionem
1236 4151 1380 4246 accepit,
1402 4151 1569 4223 vestitura
1596 4149 1710 4222 faeiat.
1731 4148 1773 4220 Et
1799 4157 1981 4244 postquam
2008 4149 2093 4222 haec

281 4859 302 4939 ¹)
325 4883 340 4916 α
364 4857 510 4934 nauum,
526 4855 657 4937 Kallas,
681 4854 836 4918 Publicus
858 4861 1042 4926 conuentus,
1067 4856 1106 4916 in
1128 4872 1189 4932 quo
1210 4851 1350 4931 majores
1372 4868 1492 4914 causae
1514 4849 1796 4930 disceptabantur,
1821 4847 2010 4928 iudicioque
2025 4866 2094 4910 mo·

241 5027 255 5060 a
274 5005 358 5085 jorio
379 5005 534 5067 momenti
556 5003 790 5067 exercebantur
811 5023 833 5066 o
856 4999 1050 5074 Comitibus,
1073 4999 1183 5062 Missis
1206 5000 1392 5073 dorninicia,
1417 4999 1556 5078 aliisque
1576 4997 1748 5060 Judicibus
1773 5020 1800 5056 u.
1825 4996 1886 5076 (Cf.
1910 4996 1960 5056 Du
1983 4993 2092 5071 Gange

238 5151 344 5216 Gloss.
370 5175 399 5215 v.
423 5152 591 5232 Hallum).

278 5303 302 5384 ²)
321 5303 406 5366 Mur.
429 5301 573 5366 Xl.-Le
595 5299 736 5362 varianti
759 5297 812 5360 del
836 5295 914 5362 Cod.
938 5295 1067 5367 Esten.,
1092 5295 1153 5357 clre
1178 5293 1201 5356 il
1225 5293 1307 5356 Mur.
1333 5297 1459 5374 riperta
1481 5292 1570 5355 nella
1586 5293 1670 5354 Nota
1690 5291 1742 5372 17)
1767 5307 1840 5372 pag.
1870 5287 1932 5350 128
1954 5306 2089 5353 concor·

237 5451 321 5514 dano
343 5450 602 5514 identicamente
627 5448 677 5513 col
699 5453 813 5510 nostro
835 5447 968 5512 Codice.

277 5601 300 5682 ³)
321 5601 441 5665 Invece
464 5598 497 5661 di
520 5602 556 5661 at
575 5596 640 5664 sibi
660 5596 801 5663 inritum
823 5611 896 5660 eam
916 5592 1053 5660 duxerit
1075 5591 1098 5654 il
1121 5590 1204 5656 Mur.
1229 5591 1282 5653 ha:
1307 5597 1343 5657 et
1363 5591 1393 5656 ei
1412 5589 1552 5655 inritam
1573 5605 1645 5654 eam
1666 5587 1801 5653 duxerit
1821 5601 1967 5653 uxorem.

275 5747 301 5828 ⁸)
320 5748 405 5811 Mur.
430 5745 501 5809 XII.

274 5895 298 5975 ⁵)
318 5894 403 5959 Mur.
427 5893 514 5958 XIII.

425 6053 496 6108 Tou.
517 6063 553 6104 rr.
