5376 7104
1286 571 1460 645 ooollx
1485 570 1750 648 CAVENSIS

1385 881 1671 964 DCLXIX.

1372 1110 1425 1188 A,
1455 1108 1507 1187 D.
1536 1107 1657 1190 1013.

634 1315 670 1455 †
695 1369 734 1434 ln
759 1367 904 1436 nomine
926 1368 1062 1438 domini
1086 1367 1403 1453 vicesimoquinto
1427 1383 1522 1436 anno
1545 1367 1770 1455 principatus
1799 1367 1918 1436 domni
1943 1367 2057 1436 nostri
2086 1369 2269 1458 guaimari
2293 1369 2441 1458 gloriosi

586 1519 779 1609 principis,
803 1541 923 1592 mense
947 1525 1107 1609 octuber,
1130 1521 1339 1591 duodecima
1361 1521 1570 1589 indictione.
1595 1521 1883 1589 Memoratorium
1908 1521 2043 1590 factum
2068 1541 2090 1590 a
2114 1541 2169 1589 me
2193 1524 2289 1592 maio
2310 1525 2442 1593 abbate

586 1669 764 1740 hecclesie
789 1675 904 1742 sancti
929 1675 1104 1760 massimi,
1122 1692 1195 1742 una
1210 1693 1350 1743 mecum
1374 1672 1513 1742 adesset
1537 1671 1730 1739 roderisius
1753 1669 1915 1738 notarius
1939 1670 2185 1740 adbocatorem
2209 1679 2385 1761 nostrum,
2400 1691 2442 1744 eo

587 1823 684 1909 quod
711 1831 796 1893 ante
819 1827 1001 1911 presentia
1025 1828 1117 1914 petri
1142 1825 1251 1896 iudici
1276 1845 1339 1914 per
1363 1815 1455 1894 bona
1470 1823 1730 1894 combenientia
1746 1823 1959 1892 tradidimus
1983 1822 2143 1911 iohanni,
2168 1825 2228 1912 qui
2254 1827 2325 1896 fuit
2348 1827 2441 1898 viee-

587 1975 771 2064 dominus,
797 1979 894 2048 filius
917 1980 1020 2066 ydem
1044 1981 1207 2068 iohanni,
1232 1985 1269 2049 et
1292 1980 1452 2066 iohanni,
1469 1984 1505 2046 et
1523 1979 1628 2065 leoni,
1645 1981 1680 2047 et
1695 1977 1816 2049 amudi
1840 1976 2028 2066 presbiteri
2052 1978 2218 2066 germani
2241 1981 2308 2049 filii
2331 1999 2443 2068 quon-

585 2128 671 2200 dam
696 2131 850 2218 iaquinti
875 2136 1087 2223 presbiteri,
1112 2137 1174 2223 qui
1199 2136 1267 2203 luit
1290 2151 1483 2221 germanus
1513 2131 1665 2219 predicti
1697 2132 1845 2199 iohanni
1876 2129 2109 2217 bicedomini,
2141 2133 2183 2201 de
2216 2135 2323 2202 rebus
2346 2136 2440 2222 quod

589 2301 676 2368 pars
700 2285 861 2372 predicte
888 2290 1060 2358 hecclesie
1085 2295 1204 2357 nostre
1226 2289 1308 2357 abet
1331 2287 1370 2353 in
1394 2287 1509 2354 locum
1533 2287 1769 2370 epus-monte,
1787 2283 1847 2350 ubi
1866 2283 2024 2351 cirasulu
2039 2289 2074 2351 et
2099 2287 2209 2353 etiam
2234 2286 2440 2358 1110110010-

584 2440 724 2524 matur,
749 2439 811 2524 qui
836 2444 890 2508 est
913 2444 1012 2510 terra
1035 2461 1116 2508 cum
1140 2439 1299 2509 arbustis
1323 2438 1444 2507 uitatis
1469 2457 1532 2524 per
1555 2455 1595 2505 as
1618 2436 1700 2502 linis
1724 2441 1760 2504 et
1785 2419 2022 2506 rnensurasza
2046 2457 2128 2524 pars
2153 2439 2348 2508 occidentis
2369 2443 2438 2511 line

585 2589 647 2657 bia
672 2590 830 2678 pulbica,
855 2599 939 2660 sunt
963 2591 1045 2660 inde
1068 2593 1164 2678 passi
1189 2591 1431 2680 quadraginta
1454 2590 1643 2677 qnadtuor:
1662 2609 1684 2657 a
1700 2608 1785 2675 pars
1801 2589 1948 2657 meridie
1973 2589 2043 2658 fine
2067 2591 2224 2677 predicte
2248 2595 2437 2683 lrecclesie,

582 2739 676 2811 sicut
699 2743 760 2813 bia
783 2745 969 2831 discernit,
993 2743 1076 2812 inde
1093 2749 1177 2812 sunt
1191 2747 1287 2831 passi
1304 2744 1570 2830 quinquaginta
1587 2761 1663 2828 sex,
1681 2747 1716 2810 et
1732 2742 1934 2811 rebolbente
1958 2761 2022 2828 per
2037 2744 2185 2811 headem
2202 2746 2273 2814 fine
2290 2745 2328 2812 in
2346 2767 2430 2833 pars

581 2893 732 2966 meridie
756 2898 850 2984 passi
874 2901 1022 2983 septem3
1049 2898 1179 2965 iterum
1203 2897 1405 2964 rebolbente
1429 2914 1492 2982 per
1516 2894 1585 2962 lino
1610 2895 1722 2979 ipsius
1744 2893 1891 2960 ecclesie
1908 2892 1946 2959 in
1962 2899 2064 2979 parte
2088 2895 2236 2963 orientis
2259 2898 2355 2984 passi
2383 2899 2436 2965 bi-

580 3049 674 3135 ginti
699 3069 776 3137 sex,
801 3057 836 3120 et
859 3069 922 3138 per
946 3051 1096 3120 beadem
1119 3052 1191 3118 fine
1214 3049 1453 3117 rebolbentenr
1478 3049 1515 3116 in
1544 3066 1628 3133 pars
1652 3046 1914 3133 septemtrionis
1939 3047 2034 3132 passi
2058 3048 2371 3137 qnadtuordecin13
2400 3057 2436 3121 et

580 3202 713 3270 iterum
738 3203 942 3271 rebolbente
959 3223 1021 3289 per
1039 3205 1116 3290 ipsa
1132 3203 1204 3270 fine
1219 3205 1257 3270 in
1273 3220 1357 3288 pars
1372 3201 1522 3268 orientis
1537 3201 1632 3286 passi
1650 3198 1914 3286 quinquaginta
1930 3200 2122 3286 qnadtuor:
2141 3221 2164 3269 a
2180 3222 2263 3288 pars
2279 3205 2432 3273 orientis

585 3353 657 3420 fine
682 3355 761 3441 bia,
786 3359 823 3423 01
848 3356 929 3424 indo
953 3359 1037 3423 sunt
1060 3356 1152 3441 passi
1178 3355 1370 3440 sexaginta
1394 3359 1490 3422 octo:
1517 3373 1538 3421 a
1562 3372 1646 3438 pars
1669 3332 1934 3438 septemtrionis
1964 3353 2035 3420 fine
2066 3355 2144 3440 bia,
2174 3359 2211 3421 et
2235 3354 2319 3423 inde
2349 3360 2432 3424 suut

579 3512 675 3596 passi
698 3513 818 3580 decern
842 3517 876 3580 et
899 3517 989 3597 ooto;
1014 3518 1050 3580 et
1073 3512 1276 3581 rebolbente
1300 3513 1338 3579 in
1363 3530 1445 3598 pars
1470 3509 1618 3578 meridie
1636 3527 1698 3596 per
1716 3508 1799 3594 line,
1823 3506 1916 3575 sicut
1939 3509 2076 3576 termiti
2100 3509 2324 3599 discernunt,
2352 3512 2434 3580 inde

578 3665 676 3750 passi
701 3670 797 3753 ooto;
823 3667 955 3734 iterum
979 3665 1184 3733 rebolbente
1214 3684 1277 3752 per
1301 3665 1448 3733 heodem
1474 3665 1544 3731 line
1568 3664 1607 3730 in
1631 3681 1715 3750 pars
1739 3662 1932 3730 occidentis
1964 3663 2058 3750 passi
2093 3662 2225 3750 biginti
2257 3666 2433 3752 quadtuor

578 3820 615 3886 et
640 3817 775 3904 palmos
798 3823 873 3887 tres
887 3839 896 3905 ;
921 3823 956 3886 et
981 3817 1184 3886 rebolbente
1208 3818 1245 3884 in
1270 3837 1354 3904 pars
1378 3816 1527 3886 meridie
1560 3816 1656 3902 passi
1681 3813 1811 3902 biginti
1842 3814 1911 3882 duo
1942 3816 2061 3883 minus
2085 3817 2252 3903 gubitum
2281 3821 2430 3906 hunum,

579 3967 772 4036 etiterum
803 3969 1007 4038 rebolbente
1032 3971 1070 4036 in
1094 3988 1178 4054 pars
1208 3969 1404 4036 occidentis
1426 3973 1462 4034 et
1488 3966 1730 4053 coniungente
1761 3966 1800 4032 in
1826 3966 1905 4052 ipsa
1939 3967 1999 4035 bia
2030 3969 2092 4053 qui
2123 3973 2176 4036 est
2199 3970 2317 4055 priore
2342 3971 2425 4060 fine,

577 4123 663 4188 sunt
690 4118 772 4187 inde
797 4121 892 4207 passi
919 4120 1129 4207 octuaginta
1153 4124 1298 4206 septem:
1324 4124 1398 4186 tota
1422 4115 1627 4203 supradicta
1644 4133 1829 4185 mensuras
1845 4115 1889 4184 ad
1907 4115 2000 4183 iusto
2016 4135 2159 4202 passum
2177 4118 2332 4186 hominis
2348 4125 2430 4189 sunt

577 4277 807 4358 mensurata3
831 4271 874 4340 de
898 4274 963 4340 heo
987 4290 1071 4341 vero
1095 4273 1201 4339 rebus
1225 4271 1321 4338 infra
1343 4269 1501 4356 predicte
1525 4268 1608 4334 finis
1631 4270 1667 4334 et
1690 4265 1870 4334 mensurie
1895 4265 2019 4335 inclita
2044 4269 2235 4338 medietate
2258 4269 2298 4337 in
2326 4277 2427 4358 parte

580 4426 732 4494 meridie
757 4425 902 4493 illorum
926 4425 1140 4494 tradidimus
1164 4423 1230 4492 tali
1254 4422 1390 4510 ordine,
1416 4424 1456 4489 ut
1480 4420 1604 4490 amodo
1627 4425 1663 4488 et
1687 4439 1825 4508 semper
1849 4421 1921 4489 illis
1944 4426 1980 4491 et
2002 4423 2090 4510 ipsis
2114 4421 2259 4492 filiabus
2282 4424 2428 4496 illorum

579 4583 688 4647 natos
709 4584 895 4664 nascente,
921 4598 984 4646 sue
1008 4579 1191 4666 potestatis
1216 4575 1296 4643 illut
1319 4578 1467 4644 teneant
1483 4579 1518 4642 et
1535 4574 1729 4662 dominent,
1743 4580 1778 4645 et
1793 4577 1980 4645 circoitum
2006 4577 2086 4645 illut
2109 4578 2273 4666 cludant,
2289 4587 2326 4649 et
2340 4599 2428 4650 sem·

578 4749 643 4818 per
668 4731 752 4800 illut
776 4751 835 4800 eos
859 4733 996 4799 clusum
1021 4734 1175 4820 abeant,
1200 4733 1337 4816 escepto
1360 4747 1432 4796 non
1456 4728 1557 4796 illum
1581 4728 1727 4798 cludant
1750 4729 1797 4798 da
1820 4749 1904 4816 pars
1935 4733 2201 4818 septemtrionis
2232 4737 2328 4804 inter
2353 4736 2427 4824 ipsa

579 4881 682 4950 halia
706 4882 917 4970 medietate,
942 4888 996 4951 set
1019 4884 1242 4970 coniungant
1265 4899 1302 4948 se
1327 4899 1408 4948 oum
1439 4879 1642 4949 hominibus
1675 4881 1735 4967 qui
1768 4883 1952 4950 tenuerint
1975 4883 2051 4969 ipsa
2081 4885 2182 4954 halia
2205 4887 2422 4974 medietate,

577 5053 648 5122 que
668 5025 847 5106 ¹remansit
869 5036 915 5105 da
939 5041 1041 5123 parte
1065 5035 1342 5123 septemtrionis,
1358 5037 1395 5101 et
1419 5035 1555 5103 saciant
1578 5033 1777 5100 comuniter
1801 5035 1840 5101 in
1866 5033 1945 5122 ipsa
1968 5035 2102 5105 sinaita
2119 5037 2215 5107 inter
2232 5039 2295 5108 illa
2309 5045 2345 5108 et
2362 5039 2422 5110 illa

577 5189 773 5260 medietate
798 5208 911 5258 unum
934 5189 1128 5278 applictum
1151 5190 1194 5258 de
1217 5208 1300 5260 casa
1324 5188 1366 5257 de
1390 5187 1601 5275 lingnamen
1625 5189 1730 5274 bona,
1748 5189 1783 5254 et
1800 5191 1935 5274 ponant
1958 5189 2006 5256 ibi
2031 5207 2094 5275 per
2117 5195 2250 5279 partes,
2272 5193 2319 5262 ad
2335 5170 2418 5263 resi·

446 5333 452 5352 “
573 5340 731 5412 dendum
756 5361 834 5411 omo
857 5342 920 5428 qui
944 5359 1082 5429 semper
1106 5341 1257 5430 vigilent
1279 5345 1315 5410 et
1338 5339 1540 5410 custodiant
1563 5341 1669 5409 rebus
1694 5338 1793 5428 ipsa,
1818 5359 1879 5408 seu
1902 5345 1939 5410 et
1963 5340 2058 5410 inter
2089 5342 2153 5412 illa
2176 5349 2212 5413 et
2236 5343 2301 5415 illa
2330 5353 2422 5415 sorte

572 5499 709 5580 ponant
732 5499 769 5563 ot
791 5494 924 5563 abeant
947 5490 1168 5579 palmentum
1193 5463 1323 5560 bonum
1346 5509 1427 5559 cum
1450 5489 1636 5561 suscitorio
1653 5488 1677 5574 ¹)
1702 5509 1785 5578 suc,
1813 5491 1945 5580 inquo
1968 5512 2031 5580 per
2055 5498 2175 5582 partes
2197 5515 2261 5583 per
2285 5517 2417 5569 annum

606 5857 630 5939 Ι)
651 5861 831 5933 sarcitorio,
856 5858 945 5924 idem
969 5878 1006 5924 ac
1028 5859 1237 5939 susceptoriu-
1261 5855 1487 5937 receptaculo.
