5376 7104
994 486 1399 561 lllPLOlllfiTlCUS
2002 488 2072 560 235

263 709 307 778 de
333 713 432 780 terra
455 729 657 800 campense,
680 711 773 800 quod
796 715 911 782 abunt
934 711 972 778 in
995 711 1110 778 locum
1133 712 1283 782 nuceria
1308 711 1367 782 ubi
1384 711 1531 782 tostaoio
1547 715 1709 798 vocatur,
1725 714 1761 780 et
1775 695 1919 798 proprio
1935 711 1980 781 ad
1996 716 2116 800 grotta

264 865 459 951 aeeprandi
482 864 642 954 dieitur,
673 885 736 954 per
758 869 825 935 heo
848 865 932 933 finis
955 871 991 933 et
1012 865 1203 935 mensurie.
1234 871 1264 934 Α
1290 887 1373 955 pars
1401 865 1665 956 septemtrionis
1692 868 1763 936 fine
1789 867 1874 953 via,
1903 866 1986 934 inde
2018 870 2114 953 passi

263 1015 510 1104 quadraginta
532 1017 614 1085 duo:
640 1018 688 1086 ab
710 1018 891 1087 occidente
914 1020 984 1085 fine
1008 1037 1142 1106 suaque
1166 1020 1343 1106 germani,
1365 1020 1447 1089 inde
1463 1020 1557 1106 passi
1573 1023 1714 1087 eentum
1730 1019 1890 1088 sideoim:
1915 1038 1938 1087 a
1962 1018 2115 1086 meridie

264 1169 431 1239 similiter
453 1173 528 1240 fine
552 1171 708 1260 illorum,
732 1173 815 1241 inde
838 1173 935 1259 passi
959 1173 1222 1262 quinquaginta
1241 1176 1324 1262 duo,
1341 1175 1433 1244 siout
1449 1176 1547 1244 vadit
1563 1196 1626 1263 per
1642 1178 1727 1244 hore
1744 1175 1786 1244 de
1806 1175 1974 1245 iamdicta
1991 1174 2117 1262 gripta

264 1343 333 1412 que
357 1325 489 1394 dicitur
512 1325 559 1396 da
582 1327 813 1414 aeeprandu,
841 1331 924 1396 sunt
947 1327 1099 1416 indeque
1123 1327 1191 1415 ipsi
1215 1328 1480 1416 quinquaginta
1503 1329 1596 1398 duo:
1622 1349 1644 1398 a
1666 1347 1751 1416 pars
1774 1327 1923 1396 orientis
1945 1329 2116 1397 similiter

264 1477 335 1544 fine
359 1477 517 1566 illorum,
540 1481 633 1548 sicut
655 1499 693 1549 se
716 1481 904 1568 coniungit
926 1481 972 1549 ad
996 1481 1074 1568 ipsa
1097 1481 1157 1550 via
1180 1479 1298 1570 priore
1322 1481 1418 1567 fino,
1445 1483 1530 1548 sunt
1555 1479 1637 1547 inde
1660 1479 1757 1566 passi
1782 1485 1927 1547 eentum
1951 1481 2114 1568 sideoim,

264 1635 381 1700 totum
406 1633 451 1702 ad
475 1632 570 1701 iusto
593 1651 738 1721 passum
761 1633 898 1702 homini
920 1639 1180 1719 mensuratum;
1204 1635 1269 1701 heo
1292 1652 1376 1701 vero
1400 1636 1505 1702 rebus
1521 1652 1584 1720 per
1599 1634 1765 1703 iamdicta
1782 1633 1866 1700 finis
1882 1638 1917 1703 et
1933 1637 2115 1703 mensurio

267 1785 432 1854 inolitum
456 1806 540 1856 cum
563 1787 640 1855 vioe
661 1786 706 1854 de
728 1785 788 1856 via
809 1806 874 1856 sua
900 1786 966 1874 ipsi
990 1788 1167 1856 nominati
1191 1787 1315 1857 alerisi
1338 1791 1374 1856 et
1393 1787 1524 1874 godeni
1541 1789 1643 1856 nobis
1658 1787 1820 1857 iamdicti
1838 1789 1969 1857 stefani
1986 1795 2022 1858 et
2040 1794 2117 1860 ursi

264 1941 495 2011 tradiderunt
520 1942 565 2010 ad
589 1943 850 2029 pastenandum
875 1943 1061 2010 arbustum
1083 1941 1148 2011 tali
1173 1941 1308 2030 ordine,
1328 1948 1368 2011 ut
1390 1944 1514 2012 amodo
1538 1948 1573 2012 et
1596 1961 1733 2031 semper
1756 1943 1802 2013 ad
1826 1949 1987 2013 nostram
2011 1949 2047 2012 et
2068 1945 2112 2013 de

266 2097 400 2165 nostris
422 2097 613 2188 heredibus
636 2069 710 2164 sint
733 2097 955 2183 potestatem,
978 2113 1036 2163 eos
1059 2096 1253 2164 tenendum
1270 2101 1307 2165 et
1322 2097 1590 2183 dominandum,
1615 2103 1651 2168 et
1675 2099 1772 2166 fovee
1795 2102 1832 2167 et
1854 2098 1970 2166 omnis
1993 2107 2116 2168 nostre

266 2250 437 2319 utilitatis
460 2253 566 2319 iuxta
588 2252 763 2319 rationem
787 2251 919 2319 ibidem
943 2251 1129 2339 iaciamuS,
1154 2257 1190 2321 et
1212 2252 1384 2322 faciamus
1408 2253 1539 2320 ibidem
1562 2255 1735 2340 sedilum,
1758 2258 1796 2322 et
1819 2273 1912 2321 unus
1936 2272 1982 2322 ex
2007 2254 2115 2321 nobis

266 2405 322 2471 rel
348 2403 433 2472 filiis
457 2403 590 2472 nostris
614 2405 745 2472 ibidem
768 2406 944 2475 abitemus
966 2407 1003 2472 et
1025 2411 1249 2492 pastenemus
1272 2425 1331 2476 eos
1354 2409 1498 2474 arbores
1521 2410 1672 2476 atritas
1695 2409 1738 2475 de
1762 2411 1851 2475 bono
1875 2409 2030 2494 vitineo;
2055 2408 2109 2476 sie

166 2593 171 2598 ·
266 2575 437 2643 namque,
461 2564 501 2625 ut
525 2559 570 2628 ad
594 2557 758 2645 completi
784 2558 909 2628 amodo
931 2557 1135 2646 quindecim
1158 2578 1272 2628 annos
1295 2577 1358 2628 nos
1374 2563 1494 2628 autem
1511 2563 1546 2629 et
1560 2561 1692 2629 nostris
1708 2561 1899 2628 heredibus
1916 2563 2120 2638 habeamus

266 2714 305 2780 in
331 2715 406 2780 tota
429 2711 601 2780 iamdicta
622 2711 838 2782 tradictione
860 2732 922 2800 per
946 2714 1148 2800 supradicte
1170 2714 1253 2780 finis
1275 2717 1311 2781 et
1333 2711 1511 2780 mensurio
1526 2711 1721 2798 perfeetum
1737 2714 1927 2782 arbustum
1944 2714 2118 2801 vitatum,

169 2954 172 2958 Ι
264 2866 417 2952 lactum,
441 2868 639 2951 operatum,
665 2863 838 2932 onltatum
862 2863 967 2932 iuxta
989 2865 1281 2932 consuetudinem
1307 2865 1418 2952 ipsius
1434 2867 1515 2953 loci,
1539 2871 1576 2934 et
1597 2867 1689 2934 sicut
1711 2866 1754 2934 de
1770 2869 1889 2934 tantos
1906 2885 2020 2936 annos
2037 2886 2114 2936 esse

264 3016 452 3100 meruerit;
476 3020 513 3084 et
535 3015 581 3082 da
604 3016 687 3083 inde
711 3013 751 3081 in
774 3019 882 3084 antea
903 3016 998 3082 omni
1022 3019 1179 3103 tempore
1202 3018 1407 3085 annualiter
1424 3017 1518 3103 aptis
1534 3015 1751 3103 temporibus
1769 3015 1968 3084 lavoremus
1986 3023 2023 3084 et
2039 3017 2120 3086 cul·

264 3174 383 3238 temus
406 3187 470 3236 nos
493 3169 571 3256 ipsa
595 3168 764 3238 imadicta
787 3167 955 3237 tradictio
970 3169 1014 3236 de
1032 3187 1138 3256 super
1153 3173 1189 3236 et
1204 3167 1247 3237 de
1264 3173 1389 3255 suptus
1405 3170 1510 3237 iuxta
1524 3168 1816 3237 consuetudinem
1830 3168 1874 3237 de
1890 3169 1967 3258 ipso
1984 3171 2118 3259 locum,

265 3328 318 3410 et,
341 3323 402 3391 ubi
428 3326 615 3410 meruerit,
640 3323 772 3392 ibidem
795 3325 942 3392 arbores
965 3329 1001 3392 et
1022 3323 1114 3391 vites
1136 3341 1200 3390 nos
1223 3341 1281 3391 eos
1307 3323 1436 3392 ibidem
1461 3323 1661 3410 plantemus
1685 3327 1721 3391 et
1742 3323 2035 3413 propaginemus,
2059 3325 2113 3394 sio

267 3478 403 3567 itaque,
429 3483 469 3546 ut
493 3478 701 3548 annualiter
724 3481 855 3546 bonum
879 3479 1011 3565 paread
1035 3479 1233 3548 lavoratum
1255 3481 1292 3545 et
1313 3475 1508 3560 cultatum;
1532 3481 1568 3544 et
1589 3479 1765 3562 quantum
1787 3474 1915 3544 vinum
1937 3478 1992 3546 vel
2016 3478 2115 3564 quit·

267 3636 346 3720 quit
371 3637 492 3722 fruges
516 3634 639 3703 amodo
661 3653 774 3720 usque
797 3634 917 3703 decern
940 3634 1029 3702 anni
1054 3632 1136 3699 inde
1157 3629 1300 3716 exierit,
1324 3633 1438 3698 tolum
1453 3644 1511 3696 eos
1526 3627 1628 3695 nohis
1651 3629 1821 3697 abeamus
1844 3647 1909 3698 nos
1924 3637 1960 3698 et
1976 3634 2111 3700 nostris

266 3788 483 3876 heredibus,
514 3793 550 3857 et
579 3789 717 3857 nullam
747 3789 831 3856 inde
854 3785 956 3857 nobis
978 3787 1120 3871 tollant,
1143 3801 1208 3851 neo
1231 3781 1326 3866 illis,
1351 3798 1417 3847 neo
1440 3779 1584 3846 illorum
1607 3780 1748 3866 eredes3
1772 3785 1809 3850 et
1830 3781 1876 3850 da
1901 3783 1968 3869 ipsi
1994 3783 2116 3853 decem

266 3940 353 4010 anni
379 3943 418 4008 in
442 3945 553 4010 antea
576 3943 672 4008 omni
697 3943 855 4028 tempore
879 3957 942 4026 per
964 3943 1122 4024 tempore
1145 3933 1323 4002 vindemie
1354 3933 1563 4002 annualiter
1594 3933 1768 4040 iaciamus
1799 3934 1873 4002 illis
1903 3935 1959 4002 vel
1988 3954 2114 4004 eorum

266 4096 391 4165 eredes
413 4095 520 4181 seire,
544 4097 585 4161 ut
606 4093 770 4181 dirigant
794 4092 926 4162 ibidem
950 4089 1097 4158 missum
1121 4089 1277 4174 illorum,
1301 4092 1337 4156 et
1359 4104 1424 4154 nos
1446 4091 1557 4156 totum
1575 4087 1654 4174 ipsa
1669 4087 1839 4156 tradictio
1855 4093 1939 4175 apto
1956 4094 2115 4176 tempore

269 4248 543 4336 vindemiemus
568 4253 604 4317 et
626 4251 804 4335 quantum
828 4244 952 4313 vinum
975 4245 1018 4312 de
1041 4245 1116 4312 tota
1139 4243 1218 4328 ipsa
1240 4240 1456 4310 tradictione
1480 4241 1638 4309 exierint
1660 4239 1707 4308 da
1731 4241 1799 4328 ipsi
1822 4242 1944 4310 decem
1967 4244 2053 4310 anni
2075 4245 2113 4310 in
2192 4223 2196 4234 ’

266 4409 391 4489 antea,
415 4404 513 4470 omni
536 4408 694 4488 tempore
718 4399 791 4468 illis
814 4399 869 4468 vel
893 4400 1041 4468 missum
1062 4413 1186 4464 eorum
1209 4395 1337 4463 tollant
1361 4396 1506 4463 tertiam
1528 4399 1680 4480 partem,
1700 4400 1736 4462 et
1751 4412 1814 4462 nos
1830 4400 1866 4462 et
1882 4395 2015 4462 nostris
2031 4414 2107 4463 ere-

265 4557 374 4627 dihus
397 4557 566 4625 tollamus
588 4555 672 4624 inde
694 4555 763 4623 due
786 4554 914 4639 sortis,
938 4557 975 4620 et
997 4551 1162 4638 adsignet
1183 4549 1256 4619 illis
1278 4549 1333 4615 vel
1358 4549 1434 4616 suis
1456 4547 1621 4616 eredibus
1644 4547 1745 4615 nobis
1769 4548 1972 4635 nostrisque
1995 4549 2113 4617 eredi-

268 4715 336 4780 bus
361 4729 561 4799 organeum
586 4710 631 4778 ad
655 4708 855 4794 cellarium,
878 4707 970 4793 quod
994 4704 1066 4772 illis
1089 4704 1257 4773 abuerint
1280 4704 1317 4771 in
1341 4703 1448 4790 plano
1471 4703 1553 4770 uius
1576 4704 1736 4789 nuoerie,
1760 4707 1796 4771 et
1819 4720 1883 4771 nos
1905 4704 2113 4774 annualiter

264 4866 471 4933 oonoiemus
494 4867 531 4931 et
554 4864 764 4950 studiemus,
788 4861 882 4930 siout
904 4859 1091 4947 meruerit,
1114 4862 1150 4926 et
1171 4876 1383 4945 reponamus
1398 4855 1501 4924 illum
1516 4855 1556 4923 in
1572 4855 1647 4942 ipso
1661 4855 1862 4946 cellarium,
1878 4860 1916 4926 et
1931 4863 2112 4944 portemus

263 5037 328 5087 nos
352 5019 433 5105 ipsa
456 5037 579 5088 eorum
602 5018 755 5084 sortione
779 5016 823 5084 de
846 5017 922 5102 ipso
945 5013 1070 5082 vinum
1093 5031 1204 5100 usque
1233 5015 1309 5100 ipso
1336 5011 1524 5081 cellarium
1552 5012 1715 5100 salvum,
1742 5018 1778 5081 et
1801 5011 1841 5079 in
1864 5013 1981 5099 ipsum
2005 5029 2110 5098 orga-

264 5151 372 5241 neum
397 5165 481 5241 illut
503 5172 711 5256 mittamns3
735 5173 772 5237 et
795 5169 880 5238 dum
904 5170 980 5254 ipse
1003 5169 1150 5235 missum
1172 5184 1294 5234 eorum
1319 5165 1449 5234 ibidem
1471 5183 1578 5253 super
1601 5165 1681 5252 ipsa
1703 5163 1883 5233 vindemia
1907 5163 2043 5232 luerint
2065 5163 2112 5231 ad

264 5325 532 5414 procurandum
556 5325 635 5412 ipsa
658 5342 724 5392 sua
746 5322 951 5407 sortionem,
975 5320 1068 5406 quod
1090 5321 1137 5389 da
1168 5318 1269 5387 nobis
1296 5339 1419 5388 eornm
1447 5319 1649 5406 evenerint,
1678 5336 1743 5385 nos
1773 5316 1876 5384 illum
1904 5317 2108 5384 nutriamus

264 5480 458 5550 secundum
482 5483 642 5548 nostram
665 5475 952 5564 possivilitatem,
967 5479 1003 5544 et
1018 5474 1141 5542 demus
1156 5474 1189 5540 ei
1205 5473 1461 5560 palmentatica
1485 5475 1590 5542 iuxta
1612 5471 1802 5556 rationem;
1826 5472 1863 5538 et
1886 5469 1931 5538 de
1953 5468 2046 5555 quod
2070 5489 2110 5538 a·

264 5639 365 5707 modo
387 5642 424 5707 et
448 5655 586 5723 semper
610 5634 740 5703 ibidem
764 5631 980 5700 seminatum
1003 5629 1159 5717 fuerint,
1190 5629 1312 5696 demus
1336 5629 1563 5696 iudaeorum
1587 5626 1798 5696 terraticum
1828 5626 2113 5705 iuxtaoonsue-

263 5795 424 5863 tudinem
449 5791 562 5882 ipsius
586 5789 685 5875 locis3
708 5788 738 5855 si
763 5791 883 5854 autem
907 5782 1101 5870 aliquando
1123 5789 1280 5872 ternpore
1301 5801 1366 5851 nos
1382 5783 1437 5852 rel
1451 5785 1584 5851 nostris
1600 5783 1788 5851 heredibus
1803 5798 1876 5848 non
1891 5780 2110 5850 voluerimus
