5310 7080
1235 509 1408 630 coeuu
1447 555 1715 627 ouvuusts

1373 989 1581 1072 DXCII.

1323 1253 1377 1330 A.
1406 1251 1457 1328 D.
1486 1249 1630 1331 1006:

596 1492 695 1633 †ln
725 1545 867 1613 nomine
894 1545 1028 1612 domini
1059 1547 1182 1612 octabo
1208 1543 1344 1612 decimo
1375 1559 1471 1609 anno
1497 1542 1721 1629 principatus
1750 1541 1871 1609 domni
1900 1540 2013 1608 nostri
2043 1541 2224 1628 guaimari
2252 1540 2404 1627 glorioso

551 1697 726 1786 principe}
753 1717 874 1766 mense
896 1698 1079 1766 december
1103 1696 1232 1784 quinta
1259 1695 1467 1763 indictione.
1493 1698 1584 1763 Ante
1612 1713 1667 1761 me
1691 1696 1745 1762 leo
1770 1695 1879 1762 iudex
1902 1694 2064 1763 causabit
2086 1697 2210 1780 petrus
2226 1697 2399 1781 presbiter

551 1853 588 1918 et
609 1851 835 1939 primicerius
857 1851 1004 1919 ecclesie
1028 1852 1143 1920 sancti
1172 1849 1322 1918 maximi
1346 1865 1410 1935 pre
1426 1865 1509 1935 pars
1533 1852 1569 1914 et
1583 1847 1659 1913 vice
1677 1845 1790 1932 ipsius
1806 1845 1953 1913 ecclesie
1976 1865 2055 1912 oum
2080 1849 2202 1932 petrus
2224 1848 2400 1932 presbiter

554 2002 651 2071 filius
673 2005 902 2091 ermengardi
925 2005 967 2070 de
992 2005 1106 2070 locum
1129 2003 1279 2070 nuceria
1302 2001 1491 2069 dicendum
1514 1999 1562 2085 ei,
1579 2003 1619 2066 ut
1634 1999 1709 2086 ipse
1726 2003 1849 2085 petrus
1866 1999 2042 2084 presbiter
2066 2002 2102 2065 et
2124 1999 2304 2067 ominibus
2327 1999 2404 2068 suis

551 2153 647 2222 malo
670 2157 794 2224 ordine
815 2161 851 2224 et
874 2158 950 2224 sine
972 2157 1112 2224 ratione
1139 2157 1321 2223 introisset
1338 2155 1375 2220 in
1393 2157 1499 2222 rebus
1526 2173 1608 2220 cum
1634 2155 1791 2222 arbustis
1806 2153 1849 2220 de
1865 2153 1985 2222 eodem
2003 2153 2076 2220 loco
2093 2154 2243 2222 nuceria
2268 2154 2329 2220 ubi
2355 2153 2399 2224 ad

551 2311 784 2378 eataoansulu
806 2311 951 2397 dicitur,
972 2311 1212 2397 pertinentem
1235 2311 1313 2395 ipsa
1330 2311 1434 2376 rebus
1449 2310 1492 2376 de
1511 2309 1587 2394 ipsa
1603 2309 1766 2394 ecclesia,
1792 2309 1884 2392 quod
1910 2309 1985 2394 ipse
2014 2312 2136 2395 petrus
2163 2307 2338 2394 presbiter
2362 2312 2398 2376 et

552 2463 779 2547 primicerius
800 2463 882 2528 illut
904 2464 942 2528 in
965 2461 1176 2530 beneficium
1201 2463 1346 2546 retinet,
1369 2465 1404 2528 et
1426 2461 1524 2528 fobea
1548 2461 1679 2528 ibidem
1704 2461 1856 2548 iecisset,
1879 2465 1915 2529 et
1937 2462 2032 2529 soree
2049 2466 2084 2529 et
2100 2463 2214 2530 assari
2239 2463 2322 2530 inde
2345 2467 2403 2530 tu·

553 2615 661 2700 lisset,
685 2619 719 2681 et
743 2616 852 2701 sepali
878 2616 961 2682 inde
985 2614 1203 2683 abscidisset.
1229 2619 1264 2681 et
1280 2613 1354 2700 ipso
1370 2617 1491 2700 petrus
1507 2614 1683 2700 presbiter
1705 2612 1797 2680 talia
1813 2612 2014 2697 audientes,
2038 2631 2246 2699 responsum
2271 2614 2303 2681 ei
2330 2621 2400 2684 ret·

552 2767 644 2833 didit
666 2767 865 2852 dicendum,
890 2768 1010 2854 plures
1030 2770 1135 2835 rebus
1159 2769 1198 2834 in
1221 2767 1342 2833 eodem
1366 2765 1440 2832 loeo
1464 2764 1614 2832 nuceria
1631 2763 1691 2829 ubi
1710 2762 1841 2829 dicitur
1866 2764 2099 2832 catacunsula
2122 2769 2243 2852 abere,
2268 2773 2320 2834 sei
2343 2785 2403 2834 ne-

549 2921 643 2984 scire
665 2920 758 2986 unde
782 2939 861 2985 cum
886 2929 968 2986 eum
990 2919 1161 2988 oausavit.
1186 2937 1231 2984 ex
1257 2937 1326 3004 que
1350 2918 1443 2984 inter
1467 2919 1519 2985 eis
1536 2915 1693 2984 iudicabi
1718 2918 1753 2981 et
1772 2916 1933 3000 utrisque
1959 2916 2032 2982 illis
2055 2918 2230 3002 guadiare
2256 2919 2338 3008 feci,
2355 2927 2396 2994 ut

549 3090 612 3156 per
635 3075 756 3156 partes
777 3091 798 3138 a
822 3088 928 3155 super
956 3071 1034 3156 ipsa
1057 3071 1163 3135 rebus
1186 3087 1334 3154 pergere
1358 3089 1438 3135 cum
1462 3069 1577 3134 iudice
1603 3071 1755 3154 notario,
1773 3068 1897 3154 etipse
1922 3073 2043 3153 petrus
2066 3071 2242 3155 presbiter
2266 3079 2302 3140 et
2325 3077 2397 3160 pri·

549 3222 721 3288 micerius
744 3241 807 3308 pro
830 3241 914 3306 pars
937 3221 1047 3307 ipsius
1071 3221 1217 3288 ecclesie
1241 3226 1455 3287 monstraret
1479 3223 1591 3307 ipsius
1613 3221 1706 3306 petri
1728 3219 1915 3306 presbiteri
1943 3221 2020 3306 ipsa
2045 3225 2174 3310 rebuS,
2198 3225 2292 3294 unde
2317 3246 2396 3294 cum

549 3392 591 3442 eo
614 3391 718 3441 causo
742 3375 836 3457 uitet,
860 3379 895 3440 et
918 3393 980 3458 per
1003 3376 1122 3458 partes
1145 3372 1298 3456 plicaret
1324 3389 1360 3437 se
1389 3391 1468 3437 eum
1495 3371 1567 3438 suis
1595 3373 1794 3440 rationibus
1822 3377 1857 3438 et
1884 3376 2075 3441 secundum
2100 3377 2215 3462 legem
2242 3377 2337 3446 inter
2363 3397 2400 3447 se

549 3522 631 3590 inde
655 3525 759 3590 finem
784 3525 911 3592 lacere.
933 3525 1032 3589 modo
1055 3529 1187 3610 autem,
1212 3529 1251 3589 ut
1274 3524 1444 3609 diximuS,
1469 3523 1636 3591 abierunt
1653 3526 1691 3590 in
1709 3522 1765 3589 die
1789 3527 1871 3590 bero
1895 3526 2143 3614 constitutum,
2169 3535 2204 3597 et
2227 3550 2290 3616 per
2314 3549 2396 3617 par·

547 3681 600 3739 tes
623 3675 689 3758 ipsi
713 3679 833 3758 petrus
855 3681 890 3740 et
914 3679 1033 3759 petrus
1056 3673 1244 3758 presbiteri
1269 3691 1341 3740 una
1370 3692 1508 3738 mecum
1523 3677 1558 3740 et
1574 3673 1639 3740 alii
1663 3674 1782 3759 plures
1807 3675 1986 3742 ominibus
2010 3699 2032 3744 a
2055 3699 2161 3764 super
2186 3681 2264 3768 ipsa
2288 3686 2394 3750 rebus

549 3843 794 3910 perrexeram,
818 3831 853 3892 et
875 3825 950 3910 ipse
971 3831 1093 3910 petrus
1116 3824 1292 3911 presbiter
1309 3830 1344 3892 et
1359 3825 1588 3910 primicerius
1605 3833 1686 3894 anto
1703 3847 1758 3894 me
1775 3829 1835 3914 qui
1852 3847 1959 3915 supra
1983 3832 2035 3898 lee
2059 3831 2160 3900 iudes
2182 3837 2396 3905 monstravit

546 3981 658 4067 ipsius
680 3983 772 4068 petri
795 3980 983 4066 presbiteri
1007 3981 1083 4065 ipsa
1106 3983 1238 4067 rebus,
1262 3983 1391 4066 etipse
1415 3981 1532 4067 sebee,
1557 3983 1592 4048 et
1618 3982 1692 4067 ipse
1716 3983 1809 4050 force
1832 3987 1868 4050 et
1893 3987 2010 4053 assari
2035 3993 2071 4054 et
2095 3990 2206 4076 sepali
2233 3993 2395 4082 abscise,

546 4135 699 4220 qualiter
722 4135 885 4219 superius
908 4153 989 4199 oum
1012 4151 1052 4198 eo
1075 4133 1259 4218 causavit,
1290 4137 1325 4198 et
1356 4132 1494 4200 bolebat
1522 4132 1603 4199 indo
1628 4132 1785 4201 assidere
1808 4135 1980 4204 iudicium
2008 4139 2050 4206 de
2084 4141 2163 4228 ipsa
2191 4143 2391 4214 inbasione.

545 4288 645 4355 Unde
668 4307 733 4373 ego
755 4288 817 4372 qui
841 4306 949 4373 supra
973 4284 1081 4354 iudex
1105 4285 1405 4370 interrogavimus
1420 4285 1536 4370 ipsum
1552 4290 1673 4372 petrus
1689 4287 1877 4375 presbiter,
1903 4295 1942 4356 ut
1966 4290 2040 4375 ipse
2055 4293 2167 4381 sebee,
2183 4298 2338 4386 etsorce,
2358 4304 2392 4366 et

546 4441 660 4510 assari
688 4441 825 4526 etipse
853 4439 961 4525 sepeli
994 4440 1110 4526 ipsum
1143 4437 1350 4507 abscidisset
1377 4441 1413 4504 et
1442 4437 1606 4505 tulisset:
1640 4441 1715 4526 ipse
1742 4442 1867 4507 Petrus
1896 4447 2071 4528 presbiter
2102 4449 2222 4536 ibique
2246 4467 2394 4538 presens

546 4592 693 4677 negauit
717 4591 918 4677 dicendum,
942 4597 981 4660 ut
1005 4593 1043 4658 in
1059 4592 1137 4676 ipsa
1159 4591 1265 4656 rebus
1289 4607 1395 4673 quam
1419 4589 1631 4658 monstravit
1654 4591 1730 4677 ipsa
1755 4595 1959 4680 supradicta
1975 4597 2172 4690 inbasione,
2199 4623 2391 4695 numquam

547 4745 584 4808 in
612 4747 689 4830 ipsa
716 4748 821 4810 rebus
844 4747 1001 4811 iecesset.
1027 4743 1157 4810 iterum
1181 4743 1276 4810 inter
1299 4741 1350 4809 eis
1368 4742 1524 4810 iudicabi
1542 4749 1577 4809 et
1593 4747 1750 4830 utrisque
1774 4747 1846 4814 illis
1870 4751 2043 4835 guadiare
2065 4755 2147 4842 feci,
2175 4763 2215 4824 ut
2239 4761 2315 4847 ipse
2339 4783 2397 4850 pe·

546 4901 623 4964 trus
645 4897 819 4983 presbiter
842 4901 877 4965 et
898 4896 1125 4983 primicerius
1145 4914 1208 4982 pro
1231 4915 1314 4981 pars
1338 4895 1448 4981 ipsius
1464 4895 1608 4962 ecclesie
1625 4915 1753 4982 parare
1777 4905 1902 4970 sancta
1926 4903 1983 4970 dei
2008 4909 2232 5000 epangelia,
2257 4920 2293 4983 et
2318 4916 2392 5002 ipse

546 5053 667 5134 petrus
690 5050 864 5136 presbiter
888 5051 1079 5117 secundum
1106 5051 1219 5136 legem
1237 5049 1320 5116 inde
1335 5049 1367 5116 ei
1383 5047 1531 5131 iurare;
1555 5047 1648 5113 unde
1665 5047 1740 5134 ipse
1760 5053 1882 5134 petrus
1908 5055 2083 5140 presbiter
2107 5065 2143 5129 et
2165 5064 2392 5148 primicerius

545 5201 664 5288 posuit
684 5203 716 5268 ei
740 5203 911 5273 mediator
936 5203 1119 5289 iaquintus
1140 5203 1309 5270 diaeonus
1338 5205 1373 5271 et
1400 5201 1649 5288 primicerius,
1675 5207 1710 5269 et
1735 5203 1811 5289 ipse
1834 5209 1955 5290 petrus
1979 5213 2154 5295 presbiter
2180 5222 2299 5305 posuit
2325 5245 2400 5296 me.

545 5357 663 5428 diator
686 5363 808 5444 petrus
831 5359 992 5444 salperti,
1017 5362 1052 5426 et
1074 5357 1196 5424 taliter
1219 5358 1372 5425 scribere
1395 5357 1616 5443 precepimus
1638 5357 1703 5424 tivi
1729 5361 1929 5430 romoaldus
1948 5367 2126 5439 notarius

592 5483 622 5598 †
645 5514 721 5599 Ege
746 5511 806 5599 qui
832 5531 939 5600 supra
962 5515 1042 5580 Lee.
