5376 7104
992 550 1400 626 uirtutisvicus
1907 637 1911 645 A
2001 553 2074 628 663

254 783 360 870 dum,
385 782 546 854 lavorent
568 783 650 854 illut
673 788 708 854 et
731 783 869 853 faciant
893 783 943 852 ibi
968 786 1100 870 ortona,
1124 787 1160 852 61
1183 782 1361 852 seminent
1392 781 1600 851 annualiter
1625 785 1698 850 tam
1722 779 1787 868 ibi,
1811 799 1919 868 quam
1943 782 2054 850 etiam
2077 786 2112 850 61

253 935 293 1005 in
320 939 399 1024 ipsa
423 937 498 1008 alia
522 938 778 1024 traditionem,
802 938 907 1025 quale
931 941 1088 1006 semente
1112 936 1163 1004 ibi
1186 934 1384 1022 meruerit,
1407 938 1443 1003 et
1466 939 1543 1003 tam
1572 935 1651 1020 ipsa
1677 937 1823 1020 ortona,
1847 953 1956 1021 quam
1980 940 2015 1003 et
2040 935 2123 1023 ipso

254 1091 469 1161 seminatum
500 1091 708 1162 annualiter
740 1089 923 1176 studient‚
948 1090 1049 1159 etde
1072 1088 1186 1156 omnis
1214 1088 1373 1156 srudium
1407 1092 1445 1157 et·
1474 1089 1612 1159 lavores
1647 1107 1756 1176 quam
1780 1088 1865 1158 inde
1887 1091 2047 1178 exierit,
2071 1092 2114 1159 de

258 1252 372 1315 totum
395 1248 505 1316 deant
528 1247 736 1316 annualiter
759 1245 805 1316 ad
827 1264 911 1332 pars
935 1244 1092 1332 predicte
1116 1247 1236 1311 nostre
1258 1245 1406 1313 ecclesie
1431 1247 1525 1313 iusto
1548 1247 1761 1314 terraticum
1784 1248 1820 1312 et
1842 1245 2029 1314 servitium
2054 1264 2108 1315 se·

255 1401 409 1468 cundum
433 1399 726 1469 consuetudinem
749 1398 793 1467 de
816 1398 892 1486 ipso
917 1398 1046 1484 locum;
1070 1402 1107 1490 et
1131 1416 1194 1484 per
1218 1402 1379 1486 tempore
1402 1398 1445 1467 de
1469 1397 1646 1467 vindemie
1670 1399 1879 1467 annualiter
1906 1417 2015 1485 usque
2038 1399 2115 1485 ipso

255 1552 489 1621 constitutum
512 1551 652 1622 saciant
675 1551 767 1622 scire
795 1569 880 1638 pars
905 1551 1064 1638 predicte
1091 1555 1213 1620 nostre
1241 1551 1401 1640 ecclesie,
1430 1556 1472 1620 ut
1499 1553 1629 1621 ibidem
1658 1552 1860 1640 dirigamus
1884 1551 2031 1619 missum
2055 1570 2120 1620 no-

258 1708 386 1793 strum,
411 1709 448 1774 et
473 1705 546 1774 illis
570 1709 684 1774 totum
708 1705 784 1792 ipso
808 1707 993 1774 arbustum
1018 1705 1222 1775 annualiter
1245 1709 1327 1792 apto
1350 1709 1507 1793 tempore
1531 1704 1794 1775 rationavilitcr
1816 1705 2052 1774 vindemiaret
2076 1709 2114 1774 et

254 1878 362 1948 poma
384 1860 514 1928 exinde
537 1859 730 1946 colligere,
755 1863 791 1928 et
815 1859 929 1926 omnis
953 1861 1077 1927 vinum
1102 1861 1138 1947 et
1161 1875 1265 1945 poma
1290 1858 1421 1926 exinde
1446 1855 1566 1944 ibique
1589 1876 1652 1944 per
1676 1857 1901 1928 medietatem
1925 1859 2116 1929 dividant:

255 2030 341 2097 pars
365 2011 524 2112 predicte
548 2015 669 2080 nostre
691 2011 838 2080 ecclesie
854 2009 965 2080 tollad
987 2010 1074 2080 illud
1100 2012 1344 2098 medietatem,
1362 2017 1398 2080 et
1413 2011 1487 2080 illis
1510 2011 1751 2098 medietatem,
1766 2017 1802 2080 61
1818 2014 1896 2098 ipsa
1920 2012 2112 2082 medietate

258 2165 301 2232 de
325 2165 400 2252 ipso
423 2166 547 2234 vinum
570 2185 639 2254 que
663 2167 709 2236 ad
725 2185 810 2254 pars
830 2166 943 2252 ipsius
968 2165 1117 2234 ecclesie
1142 2165 1226 2234 inde
1249 2165 1405 2249 venerit,
1430 2163 1505 2232 illis
1527 2168 1669 2251 portent
1690 2165 1772 2234 illut
1795 2184 1907 2252 usque
1931 2166 2118 2236 cellarium

259 2317 372 2405 ipsius
395 2317 555 2406 ecclesie,
580 2319 673 2406 quod
689 2323 836 2388 abemus
859 2319 899 2386 in
926 2319 1002 2405 ipso
1027 2319 1142 2384 locum
1166 2318 1324 2405 nucerie,
1351 2319 1413 2386 ubi
1436 2316 1571 2386 dicitur
1596 2319 1642 2386 ad
1667 2317 1791 2406 pariti,
1818 2323 1854 2387 61
1869 2320 2016 2390 mittant
2040 2318 2120 2388 illut

259 2476 300 2542 in
331 2492 490 2563 organea
521 2495 590 2563 que
619 2495 704 2564 pars
726 2477 840 2564 ipsius
863 2475 1012 2544 ecclesie
1034 2491 1157 2541 eorum
1181 2475 1231 2542 ibi
1255 2475 1515 2562 assignaberit,
1531 2475 1584 2544 ita
1601 2479 1640 2542 ut
1656 2474 1729 2542 illis
1754 2493 1916 2562 organea
1939 2476 2017 2563 ipsa
2041 2495 2120 2564 per-

259 2631 354 2697 fecta
376 2630 525 2699 conciet.
555 2631 699 2699 Missum
723 2647 807 2698 vero
830 2648 899 2716 que
921 2647 1006 2715 pars
1030 2628 1188 2716 predicte
1210 2634 1329 2697 nostre
1357 2630 1506 2698 ecclesie
1530 2629 1736 2700 annualiter
1762 2631 1897 2700 ibidem
1923 2631 2117 2723 direxerit,

259 2780 337 2850 illis
359 2803 443 2852 eum
467 2784 616 2852 nutriad
639 2783 833 2852 secundum
857 2802 959 2854 suam
982 2782 1250 2870 possivilitatem
1274 2785 1385 2855 donec
1403 2803 1466 2871 pro
1485 2786 1561 2872 ipse
1576 2783 1756 2853 vindemie
1779 2789 1816 2853 et
1840 2788 1918 2855 aire
1934 2787 1985 2855 ibi
2011 2791 2120 2858 stete·

221 2995 224 3000 .
257 2935 320 3026 rit,
344 2941 381 3006 et
404 2938 495 3007 dead
518 2941 552 3008 ei
576 2939 832 3027 palmentatica
853 2945 889 3009 et
913 2939 1082 3026 airatica,
1107 2939 1201 3007 sicut
1216 2938 1433 3006 consuetudo
1450 2939 1517 3006 est.
1536 2939 1590 3006 Ad
1605 2939 1768 3026 conpleto
1783 2939 1859 3026 ipso
1883 2939 2118 3016 constitutum

268 3091 396 3162 inclita
419 3093 581 3181 predicta
604 3093 855 3162 tradictionem
879 3096 1051 3180 hoperata
1074 3094 1168 3162 bona
1190 3096 1237 3180 et,
1262 3095 1325 3160 ubi
1350 3091 1545 3181 meruerit,
1568 3092 1667 3162 clusa
1691 3096 1880 3164 remittant
1898 3093 1942 3162 ad
1965 3099 2122 3181 potesta·

255 3250 330 3314 tem
353 3246 395 3315 de
418 3266 501 3333 pars
523 3245 682 3334 predicte
706 3251 826 3315 nostre
841 3245 1001 3333 ecclesie,
1020 3249 1056 3314 61
1073 3243 1147 3314 11116
1164 3247 1279 3316 licead
1297 3249 1381 3316 inde
1398 3247 1504 3318 exire
1528 3247 1722 3316 cumomni
1748 3267 1816 3318 sua
1839 3267 1948 3320 causa
1970 3249 2120 3319 mobilia

255 3403 293 3467 61
317 3401 400 3488 iret,
423 3401 484 3469 ubi
509 3400 675 3469 voluerit.
700 3405 748 3471 De
775 3421 847 3488 qua
862 3420 925 3488 per
942 3404 1035 3471 bona
1051 3401 1340 3472 conbenientiam
1368 3401 1504 3490 guadia
1527 3401 1629 3469 nobis
1647 3401 1725 3488 ipse
1750 3405 1925 3472 iohannes
1947 3403 2059 3492 dedit,
2082 3407 2118 3474 et

259 3553 472 3624 mediatores
495 3554 596 3623 nobis
619 3555 737 3642 posuit
760 3553 928 3641 seipsum,
952 3560 989 3623 et
1011 3554 1184 3624 iohannes
1199 3570 1360 3622 socerum
1378 3572 1481 3624 suum
1498 3553 1612 3623 filium
1627 3554 1790 3643 sparani,
1814 3561 1850 3624 et
1872 3560 1994 3643 petrus
2017 3557 2120 3626 filius

259 3711 356 3796 boni,
381 3713 417 3778 et
439 3727 503 3797 per
525 3710 648 3778 eadem
671 3707 807 3796 guadia
829 3707 1003 3797 obligavit
1027 3726 1064 3775 se
1094 3707 1171 3794 ipse
1199 3709 1375 3778 iohannes
1391 3713 1426 3776 et
1440 3726 1523 3776 suos
1539 3707 1702 3796 heredes,
1728 3713 1768 3776 ut
1789 3709 1819 3776 si
1844 3710 1966 3779 taliter
1991 3712 2115 3782 omnia

259 3865 505 3952 suprascripta
527 3883 590 3951 per
614 3863 818 3950 supradicto
840 3863 991 3932 hordine
1014 3863 1117 3930 nobis
1139 3867 1175 3932 et
1197 3861 1243 3932 ad
1267 3879 1351 3948 pars
1373 3860 1530 3948 predicte
1561 3865 1682 3931 nostre
1710 3861 1881 3933 aecclesie
1904 3881 1976 3934 non
2000 3865 2118 3936 adim·

258 4017 413 4106 pleberit
434 4009 500 4086 vel'
515 4016 659 4106 aliquit,
683 4018 725 4086 de
753 4019 845 4106 quod
872 4015 1038 4104 superius
1063 4015 1211 4104 legitur,
1240 4017 1421 4084 remobere
1448 4017 1512 4083 aut
1539 4020 1704 4086 contrane
1730 4016 1916 4104 quesierit,
1940 4023 2027 4088 tunc
2051 4039 2115 4108 per

261 4176 356 4244 bona
378 4173 665 4243 conbenientiam
689 4190 753 4260 per
778 4172 855 4259 ipsa
869 4170 1002 4257 guadia
1018 4187 1225 4256 componere
1241 4169 1418 4257 obligavit
1432 4185 1469 4236 se
1485 4173 1522 4238 et
1538 4187 1618 4238 suos
1634 4171 1757 4239 eredes
1781 4172 1884 4240 nobis
1901 4177 1937 4241 et
1960 4173 2005 4242 ad
2029 4192 2116 4260 pars

259 4329 420 4416 predicte
453 4332 573 4396 nostre
607 4325 777 4396 aecclesie
813 4324 944 4412 biginti
980 4327 1061 4396 auri
1098 4323 1226 4393 solidos
1260 4324 1493 4396 costantinus.
1528 4325 1626 4402 Quod
1655 4329 1782 4415 scripsi
1813 4345 1879 4416 ego
1910 4327 2128 4414 myrandus

259 4483 435 4553 noerius.

307 4611 338 4728 †
361 4641 436 4727 Ego
458 4639 659 4708 romoaldus

306 4766 337 4882 †
362 4797 437 4881 Ego
459 4794 647 4881 laquintus
670 4791 835 4862 notarius
859 4809 914 4859 me
937 4791 1131 4879 subscripsi
1156 4816 1162 4824 ·

305 4921 336 5037 †
362 4951 437 5037 Ego
459 4950 631 5018 ademari.
