5334 7098
609 550 680 622 eol
845 493 850 502 ⁸
1257 553 1430 628 cooux
1464 517 1729 626 clususis

562 771 607 839 ad
631 771 725 842 iusto
748 794 892 862 passum
916 777 1038 847 omini:
1064 799 1104 848 ec
1128 780 1334 868 supradicta
1366 781 1469 868 peeia
1492 779 1535 846 de
1558 785 1656 847 terra
1680 798 1762 846 cum
1792 779 1899 845 binea
1922 797 1984 864 per
2009 779 2238 864 supradictas
2259 781 2347 850 fines
2372 789 2408 849 et

562 943 766 1015 mensuram,
790 935 826 997 et
848 935 952 1002 extra
977 933 1074 1019 ipsas
1097 952 1295 1022 mensuras,
1319 952 1385 1021 ego
1407 933 1586 1020 predictus
1609 931 1751 1000 alfanus
1774 951 1796 998 a
1817 949 1901 1016 pars
1925 931 2037 1016 ipsius
2065 931 2214 999 ecclesie
2233 931 2279 1000 ad
2295 939 2413 1018 paste-

562 1079 721 1147 nandum
752 1099 1041 1168 compreeensum
1077 1085 1180 1153 abuit
1202 1105 1224 1154 a
1248 1085 1474 1172 supradictus
1497 1086 1604 1170 praxi
1629 1101 1692 1172 pro
1721 1103 1803 1171 pars
1832 1085 1945 1170 ipsius
1977 1084 2146 1170 ecclesie,
2172 1087 2208 1151 et
2240 1103 2304 1172 ego
2331 1084 2413 1154 illut

563 1233 766 1318 pastenabit
790 1239 826 1302 et
850 1242 1033 1322 operatum
1059 1238 1140 1306 illut
1164 1241 1251 1307 abeo
1275 1257 1337 1326 per
1362 1241 1458 1326 ipsas
1481 1257 1680 1326 mensuras,
1697 1257 1787 1325 quas
1811 1238 1884 1324 ipso
1907 1240 2052 1306 brebem
2075 1239 2118 1304 de
2144 1239 2222 1324 ipsa
2246 1244 2414 1324 pastena-

560 1384 660 1453 tione
684 1385 863 1474 continet,
888 1390 951 1474 qui
975 1389 1147 1476 scripturn
1171 1394 1224 1456 est
1248 1409 1309 1476 per
1334 1393 1488 1460 romualt
1517 1391 1712 1478 notarium,
1742 1394 1780 1460 in
1804 1409 1872 1477 quo
1895 1391 2011 1458 cicero
2035 1392 2201 1459 notarius
2230 1396 2266 1458 et
2289 1397 2414 1477 petrus

560 1539 688 1624 scripti
711 1543 809 1625 sunt,
835 1515 871 1607 et
895 1560 961 1628 ego
983 1541 1163 1629 predictus
1187 1543 1328 1610 alfanus
1343 1549 1450 1612 extra
1467 1545 1562 1632 ipsas
1579 1563 1766 1612 mensuras
1789 1563 1879 1630 quas
1903 1545 1979 1630 ipso
2005 1545 2146 1611 brebem
2162 1541 2337 1630 continet,
2356 1563 2416 1629 pa-

561 1693 742 1760 stenatum
766 1694 865 1761 abeo.
892 1695 990 1762 blodo
1014 1698 1148 1783 autem,
1174 1701 1213 1762 ut
1235 1697 1370 1764 dictum
1393 1703 1459 1781 est,
1482 1715 1548 1782 ego
1572 1695 1751 1783 predictus
1775 1694 1918 1764 alfanus
1943 1697 2056 1781 ipsius
2079 1696 2186 1781 praxi
2212 1694 2335 1764 abbati
2353 1715 2416 1783 pro

562 1845 641 1910 bice
665 1845 777 1930 ipsius
800 1845 945 1916 ecclesie
970 1853 1044 1916 tota
1069 1848 1147 1934 ipsa
1172 1852 1271 1917 terra
1295 1868 1374 1915 cum
1400 1849 1507 1918 binea
1531 1853 1566 1916 et
1588 1850 1700 1934 pomis
1724 1865 1786 1933 per
1810 1848 2033 1932 supradictas
2056 1848 2145 1914 llnes
2161 1852 2197 1914 et
2213 1865 2415 1932 mensuras,

559 2001 596 2063 et
621 1997 848 2084 aliquantum
872 2021 894 2070 a
918 1999 1011 2068 foras
1034 2000 1130 2086 ipsas
1153 2019 1354 2088 mensuraS,
1380 2003 1543 2088 tradidit,
1560 2021 1641 2068 cum
1657 2002 1777 2091 omnia
1801 2001 1896 2068 intro
1919 2019 1956 2067 se
1979 2003 2170 2069 abentibus
2186 2005 2222 2068 et
2238 2003 2316 2068 suis
2340 2021 2417 2086 per·

560 2149 739 2237 tinentiis,
762 2153 806 2221 ad
830 2151 1031 2220 laciendum
1055 2153 1185 2220 exinde
1209 2155 1303 2221 etde
1326 2156 1400 2240 ipso
1425 2157 1579 2240 brebem,
1605 2154 1697 2240 quod
1722 2175 1803 2222 cum
1828 2157 1906 2242 ipsa
1930 2159 2036 2223 rebus
2061 2157 2173 2242 ipsius
2198 2158 2326 2249 abbati
2344 2177 2420 2225 am-

560 2304 659 2372 misit
681 2323 763 2390 pars
786 2304 897 2390 ipsius
920 2304 1081 2390 ecclesie,
1098 2305 1218 2373 omnia
1233 2307 1327 2391 quod
1350 2307 1517 2394 boluerit,
1542 2327 1675 2394 apsque
1698 2309 1794 2374 omni
1819 2311 2075 2378 contrarietate
2100 2309 2156 2376 vel
2182 2308 2417 2395 requisitione

560 2478 641 2528 mea
665 2466 700 2528 et
722 2460 765 2527 de
789 2461 877 2526 meis
902 2456 1079 2541 eredibus3
1104 2462 1140 2524 et
1162 2475 1224 2541 per
1248 2460 1508 2532 combenientia
1533 2464 1649 2550 obligo
1672 2484 1728 2532 me
1753 2469 1789 2532 et
1814 2485 1909 2533 meos
1932 2466 2054 2533 eredes
2079 2465 2241 2534 ammodo
2265 2470 2302 2531 et
2328 2483 2418 2532 sem-

561 2631 626 2698 per
650 2612 902 2681 defensandum
927 2632 949 2679 a
974 2630 1057 2698 pars
1081 2612 1194 2698 ipsius
1218 2615 1364 2682 ecclesie
1390 2621 1466 2684 tota
1490 2617 1567 2702 ipsa
1592 2618 1718 2702 rebuS,
1742 2617 1835 2701 quod
1865 2615 2029 2703 superius
2060 2619 2173 2703 ipsius
2203 2618 2329 2686 abbati
2355 2636 2418 2702 pro

561 2785 648 2852 pars
672 2764 784 2852 ipsius
807 2765 954 2832 ecclesie
978 2766 1119 2832 remisit
1142 2771 1178 2833 et
1202 2767 1352 2835 tradidit
1383 2788 1465 2836 cum
1494 2771 1569 2854 ipso
1599 2771 1805 2856 supradicto
1837 2774 1965 2858 brebe,
2000 2775 2046 2840 ab
2076 2771 2149 2838 illis
2181 2773 2363 2838 ominibus
2385 2778 2418 2839 et

562 2919 726 3004 partibus
749 2920 813 3004 qui
838 2939 901 3005 pro
924 2941 1008 3008 pars
1032 2926 1067 2991 et
1090 2922 1215 2989 dolum
1248 2939 1397 3008 meaque
1429 2923 1543 2990 allani
1568 2923 1671 2990 etde
1696 2925 1783 2990 meis
1815 2924 1998 3010 eredibuS,
2023 2943 2260 3010 quoscumque
2293 2944 2419 2994 causa-

563 3071 680 3141 tiones
704 3073 787 3141 inde
811 3073 856 3143 ad
880 3093 963 3160 pars
986 3075 1143 3160 predicte
1167 3075 1314 3143 ecclesie
1338 3078 1639 3163 proposuerimus3
1670 3081 1706 3145 et
1729 3077 1757 3145 si
1783 3078 1905 3145 taliter
1936 3076 2017 3144 illut
2046 3059 2086 3143 in
2115 3078 2274 3165 predicta
2307 3077 2419 3146 eccle-

563 3227 620 3294 sia
644 3246 716 3294 non
739 3230 1056 3314 defensaberimuS,
1074 3235 1137 3298 aut
1153 3232 1182 3300 si
1200 3249 1266 3317 ego
1282 3230 1338 3298 nel
1357 3249 1452 3298 meos
1480 3231 1601 3298 eredes
1631 3227 1838 3315 supradicta
1864 3232 1985 3316 rebuS,
2003 3231 2095 3314 quod
2112 3231 2275 3315 superius
2305 3231 2418 3318 ipsius

564 3382 687 3450 abbati
711 3401 775 3468 pro
797 3402 881 3469 pars
905 3385 1020 3470 ipsius
1043 3383 1190 3451 ecclesie
1215 3383 1354 3450 remisit
1379 3387 1414 3450 et
1439 3384 1679 3469 tradidique}
1705 3386 1835 3452 exinde
1868 3390 1932 3454 aut
1955 3387 2072 3472 ipsum
2100 3387 2241 3451 brebem
2267 3385 2312 3452 de
2338 3404 2418 3470 par-

563 3535 661 3606 tibus
685 3537 801 3624 ipsius
824 3538 971 3606 ecclesie
995 3540 1119 3607 tollere
1143 3544 1207 3607 aut
1230 3543 1394 3606 contrare
1418 3538 1750 3624 presumpserimus,
1775 3538 1830 3604 vel
1846 3537 2004 3623 quolibet
2019 3539 2245 3605 causationes
2266 3537 2315 3605 ad
2334 3557 2417 3624 pars

564 3690 680 3776 ipsius
704 3690 854 3758 ecclesie
878 3690 960 3757 inde
984 3690 1291 3777 preposuerimuS,
1316 3695 1402 3758 tunc
1426 3707 1489 3776 per
1513 3689 1776 3758 combenientia
1799 3706 2006 3775 componere
2030 3687 2148 3774 obligo
2172 3705 2227 3754 me
2252 3687 2419 3755 nomina-

566 3849 625 3912 tus
650 3845 793 3914 alfanus
817 3849 853 3912 et
877 3865 971 3913 meos
994 3845 1118 3913 eredes
1141 3843 1254 3930 ipsius
1276 3843 1381 3931 praxi
1405 3845 1596 3930 presbiteri
1619 3849 1656 3911 et
1679 3842 1799 3910 abbati
1826 3844 1862 3908 el
1879 3841 1925 3909 ad
1948 3840 2046 3907 illius
2068 3841 2346 3927 successoribus,
2363 3841 2417 3908 vel
2454 3889 2463 3908 ,

566 3997 605 4064 in
629 3998 793 4085 partibus
819 3999 930 4085 ipsius
954 3997 1114 4087 ecclesie,
1139 4005 1284 4067 centum
1308 3998 1391 4067 auri
1417 3997 1545 4064 solidos
1569 3993 1829 4064 constantinus.
1855 3993 1901 4059 m
1918 3993 1994 4079 ipse
2010 3995 2119 4062 abbas
2136 4013 2200 4081 pro
2215 3994 2340 4062 taliter
2356 4013 2420 4081 per

564 4151 831 4220 combenientia
854 4171 920 4238 per
944 4150 1128 4220 licentiam
1150 4154 1186 4218 et
1210 4152 1467 4237 apsolutionem
1493 4151 1651 4236 ipsorum
1674 4145 1862 4214 comitibus
1885 4149 1921 4212 et
1944 4145 2109 4213 dumnini
2133 4147 2245 4232 ipsius
2267 4147 2417 4215 ecclesie

563 4266 719 4374 tradidit
743 4309 918 4392 potestate
942 4323 1089 4391 meaque
1113 4304 1225 4373 allani
1250 4320 1314 4389 pro
1337 4321 1418 4370 mea
1440 4307 1547 4388 sorte,
1573 4301 1665 4388 quod
1689 4299 1812 4368 tollere
1828 4299 1951 4368 debuit
1973 4318 2038 4386 pro
2062 4300 2139 4387 ipsa
2153 4301 2418 4391 pastenatione‚

562 4476 636 4527 uua
659 4455 762 4545 pecia
785 4457 829 4526 de
852 4462 952 4526 terra
976 4475 1057 4524 cum
1080 4454 1221 4542 pastino
1246 4454 1288 4522 de
1313 4454 1420 4522 binea
1445 4452 1565 4540 ibique
1589 4452 1821 4540 coniuntum,
1853 4453 1944 4539 quod
1973 4470 2039 4540 ego
2067 4453 2247 4538 predictus
2269 4455 2417 4524 altanus

565 4611 756 4697 pastenabi
780 4628 842 4696 per
866 4631 906 4680 as
929 4627 1128 4678 mensuras:
1154 4609 1201 4676 ab
1223 4608 1405 4702 occidente
1429 4605 1502 4674 tlne
1525 4608 1631 4674 rebus
1655 4607 1768 4694 ipsius
1791 4607 1956 4695 ecclesie,
1972 4607 2055 4675 inde
2071 4610 2156 4674 sunt
2170 4609 2264 4692 passi
2280 4609 2417 4696 biginti

565 4765 681 4831 hecto:
709 4785 730 4834 a
754 4785 838 4852 pars
862 4765 1126 4852 septemtrionis
1150 4766 1221 4833 fine
1245 4766 1365 4850 rebus,
1391 4765 1476 4832 inde
1502 4770 1586 4832 suut
1609 4763 1705 4851 passi
1729 4763 1795 4833 alii
1820 4762 1952 4852 biginti
1974 4767 2090 4831 hocto:
2114 4766 2160 4832 ab
2182 4764 2323 4831 oriente
2347 4767 2417 4833 line

563 4922 672 4987 rebus
696 4917 808 5005 ipsius
831 4917 1008 5005 ecclesie,
1036 4919 1119 4987 inde
1151 4923 1236 4985 sunt
1266 4919 1362 5004 passi
1395 4919 1664 5005 quadraginta:
1691 4941 1713 4988 a
1735 4920 1884 4988 meridie
1909 4920 1979 4988 llne
2002 4921 2079 5006 via,
2104 4919 2186 4986 inde
2209 4925 2294 4987 sunt
2318 4921 2416 5006 passi

562 5071 720 5160 triginta
743 5079 909 5160 quatuor:
935 5079 1047 5142 totum
1071 5077 1317 5141 mensuratum
1342 5072 1411 5139 suit
1428 5072 1473 5141 ad
1489 5071 1695 5158 supradicto
1720 5071 1811 5140 iusto
1824 5089 1965 5159 passum
1982 5070 2132 5156 homini,
2149 5089 2188 5138 ec
2205 5071 2417 5157 supradicta

561 5229 759 5314 posteriore
783 5228 884 5315 pecta
907 5227 949 5295 de
974 5227 1218 5315 supradictum
1243 5226 1426 5312 pastinum
1450 5242 1514 5311 per
1540 5224 1635 5310 ipsas
1660 5226 1748 5293 lines
1772 5231 1808 5293 et
1831 5243 2033 5310 mensuras,
2065 5225 2158 5291 sicut
2186 5223 2322 5292 dictum
2347 5231 2416 5311 est,

565 5384 641 5471 ipse
665 5387 776 5455 abbas
800 5385 909 5454 michi
935 5385 1095 5473 predicto
1119 5382 1231 5451 alfani
1258 5398 1322 5466 pro
1346 5397 1425 5448 mea
1441 5384 1534 5448 sorte
1552 5378 1697 5466 tradidi,
1715 5379 1885 5448 securiter
1901 5397 1967 5467 ego
1982 5383 2019 5447 et
2034 5397 2127 5447 meos
2143 5379 2289 5446 heredes
2299 5381 2418 5448 aben-

563 5539 671 5626 dum;
697 5545 733 5609 et
756 5539 930 5627 obligavit
952 5559 990 5609 se
1014 5539 1088 5627 ipse
1113 5541 1225 5608 abbas
1249 5545 1285 5606 et
1307 5553 1525 5604 successores
1549 5553 1630 5601 suos
1652 5540 1687 5602 et
1712 5553 1795 5620 pars
1821 5533 1933 5618 ipsius
1956 5533 2103 5628 ecclesie
2127 5553 2266 5620 semper
2289 5535 2412 5603 desen-

565 5695 717 5762 sendum
740 5694 848 5762 michi
872 5693 1030 5784 predicto
1054 5690 1167 5762 allani
1192 5694 1227 5758 et
1251 5689 1296 5758 ad
1321 5687 1409 5757 meis
1432 5689 1595 5756 eredibus
1619 5693 1691 5756 tcta
1709 5688 1786 5776 ipsa
1803 5688 1902 5774 pecta
1917 5688 1961 5756 de
1987 5688 2063 5775 ipso
2086 5687 2282 5774 pastinum,
2299 5707 2408 5776 quam

568 5847 628 5916 ille
652 5850 815 5934 superius
840 5849 948 5924 michi
972 5847 1148 5916 nominati
1172 5843 1285 5914 allani
1309 5859 1372 5930 pro
1396 5861 1475 5911 mea
1497 5844 1589 5908 sorte
1613 5839 1759 5926 tradidi,
1778 5857 1858 5907 cum
1876 5841 1951 5908 bice
1968 5840 2010 5908 de
2028 5840 2087 5908 via
2103 5859 2169 5910 sua
2185 5842 2230 5907 ab
2245 5840 2410 5906 omuibus
