5318 7102
633 563 679 631 l8
1335 560 1700 632 captabulum

633 781 676 854 de
704 779 824 853 liberis
850 777 1049 854 hominibus
1077 782 1246 877 recipere,
1275 787 1333 854 aut
1359 781 1537 876 requirere
1564 765 1643 855 non*
1660 788 1881 876 presumant,
1909 781 2059 877 Excepto
2084 783 2127 854 de
2153 784 2279 878 palatio
2305 791 2436 876 nostro,

634 946 692 1012 aut
719 937 783 1010 lilii
810 938 921 1012 nostri
947 935 971 1036 ¹)
999 939 1097 1013 missi
1124 941 1278 1027 veniant,
1307 941 1365 1034 qui
1392 940 1493 1014 illum
1519 939 1718 1014 alibaunum
1744 941 1934 1034 requirant.

583 1096 707 1171 Omnia
721 1097 837 1170 debita
851 1120 917 1192 que
932 1097 973 1170 ad
987 1085 1119 1194 partem
1139 1101 1231 1194 regis
1245 1100 1380 1172 solvere
1396 1100 1555 1188 debeant,
1572 1126 1631 1196 per
1646 1103 1776 1176 solidos
1790 1121 1840 1173 xu
1858 1102 2017 1172 denarios
2031 1100 2287 1197 persolvantur,
2304 1112 2437 1198 excepto

630 1257 702 1328 l'rea
728 1280 793 1351 que
821 1260 856 1328 in
883 1258 959 1352 lege
986 1255 1116 1329 salioha
1142 1259 1398 1353 scriptumest,
1418 1261 1542 1332 eumde
1569 1260 1685 1349 solidi,
1713 1261 1803 1356 quod
1830 1259 1955 1332 ceteris
1981 1261 2291 1357 compositionibus
2310 1261 2435 1336 solvere

632 1414 773 1500 debent,
802 1422 1053 1509 componantur
1078 1416 1114 1510 ²).

583 1575 619 1647 Si
646 1575 724 1669 quis
750 1598 853 1646 causa
880 1574 1031 1647 iudicata
1056 1583 1211 1669 repetere
1238 1577 1274 1644 in
1301 1577 1405 1647 mallo
1432 1577 1681 1672 presumpserit
1706 1576 1822 1673 ibique
1849 1603 1868 1650 a
1892 1577 2039 1651 testibus
2065 1579 2294 1652 coniunctum
2321 1579 2433 1664 luerit,

628 1735 695 1806 Aut
719 1753 765 1806 xv
792 1735 879 1806 ictos
904 1728 928 1828 8)
956 1757 975 1804 a
1000 1735 1146 1820 scavini,
1175 1735 1234 1826 qui
1261 1755 1365 1808 eausa
1391 1736 1464 1830 ipsa
1490 1737 1587 1831 prius
1613 1736 1869 1824 iudicaverunt,
1898 1736 2044 1832 accipiat
2068 1736 2107 1831 ⁸).

580 1891 627 1960 lle
655 1889 708 1964 his
735 1893 794 1984 qui
821 1892 935 1986 legem
961 1891 1099 1964 serbare
1125 1893 1386 1988 contempserit,
1415 1895 1459 1966 Ut
1476 1917 1537 1988 per
1555 1895 1676 1967 solidis
1695 1896 1737 1968 ad
1755 1895 1963 1990 presentiam
1990 1895 2082 1988 regis
2108 1894 2327 1968 deducantur
2352 1897 2389 1990 3).

579 2053 623 2124 Ut
649 2051 701 2123 illi
727 2052 786 2145 qui
813 2051 1018 2125 aribannum
1045 2055 1180 2126 solvere
1207 2055 1347 2140 debent,
1376 2056 1562 2128 coniuncta
1588 2055 1715 2125 saciant
1741 2055 1783 2125 ad
1809 2053 2077 2126 aribaunilorem
2102 2057 2141 2150 θ).

581 2211 617 2284 si
643 2214 721 2306 quis
733 2183 967 2285 ¹immunitate
995 2213 1159 2285 damnum
1178 2213 1309 2307 aliquid
1327 2213 1462 2301 lecerit,
1481 2233 1524 2286 nc
1542 2213 1672 2286 solidos
1699 2220 1894 2308 componat;
1915 2213 1944 2283 si
1962 2222 2077 2285 autem
2095 2212 2199 2286 bomo
2218 2214 2365 2301 furtum,
2382 2227 2435 2287 ant

627 2370 867 2459 homicidium,
896 2374 951 2444 uel
978 2373 1130 2467 qualibet
1157 2373 1289 2445 crimen
1316 2374 1401 2446 loris
1427 2375 1645 2446 committent
1664 2381 1699 2445 et
1715 2372 1805 2444 infra
1819 2373 2007 2446 emunitate
2025 2375 2200 2468 lugerent,
2221 2375 2364 2446 mandet
2383 2395 2434 2445 co-

624 2532 700 2604 miti
727 2555 787 2626 per
813 2533 964 2628 episcopi
991 2533 1046 2604 vel
1073 2533 1184 2606 abbati
1210 2533 1375 2620 tenuerit,
1405 2533 1524 2607 reddat
1550 2533 1582 2603 ei
1602 2557 1711 2606 reum.
1742 2530 1777 2604 Si
1805 2533 1904 2603 illum
1923 2531 2183 2620 contradixerit,
2204 2541 2240 2604 et
2257 2556 2338 2604 eum
2359 2533 2433 2603 red-

624 2689 706 2760 dere
721 2690 874 2763 noluerit
887 2691 922 2761 in
937 2693 1047 2786 prima
1060 2692 1348 2775 contradictione,
1365 2691 1495 2764 solidos
1508 2715 1550 2764 xv
1565 2713 1772 2786 componere
1786 2689 1972 2762 iudicetur.
1991 2690 2027 2761 Si
2042 2691 2196 2762 secunda
2210 2689 2432 2782 inquisitione

622 2847 767 2919 reddere
794 2849 958 2934 noluerit,
987 2849 1141 2922 solidum¹
1157 2869 1168 2919 1
1187 2872 1394 2945 componere
1423 2849 1609 2922 iudicetur.
1640 2849 1675 2920 Si
1702 2871 1767 2919 uec
1794 2847 1835 2918 ad
1862 2847 1964 2919 tertia
1987 2847 2212 2940 inquisitione
2238 2847 2431 2919 consentire

624 3008 789 3094 noluerit,
818 3007 984 3102 quicquid
1012 3032 1092 3080 reus
1119 3008 1235 3080 damni
1263 3007 1397 3094 lecerit,
1425 3015 1537 3080 totum
1556 3005 1614 3101 qui
1633 3030 1713 3078 eum
1731 3005 1821 3077 infra
1838 3004 2028 3078 emunitate
2046 3005 2185 3092 retinet,
2206 3028 2271 3076 nec
2289 3005 2431 3078 reddere

624 3165 679 3236 uel
694 3163 828 3236 solvere
846 3174 1002 3260 cogatur,
1022 3173 1056 3237 et
1074 3167 1147 3260 ipse
1165 3189 1280 3237 comes
1300 3165 1445 3236 veniens
1463 3163 1641 3236 licentiam
1660 3163 1806 3236 habeant
1820 3163 1843 3262 ²)
1863 3165 1977 3260 ipsum
1995 3163 2170 3235 hominem
2189 3163 2280 3235 iufra
2298 3165 2430 3236 euumi-

622 3333 692 3397 tate
718 3327 888 3417 querendi
914 3326 973 3399 ubi
1000 3350 1079 3397 eum
1098 3325 1309 3396 invenerint.
1331 3325 1369 3398 Si
1396 3332 1510 3396 autem
1537 3323 1653 3395 statim
1680 3322 1715 3391 in
1742 3325 1852 3418 prima
1877 3322 2102 3419 inquisitione
2129 3345 2334 3418 responsum
2360 3324 2428 3395 lue-

624 3484 682 3570 rit,
712 3486 803 3579 qnod
831 3510 910 3558 reus
936 3486 1026 3557 inlra
1051 3485 1304 3557 Aemuuitatem
1332 3483 1468 3569 luisset,
1496 3485 1557 3554 sed
1584 3485 1665 3578 luga
1691 3484 1806 3578 lapsus
1824 3491 1888 3570 est,
1911 3484 2027 3556 statim
2053 3484 2156 3571 iuret,
2185 3486 2277 3577 quod
2299 3485 2371 3578 ipse
2389 3487 2427 3556 ad

578 3843 734 3852 ——u—-
759 3847 782 3850 .-
817 3847 822 3851 .
882 3845 1018 3854 -.υ-*η

571 4139 586 4174 «
613 4115 754 4178 bendum
781 4121 930 4198 profecto
961 4120 1166 4198 conjectum
1200 4119 1249 4180 ito
1280 4119 1369 4179 enim
1400 4117 1478 4180 otios
1507 4135 1591 4196 quoe
1619 4134 1708 4178 nnnc
1739 4112 1951 4188 contributio,
1978 4112 2067 4182 eave,
2093 4129 2192 4193 spesa
2220 4112 2275 4174 del
2298 4113 2425 4190 viaqgio

485 4241 493 4254 ⁸
573 4285 588 4322 a
614 4263 738 4326 dicitnr
761 4263 925 4342 appellari
948 4265 1123 4326 consucvit.
1148 4261 1328 4326 collectum
1346 4264 1497 4342 praefert
1511 4263 1623 4323 Editio
1645 4259 1791 4322 Bohcrii.
1808 4260 1871 4322 Sed
1881 4265 2031 4339 praestat
2046 4261 2150 4332 tectio,
2168 4279 2267 4338 quom
2282 4261 2380 4321 tonui
2395 4281 2422 4316 o.

653 4407 676 4488 1)
699 4407 777 4470 Cice
795 4408 923 4488 Pipiuo,
943 4406 1047 4468 allora
1067 4407 1116 4468 Re
1131 4405 1268 4479 d'Italia,
1287 4406 1348 4468 ohe
1366 4423 1519 4484 reggeva,
1544 4407 1676 4468 vivente
1701 4405 1724 4468 il
1748 4408 1860 4487 padre.
1885 4406 1980 4488 (Mur.
2004 4407 2049 4469 ib.
2074 4426 2148 4488 pag.
2171 4408 2235 4471 105
2255 4411 2341 4470 Nota
2361 4408 2422 4490 25).

651 4556 674 4637 2)
694 4557 779 4617 Mur.
802 4555 885 4616 XCI.

651 4703 674 4783 8)
696 4703 817 4766 Iuvece
840 4701 872 4762 di
895 4706 954 4765 aut
974 4700 1028 4764 XV
1049 4700 1134 4765 ictos
1155 4715 1174 4762 a
1195 4697 1333 4774 scavini,
1357 4699 1413 4778 qui
1435 4700 1459 4760 il
1481 4700 1578 4761 Mur:
1591 4701 1644 4761 ha:
1668 4707 1727 4766 aut
1748 4701 1804 4764 ΧΠ
1825 4697 1946 4766 solidos
1969 4707 2150 4779 componat,
2174 4707 2234 4766 aut
2255 4701 2312 4764 xn
2333 4701 2420 4766 ictus

569 4864 589 4911 a
610 4848 768 4924 scabinis,
793 4848 849 4928 qui
873 4855 937 4911 etc.

651 4993 675 5073 ὅ)
695 4991 780 5054 Mur.
804 4992 901 5055 XCII.

651 5141 675 5220 ⁵)
696 5140 781 5200 nur.
805 5095 940 5200 xuni*

649 5283 674 5366 ⁸)
694 5284 779 5348 Mur.
803 5284 942 5358 XCVIII;
967 5285 990 5346 il
1013 5285 1111 5364 quale
1134 5285 1197 5345 ha:
1224 5283 1408 5349 coniectum
1429 5285 1566 5358 lactant,
1591 5305 1656 5348 nou
1678 5290 1733 5366 git
1753 5288 1926 5353 commota
1947 5289 2089 5365 saciant,
2111 5310 2203 5352 come
2227 5292 2281 5352 nel
2307 5297 2415 5353 nostro

567 5432 701 5497 Codice.
735 5434 902 5512 Pagbiuo,
928 5433 1020 5507 cioe,
1045 5434 1076 5495 le
1105 5450 1202 5512 spese
1226 5433 1280 5496 del
1303 5433 1431 5512 viaggio
1461 5437 1578 5516 aquei
1601 5437 1762 5514 Ministro,
1795 5441 1848 5503 cui
1881 5439 1915 5500 fu
1938 5456 2121 5504 commesso
2150 5439 2183 5498 di
2214 5439 2416 5517 raccogliere

567 5578 781 5642 l’Eribanno.

650 5726 673 5806 1)
694 5727 720 5788 Il
743 5728 828 5790 Mur.
853 5725 916 5786 ha:
939 5724 980 5789 Et
1001 5723 1072 5806 ipse
1104 5741 1213 5790 comes
1240 5726 1355 5791 unicus
1385 5727 1507 5793 habeat
1537 5727 1728 5804 licentiam
1759 5749 1812 5792 ma
1834 5731 1924 5794 nella
1946 5733 2029 5795 Nota
2049 5735 2100 5815 34)
2121 5753 2152 5814 p.
2178 5753 2206 5794 c.
2231 5737 2355 5797 scrire:

565 5893 581 5930 o
608 5871 739 5952 Corripe
761 5891 801 5934 ec
822 5872 940 5934 Mutia.
964 5871 1067 5938 Metis-
1085 5878 1115 5932 et
1135 5872 1280 5934 Ambros.
1297 5875 1335 5935 in
1350 5875 1441 5952 queis
1463 5875 1593 5955 lapiton:
1616 5875 1657 5940 at
1677 5875 1748 5956 ipse
1772 5893 1880 5942 comes
1902 5879 2036 5944 veniens
2057 5879 2226 5945 licentiam
2247 5882 2366 5948 habeat
2383 5905 2409 5941 o.
