<?xml version="1.0" encoding="UTF-8"?>
<!DOCTYPE html PUBLIC "-//W3C//DTD XHTML 1.0 Transitional//EN"
    "http://www.w3.org/TR/xhtml1/DTD/xhtml1-transitional.dtd">
<html xmlns="http://www.w3.org/1999/xhtml" xml:lang="en" lang="en">
 <head>
  <title>
</title>
<meta http-equiv="Content-Type" content="text/html;charset=utf-8" />
  <meta name='ocr-system' content='tesseract 3.04.00' />
  <meta name='ocr-capabilities' content='ocr_page ocr_carea ocr_par ocr_line ocrx_word'/>
</head>
<body>
  <div class='ocr_page' id='page_1' title='image "./codexdiplomatic05aragoog_0178.png"; bbox 0 0 5310 7080; ppageno 0'>
   <div class='ocr_carea' id='block_1_1' title="bbox 965 559 2043 632">
    <p class='ocr_par' dir='ltr' id='par_1_1' title="bbox 965 559 2043 632">
     <span class='ocr_line' id='line_1_1' title="bbox 965 559 2043 632; baseline 0.001 -3"><span class='ocrx_word' id='word_1_1' title='bbox 965 559 1368 632; x_wconf 75' lang='lat' dir='ltr'><strong>ltlrtollnrlcbs</strong></span> <span class='ocrx_word' id='word_1_2' title='bbox 1978 561 2043 631; x_wconf 80' lang='grc'><strong>131</strong></span> 
     </span>
    </p>
   </div>
   <div class='ocr_carea' id='block_1_2' title="bbox 242 781 2128 1792">
    <p class='ocr_par' dir='ltr' id='par_1_2' title="bbox 242 781 2128 1792">
     <span class='ocr_line' id='line_1_2' title="bbox 242 781 2095 873; baseline 0.002 -24"><span class='ocrx_word' id='word_1_3' title='bbox 242 785 451 871; x_wconf 82' lang='lat' dir='ltr'><strong>octoaginta</strong></span> <span class='ocrx_word' id='word_1_4' title='bbox 474 789 563 870; x_wconf 88' lang='lat' dir='ltr'><strong>octe,</strong></span> <span class='ocrx_word' id='word_1_5' title='bbox 588 787 683 851; x_wconf 91' lang='lat' dir='ltr'><strong>etse</strong></span> <span class='ocrx_word' id='word_1_6' title='bbox 707 781 928 852; x_wconf 88' lang='lat' dir='ltr'><strong>reconiunsit</strong></span> <span class='ocrx_word' id='word_1_7' title='bbox 951 785 989 852; x_wconf 93' lang='lat' dir='ltr'><strong>in</strong></span> <span class='ocrx_word' id='word_1_8' title='bbox 1015 785 1091 871; x_wconf 90' lang='lat' dir='ltr'><strong>ipsa</strong></span> <span class='ocrx_word' id='word_1_9' title='bbox 1115 786 1175 854; x_wconf 89' lang='lat' dir='ltr'><strong>bia</strong></span> <span class='ocrx_word' id='word_1_10' title='bbox 1197 785 1432 873; x_wconf 87' lang='lat' dir='ltr'><strong>publicaque</strong></span> <span class='ocrx_word' id='word_1_11' title='bbox 1455 787 1509 852; x_wconf 90' lang='lat' dir='ltr'><strong>est</strong></span> <span class='ocrx_word' id='word_1_12' title='bbox 1533 785 1650 871; x_wconf 87' lang='lat' dir='ltr'><strong>priore</strong></span> <span class='ocrx_word' id='word_1_13' title='bbox 1674 785 1765 870; x_wconf 86' lang='lat' dir='ltr'><strong>line;</strong></span> <span class='ocrx_word' id='word_1_14' title='bbox 1791 787 1903 852; x_wconf 91' lang='lat' dir='ltr'><strong>totum</strong></span> <span class='ocrx_word' id='word_1_15' title='bbox 1926 802 1989 869; x_wconf 92' lang='lat' dir='ltr'><strong>per</strong></span> <span class='ocrx_word' id='word_1_16' title='bbox 2017 786 2095 872; x_wconf 91' lang='lat' dir='ltr'><strong>ipse</strong></span> 
     </span>
     <span class='ocr_line' id='line_1_3' title="bbox 243 935 2093 1025; baseline 0.002 -21"><span class='ocrx_word' id='word_1_17' title='bbox 243 937 327 1006; x_wconf 87' lang='lat' dir='ltr'><strong>finis</strong></span> <span class='ocrx_word' id='word_1_18' title='bbox 341 939 386 1006; x_wconf 93' lang='lat' dir='ltr'><strong>ad</strong></span> <span class='ocrx_word' id='word_1_19' title='bbox 399 937 492 1006; x_wconf 89' lang='grc'>66666</span> <span class='ocrx_word' id='word_1_20' title='bbox 504 954 647 1025; x_wconf 87' lang='lat' dir='ltr'><strong>passum</strong></span> <span class='ocrx_word' id='word_1_21' title='bbox 663 936 772 1005; x_wconf 91' lang='lat' dir='ltr'><strong>omini</strong></span> <span class='ocrx_word' id='word_1_22' title='bbox 790 941 1035 1004; x_wconf 87' lang='lat' dir='ltr'><strong>mensuratum</strong></span> <span class='ocrx_word' id='word_1_23' title='bbox 1051 939 1164 1004; x_wconf 90' lang='lat' dir='ltr'><strong>totum</strong></span> <span class='ocrx_word' id='word_1_24' title='bbox 1175 939 1212 1004; x_wconf 90' lang='lat' dir='ltr'><strong>et</strong></span> <span class='ocrx_word' id='word_1_25' title='bbox 1224 937 1390 1005; x_wconf 89' lang='lat' dir='ltr'><strong>inclitum</strong></span> <span class='ocrx_word' id='word_1_26' title='bbox 1404 935 1485 1005; x_wconf 91' lang='lat' dir='ltr'><strong>illut</strong></span> <span class='ocrx_word' id='word_1_27' title='bbox 1499 936 1586 1005; x_wconf 94' lang='lat' dir='ltr'><strong>mihi</strong></span> <span class='ocrx_word' id='word_1_28' title='bbox 1604 937 1768 1006; x_wconf 82' lang='lat' dir='ltr'><strong>tradidit.</strong></span> <span class='ocrx_word' id='word_1_29' title='bbox 1781 939 1879 1006; x_wconf 85' lang='lat' dir='ltr'>Unde</span> <span class='ocrx_word' id='word_1_30' title='bbox 1892 954 1957 1024; x_wconf 90' lang='lat' dir='ltr'><strong>pro</strong></span> <span class='ocrx_word' id='word_1_31' title='bbox 1968 939 2093 1010; x_wconf 90' lang='lat' dir='ltr'><strong>taliter</strong></span> 
     </span>
     <span class='ocr_line' id='line_1_4' title="bbox 244 1089 2092 1179; baseline -0.001 -19"><span class='ocrx_word' id='word_1_32' title='bbox 244 1093 379 1178; x_wconf 79' lang='lat' dir='ltr'><strong>guadio</strong></span> <span class='ocrx_word' id='word_1_33' title='bbox 402 1090 491 1161; x_wconf 93' lang='lat' dir='ltr'><strong>mibi</strong></span> <span class='ocrx_word' id='word_1_34' title='bbox 517 1092 591 1177; x_wconf 86' lang='lat' dir='ltr'><strong>ipse</strong></span> <span class='ocrx_word' id='word_1_35' title='bbox 616 1095 737 1178; x_wconf 91' lang='lat' dir='ltr'><strong>petrus</strong></span> <span class='ocrx_word' id='word_1_36' title='bbox 761 1090 934 1179; x_wconf 81' lang='lat' dir='ltr'><strong>presbiter</strong></span> <span class='ocrx_word' id='word_1_37' title='bbox 958 1089 1068 1176; x_wconf 80' lang='lat' dir='ltr'><strong>dedit,</strong></span> <span class='ocrx_word' id='word_1_38' title='bbox 1084 1093 1120 1157; x_wconf 93' lang='lat' dir='ltr'><strong>et</strong></span> <span class='ocrx_word' id='word_1_39' title='bbox 1144 1089 1375 1157; x_wconf 87' lang='lat' dir='ltr'><strong>mediatorem</strong></span> <span class='ocrx_word' id='word_1_40' title='bbox 1399 1089 1486 1157; x_wconf 92' lang='lat' dir='ltr'><strong>mibi</strong></span> <span class='ocrx_word' id='word_1_41' title='bbox 1512 1089 1629 1175; x_wconf 85' lang='lat' dir='ltr'><strong>posuit</strong></span> <span class='ocrx_word' id='word_1_42' title='bbox 1651 1090 1899 1176; x_wconf 84' lang='lat' dir='ltr'><strong>magbenolfus</strong></span> <span class='ocrx_word' id='word_1_43' title='bbox 1916 1092 2092 1177; x_wconf 87' lang='lat' dir='ltr'><strong>presbiter</strong></span> 
     </span>
     <span class='ocr_line' id='line_1_5' title="bbox 247 1240 2095 1330; baseline -0.001 -18"><span class='ocrx_word' id='word_1_44' title='bbox 247 1245 344 1312; x_wconf 85' lang='lat' dir='ltr'><strong>iilius</strong></span> <span class='ocrx_word' id='word_1_45' title='bbox 370 1243 548 1330; x_wconf 88' lang='lat' dir='ltr'><strong>quondam</strong></span> <span class='ocrx_word' id='word_1_46' title='bbox 572 1240 719 1330; x_wconf 82' lang='lat' dir='ltr'><strong>granati</strong></span> <span class='ocrx_word' id='word_1_47' title='bbox 744 1240 807 1309; x_wconf 90' lang='lat' dir='ltr'><strong>tali</strong></span> <span class='ocrx_word' id='word_1_48' title='bbox 834 1240 973 1327; x_wconf 89' lang='lat' dir='ltr'><strong>ordine,</strong></span> <span class='ocrx_word' id='word_1_49' title='bbox 996 1245 1036 1307; x_wconf 94' lang='grc'><strong>66</strong></span> <span class='ocrx_word' id='word_1_50' title='bbox 1059 1241 1184 1308; x_wconf 91' lang='lat' dir='ltr'><strong>amodo</strong></span> <span class='ocrx_word' id='word_1_51' title='bbox 1200 1244 1236 1308; x_wconf 89' lang='lat' dir='ltr'><strong>et</strong></span> <span class='ocrx_word' id='word_1_52' title='bbox 1252 1257 1362 1328; x_wconf 87' lang='lat' dir='ltr'><strong>usque</strong></span> <span class='ocrx_word' id='word_1_53' title='bbox 1379 1246 1456 1309; x_wconf 90' lang='lat' dir='ltr'><strong>octo</strong></span> <span class='ocrx_word' id='word_1_54' title='bbox 1471 1241 1559 1309; x_wconf 91' lang='lat' dir='ltr'><strong>anni</strong></span> <span class='ocrx_word' id='word_1_55' title='bbox 1574 1241 1739 1328; x_wconf 90' lang='lat' dir='ltr'><strong>completi</strong></span> <span class='ocrx_word' id='word_1_56' title='bbox 1755 1241 1867 1311; x_wconf 87' lang='lat' dir='ltr'><strong>licead</strong></span> <span class='ocrx_word' id='word_1_57' title='bbox 1883 1247 1990 1310; x_wconf 88' lang='lat' dir='ltr'><strong>meet</strong></span> <span class='ocrx_word' id='word_1_58' title='bbox 2006 1243 2095 1312; x_wconf 87' lang='lat' dir='ltr'><strong>meis</strong></span> 
     </span>
     <span class='ocr_line' id='line_1_6' title="bbox 247 1378 2128 1486; baseline 0.001 -19"><span class='ocrx_word' id='word_1_59' title='bbox 247 1398 413 1468; x_wconf 89' lang='lat' dir='ltr'><strong>eredibus</strong></span> <span class='ocrx_word' id='word_1_60' title='bbox 437 1401 472 1465; x_wconf 93' lang='lat' dir='ltr'><strong>et</strong></span> <span class='ocrx_word' id='word_1_61' title='bbox 495 1398 631 1465; x_wconf 89' lang='lat' dir='ltr'><strong>omines</strong></span> <span class='ocrx_word' id='word_1_62' title='bbox 654 1416 760 1485; x_wconf 89' lang='lat' dir='ltr'><strong>quem</strong></span> <span class='ocrx_word' id='word_1_63' title='bbox 785 1397 917 1465; x_wconf 89' lang='lat' dir='ltr'><strong>ibidem</strong></span> <span class='ocrx_word' id='word_1_64' title='bbox 940 1397 1141 1466; x_wconf 86' lang='lat' dir='ltr'><strong>miserimus</strong></span> <span class='ocrx_word' id='word_1_65' title='bbox 1153 1446 1162 1482; x_wconf 90' lang='lat'><strong>,</strong></span> <span class='ocrx_word' id='word_1_66' title='bbox 1186 1401 1262 1465; x_wconf 91' lang='lat' dir='ltr'><strong>tota</strong></span> <span class='ocrx_word' id='word_1_67' title='bbox 1284 1399 1529 1485; x_wconf 89' lang='lat' dir='ltr'><strong>suprascripta</strong></span> <span class='ocrx_word' id='word_1_68' title='bbox 1551 1398 1766 1466; x_wconf 88' lang='lat' dir='ltr'><strong>tradictione</strong></span> <span class='ocrx_word' id='word_1_69' title='bbox 1798 1403 1917 1468; x_wconf 87' lang='lat' dir='ltr'><strong>nostre</strong></span> <span class='ocrx_word' id='word_1_70' title='bbox 1942 1403 2098 1486; x_wconf 87' lang='lat' dir='ltr'><strong>potesta·</strong></span> <span class='ocrx_word' id='word_1_71' title='bbox 2125 1378 2128 1386; x_wconf 42' lang='lat'>⁵</span> 
     </span>
     <span class='ocr_line' id='line_1_7' title="bbox 248 1547 2099 1638; baseline 0 -21"><span class='ocrx_word' id='word_1_72' title='bbox 248 1551 296 1618; x_wconf 89' lang='lat' dir='ltr'><strong>tis</strong></span> <span class='ocrx_word' id='word_1_73' title='bbox 320 1554 442 1618; x_wconf 91' lang='lat' dir='ltr'><strong>tenere</strong></span> <span class='ocrx_word' id='word_1_74' title='bbox 466 1555 503 1618; x_wconf 89' lang='lat' dir='ltr'><strong>et</strong></span> <span class='ocrx_word' id='word_1_75' title='bbox 526 1550 722 1636; x_wconf 89' lang='lat' dir='ltr'><strong>dominare,</strong></span> <span class='ocrx_word' id='word_1_76' title='bbox 746 1553 781 1617; x_wconf 93' lang='lat' dir='ltr'><strong>et</strong></span> <span class='ocrx_word' id='word_1_77' title='bbox 807 1547 865 1616; x_wconf 91' lang='lat' dir='ltr'><strong>ubi</strong></span> <span class='ocrx_word' id='word_1_78' title='bbox 891 1548 1080 1636; x_wconf 90' lang='lat' dir='ltr'><strong>meruerit,</strong></span> <span class='ocrx_word' id='word_1_79' title='bbox 1105 1553 1219 1617; x_wconf 89' lang='lat' dir='ltr'><strong>totum</strong></span> <span class='ocrx_word' id='word_1_80' title='bbox 1242 1548 1322 1617; x_wconf 91' lang='lat' dir='ltr'><strong>illut</strong></span> <span class='ocrx_word' id='word_1_81' title='bbox 1345 1550 1549 1637; x_wconf 70' lang='lat' dir='ltr'><strong>nudamus,</strong></span> <span class='ocrx_word' id='word_1_82' title='bbox 1574 1557 1609 1618; x_wconf 91' lang='grc'><strong>66</strong></span> <span class='ocrx_word' id='word_1_83' title='bbox 1633 1551 1727 1620; x_wconf 90' lang='lat' dir='ltr'><strong>abtis</strong></span> <span class='ocrx_word' id='word_1_84' title='bbox 1751 1552 1967 1638; x_wconf 85' lang='lat' dir='ltr'><strong>temporibus</strong></span> <span class='ocrx_word' id='word_1_85' title='bbox 1991 1553 2099 1618; x_wconf 89' lang='lat' dir='ltr'><strong>arbu-</strong></span> 
     </span>
     <span class='ocr_line' id='line_1_8' title="bbox 251 1703 2099 1792; baseline -0.001 -20"><span class='ocrx_word' id='word_1_86' title='bbox 251 1709 345 1772; x_wconf 89' lang='lat' dir='ltr'><strong>stum</strong></span> <span class='ocrx_word' id='word_1_87' title='bbox 369 1705 484 1791; x_wconf 87' lang='lat' dir='ltr'><strong>ipsum</strong></span> <span class='ocrx_word' id='word_1_88' title='bbox 509 1705 551 1773; x_wconf 92' lang='lat' dir='ltr'><strong>de</strong></span> <span class='ocrx_word' id='word_1_89' title='bbox 568 1723 673 1792; x_wconf 89' lang='lat' dir='ltr'><strong>super</strong></span> <span class='ocrx_word' id='word_1_90' title='bbox 690 1707 726 1772; x_wconf 91' lang='lat' dir='ltr'><strong>et</strong></span> <span class='ocrx_word' id='word_1_91' title='bbox 740 1703 783 1771; x_wconf 94' lang='lat' dir='ltr'><strong>de</strong></span> <span class='ocrx_word' id='word_1_92' title='bbox 800 1707 920 1789; x_wconf 89' lang='lat' dir='ltr'><strong>supter</strong></span> <span class='ocrx_word' id='word_1_93' title='bbox 936 1703 1135 1771; x_wconf 83' lang='lat' dir='ltr'><strong>laboremus</strong></span> <span class='ocrx_word' id='word_1_94' title='bbox 1159 1708 1195 1772; x_wconf 91' lang='lat' dir='ltr'><strong>et</strong></span> <span class='ocrx_word' id='word_1_95' title='bbox 1219 1705 1405 1790; x_wconf 82' lang='grc'>66166666,</span> <span class='ocrx_word' id='word_1_96' title='bbox 1431 1707 1524 1774; x_wconf 90' lang='grc'>66666</span> <span class='ocrx_word' id='word_1_97' title='bbox 1547 1705 1645 1773; x_wconf 87' lang='grc'>16666</span> <span class='ocrx_word' id='word_1_98' title='bbox 1668 1708 1743 1792; x_wconf 87' lang='grc'>6666</span> <span class='ocrx_word' id='word_1_99' title='bbox 1764 1706 1948 1792; x_wconf 91' lang='lat' dir='ltr'><strong>meruerit,</strong></span> <span class='ocrx_word' id='word_1_100' title='bbox 1964 1710 2005 1773; x_wconf 94' lang='grc'><strong>66</strong></span> <span class='ocrx_word' id='word_1_101' title='bbox 2020 1723 2099 1792; x_wconf 93' lang='lat' dir='ltr'><strong>pro-</strong></span> 
     </span>
    </p>
   </div>
   <div class='ocr_carea' id='block_1_3' title="bbox 252 1857 2102 1946">
    <p class='ocr_par' dir='ltr' id='par_1_3' title="bbox 252 1857 2102 1946">
     <span class='ocr_line' id='line_1_9' title="bbox 252 1857 2102 1946; baseline 0.001 -20"><span class='ocrx_word' id='word_1_102' title='bbox 252 1861 350 1928; x_wconf 87' lang='lat' dir='ltr'><strong>ficiat</strong></span> <span class='ocrx_word' id='word_1_103' title='bbox 374 1863 411 1926; x_wconf 92' lang='lat' dir='ltr'><strong>et</strong></span> <span class='ocrx_word' id='word_1_104' title='bbox 434 1877 505 1926; x_wconf 91' lang='lat' dir='ltr'><strong>non</strong></span> <span class='ocrx_word' id='word_1_105' title='bbox 533 1858 743 1945; x_wconf 88' lang='lat' dir='ltr'><strong>disperead,</strong></span> <span class='ocrx_word' id='word_1_106' title='bbox 767 1862 803 1925; x_wconf 91' lang='lat' dir='ltr'><strong>et</strong></span> <span class='ocrx_word' id='word_1_107' title='bbox 826 1859 886 1924; x_wconf 91' lang='lat' dir='ltr'><strong>ubi</strong></span> <span class='ocrx_word' id='word_1_108' title='bbox 910 1859 1106 1943; x_wconf 89' lang='lat' dir='ltr'><strong>meruerit,</strong></span> <span class='ocrx_word' id='word_1_109' title='bbox 1130 1859 1226 1926; x_wconf 85' lang='lat' dir='ltr'><strong>infra</strong></span> <span class='ocrx_word' id='word_1_110' title='bbox 1249 1863 1363 1926; x_wconf 87' lang='lat' dir='ltr'><strong>totum</strong></span> <span class='ocrx_word' id='word_1_111' title='bbox 1387 1857 1462 1944; x_wconf 88' lang='lat' dir='ltr'><strong>ipso</strong></span> <span class='ocrx_word' id='word_1_112' title='bbox 1486 1860 1674 1926; x_wconf 89' lang='lat' dir='ltr'><strong>arbustum</strong></span> <span class='ocrx_word' id='word_1_113' title='bbox 1696 1864 1793 1929; x_wconf 84' lang='lat' dir='ltr'><strong>astas</strong></span> <span class='ocrx_word' id='word_1_114' title='bbox 1819 1865 1854 1927; x_wconf 92' lang='grc'><strong>66</strong></span> <span class='ocrx_word' id='word_1_115' title='bbox 1880 1861 1968 1927; x_wconf 86' lang='lat' dir='ltr'><strong>bites</strong></span> <span class='ocrx_word' id='word_1_116' title='bbox 1999 1860 2102 1946; x_wconf 88' lang='lat' dir='ltr'><strong>plan-</strong></span> 
     </span>
    </p>
   </div>
   <div class='ocr_carea' id='block_1_4' title="bbox 252 2005 2106 3787">
    <p class='ocr_par' dir='ltr' id='par_1_4' title="bbox 252 2005 2106 3787">
     <span class='ocr_line' id='line_1_10' title="bbox 254 2005 2106 2105; baseline 0.002 -24"><span class='ocrx_word' id='word_1_117' title='bbox 254 2017 382 2105; x_wconf 88' lang='lat' dir='ltr'><strong>temus,</strong></span> <span class='ocrx_word' id='word_1_118' title='bbox 408 2022 444 2086; x_wconf 90' lang='lat' dir='ltr'><strong>et</strong></span> <span class='ocrx_word' id='word_1_119' title='bbox 468 2017 529 2084; x_wconf 91' lang='lat' dir='ltr'><strong>ubi</strong></span> <span class='ocrx_word' id='word_1_120' title='bbox 554 2019 738 2103; x_wconf 87' lang='lat' dir='ltr'><strong>meruerit,</strong></span> <span class='ocrx_word' id='word_1_121' title='bbox 763 2017 855 2084; x_wconf 89' lang='lat' dir='ltr'><strong>bites</strong></span> <span class='ocrx_word' id='word_1_122' title='bbox 879 2021 1078 2104; x_wconf 82' lang='lat' dir='ltr'><strong>tragamus,</strong></span> <span class='ocrx_word' id='word_1_123' title='bbox 1103 2022 1140 2084; x_wconf 90' lang='lat' dir='ltr'><strong>et</strong></span> <span class='ocrx_word' id='word_1_124' title='bbox 1162 2021 1275 2085; x_wconf 89' lang='lat' dir='ltr'><strong>totum</strong></span> <span class='ocrx_word' id='word_1_125' title='bbox 1299 2036 1357 2086; x_wconf 90' lang='lat' dir='ltr'><strong>eos</strong></span> <span class='ocrx_word' id='word_1_126' title='bbox 1380 2005 1601 2104; x_wconf 78' lang='lat' dir='ltr'><strong>laboremus,</strong></span> <span class='ocrx_word' id='word_1_127' title='bbox 1625 2016 1717 2086; x_wconf 88' lang='lat' dir='ltr'><strong>sicut</strong></span> <span class='ocrx_word' id='word_1_128' title='bbox 1739 2017 1873 2086; x_wconf 90' lang='lat' dir='ltr'><strong>dictum</strong></span> <span class='ocrx_word' id='word_1_129' title='bbox 1898 2021 1975 2105; x_wconf 89' lang='lat' dir='ltr'><strong>est,</strong></span> <span class='ocrx_word' id='word_1_130' title='bbox 1999 2022 2035 2086; x_wconf 94' lang='lat' dir='ltr'><strong>et</strong></span> <span class='ocrx_word' id='word_1_131' title='bbox 2060 2017 2106 2084; x_wconf 94' lang='lat' dir='ltr'><strong>li·</strong></span> 
     </span>
     <span class='ocr_line' id='line_1_11' title="bbox 256 2169 2104 2257; baseline 0.002 -22"><span class='ocrx_word' id='word_1_132' title='bbox 256 2169 345 2239; x_wconf 88' lang='lat' dir='ltr'><strong>cead</strong></span> <span class='ocrx_word' id='word_1_133' title='bbox 368 2187 432 2236; x_wconf 86' lang='lat' dir='ltr'><strong>nos</strong></span> <span class='ocrx_word' id='word_1_134' title='bbox 458 2175 494 2238; x_wconf 91' lang='lat' dir='ltr'><strong>et</strong></span> <span class='ocrx_word' id='word_1_135' title='bbox 519 2171 650 2238; x_wconf 88' lang='lat' dir='ltr'><strong>nostris</strong></span> <span class='ocrx_word' id='word_1_136' title='bbox 673 2170 838 2238; x_wconf 89' lang='lat' dir='ltr'><strong>eredibus</strong></span> <span class='ocrx_word' id='word_1_137' title='bbox 862 2171 958 2238; x_wconf 88' lang='lat' dir='ltr'><strong>fobee</strong></span> <span class='ocrx_word' id='word_1_138' title='bbox 982 2175 1017 2237; x_wconf 91' lang='grc'><strong>66</strong></span> <span class='ocrx_word' id='word_1_139' title='bbox 1041 2170 1155 2236; x_wconf 91' lang='lat' dir='ltr'><strong>omnis</strong></span> <span class='ocrx_word' id='word_1_140' title='bbox 1178 2173 1301 2239; x_wconf 88' lang='lat' dir='ltr'><strong>nostra</strong></span> <span class='ocrx_word' id='word_1_141' title='bbox 1323 2169 1479 2238; x_wconf 89' lang='lat' dir='ltr'><strong>utilitate</strong></span> <span class='ocrx_word' id='word_1_142' title='bbox 1503 2169 1634 2237; x_wconf 87' lang='lat' dir='ltr'><strong>ibidem</strong></span> <span class='ocrx_word' id='word_1_143' title='bbox 1658 2171 1787 2256; x_wconf 84' lang='lat' dir='ltr'><strong>iacere,</strong></span> <span class='ocrx_word' id='word_1_144' title='bbox 1811 2176 1847 2238; x_wconf 92' lang='lat' dir='ltr'><strong>et</strong></span> <span class='ocrx_word' id='word_1_145' title='bbox 1870 2171 2104 2257; x_wconf 87' lang='lat' dir='ltr'><strong>annualiter,</strong></span> 
     </span>
     <span class='ocr_line' id='line_1_12' title="bbox 254 2321 2097 2410; baseline 0 -20"><span class='ocrx_word' id='word_1_146' title='bbox 254 2323 397 2408; x_wconf 90' lang='lat' dir='ltr'><strong>quando</strong></span> <span class='ocrx_word' id='word_1_147' title='bbox 422 2326 615 2410; x_wconf 88' lang='lat' dir='ltr'><strong>meruerit,</strong></span> <span class='ocrx_word' id='word_1_148' title='bbox 640 2325 825 2392; x_wconf 90' lang='lat' dir='ltr'><strong>arbustum</strong></span> <span class='ocrx_word' id='word_1_149' title='bbox 850 2324 966 2409; x_wconf 89' lang='lat' dir='ltr'><strong>ipsum</strong></span> <span class='ocrx_word' id='word_1_150' title='bbox 990 2322 1253 2392; x_wconf 86' lang='lat' dir='ltr'><strong>rationabiliter</strong></span> <span class='ocrx_word' id='word_1_151' title='bbox 1277 2321 1552 2407; x_wconf 90' lang='lat' dir='ltr'><strong>bindemiemus,</strong></span> <span class='ocrx_word' id='word_1_152' title='bbox 1576 2325 1612 2388; x_wconf 91' lang='lat' dir='ltr'><strong>et</strong></span> <span class='ocrx_word' id='word_1_153' title='bbox 1634 2339 1696 2406; x_wconf 89' lang='lat' dir='ltr'><strong>per</strong></span> <span class='ocrx_word' id='word_1_154' title='bbox 1720 2321 1896 2389; x_wconf 89' lang='lat' dir='ltr'><strong>bindemie</strong></span> <span class='ocrx_word' id='word_1_155' title='bbox 1921 2323 2097 2392; x_wconf 83' lang='lat' dir='ltr'><strong>faciamus</strong></span> 
     </span>
     <span class='ocr_line' id='line_1_13' title="bbox 252 2455 2097 2562; baseline 0.001 -22"><span class='ocrx_word' id='word_1_156' title='bbox 252 2473 342 2542; x_wconf 90' lang='lat' dir='ltr'><strong>scire</strong></span> <span class='ocrx_word' id='word_1_157' title='bbox 360 2477 475 2562; x_wconf 93' lang='lat' dir='ltr'><strong>ipsum</strong></span> <span class='ocrx_word' id='word_1_158' title='bbox 499 2479 663 2544; x_wconf 87' lang='lat' dir='ltr'><strong>abbatem</strong></span> <span class='ocrx_word' id='word_1_159' title='bbox 680 2475 733 2542; x_wconf 83' lang='lat' dir='ltr'><strong>vel</strong></span> <span class='ocrx_word' id='word_1_160' title='bbox 750 2493 834 2561; x_wconf 90' lang='lat' dir='ltr'><strong>pars</strong></span> <span class='ocrx_word' id='word_1_161' title='bbox 859 2474 972 2561; x_wconf 88' lang='lat' dir='ltr'><strong>ipsius</strong></span> <span class='ocrx_word' id='word_1_162' title='bbox 995 2473 1157 2560; x_wconf 87' lang='lat' dir='ltr'><strong>ecclesie,</strong></span> <span class='ocrx_word' id='word_1_163' title='bbox 1175 2455 1216 2540; x_wconf 87' lang='lat' dir='ltr'><strong>ut</strong></span> <span class='ocrx_word' id='word_1_164' title='bbox 1231 2473 1363 2541; x_wconf 90' lang='lat' dir='ltr'><strong>ibidem</strong></span> <span class='ocrx_word' id='word_1_165' title='bbox 1379 2473 1524 2560; x_wconf 83' lang='lat' dir='ltr'><strong>dirigad</strong></span> <span class='ocrx_word' id='word_1_166' title='bbox 1540 2471 1688 2540; x_wconf 89' lang='lat' dir='ltr'><strong>missum</strong></span> <span class='ocrx_word' id='word_1_167' title='bbox 1704 2493 1821 2560; x_wconf 88' lang='lat' dir='ltr'><strong>suum,</strong></span> <span class='ocrx_word' id='word_1_168' title='bbox 1837 2480 1874 2542; x_wconf 93' lang='lat' dir='ltr'><strong>et</strong></span> <span class='ocrx_word' id='word_1_169' title='bbox 1890 2478 2004 2542; x_wconf 90' lang='lat' dir='ltr'><strong>totum</strong></span> <span class='ocrx_word' id='word_1_170' title='bbox 2021 2477 2097 2562; x_wconf 90' lang='lat' dir='ltr'><strong>ipso</strong></span> 
     </span>
     <span class='ocr_line' id='line_1_14' title="bbox 252 2626 2099 2715; baseline 0.001 -19"><span class='ocrx_word' id='word_1_171' title='bbox 252 2631 379 2696; x_wconf 91' lang='lat' dir='ltr'><strong>binum</strong></span> <span class='ocrx_word' id='word_1_172' title='bbox 403 2630 534 2698; x_wconf 91' lang='lat' dir='ltr'><strong>ibidem</strong></span> <span class='ocrx_word' id='word_1_173' title='bbox 559 2629 603 2697; x_wconf 92' lang='lat' dir='ltr'><strong>ad</strong></span> <span class='ocrx_word' id='word_1_174' title='bbox 628 2629 847 2715; x_wconf 82' lang='lat' dir='ltr'><strong>pulmentum</strong></span> <span class='ocrx_word' id='word_1_175' title='bbox 870 2645 933 2714; x_wconf 88' lang='lat' dir='ltr'><strong>per</strong></span> <span class='ocrx_word' id='word_1_176' title='bbox 957 2627 1113 2695; x_wconf 91' lang='lat' dir='ltr'><strong>medium</strong></span> <span class='ocrx_word' id='word_1_177' title='bbox 1136 2626 1217 2694; x_wconf 90' lang='lat' dir='ltr'><strong>illut</strong></span> <span class='ocrx_word' id='word_1_178' title='bbox 1240 2626 1334 2694; x_wconf 86' lang='lat' dir='ltr'><strong>inter</strong></span> <span class='ocrx_word' id='word_1_179' title='bbox 1359 2645 1422 2693; x_wconf 90' lang='lat' dir='ltr'><strong>nos</strong></span> <span class='ocrx_word' id='word_1_180' title='bbox 1445 2626 1664 2695; x_wconf 90' lang='lat' dir='ltr'><strong>dibidamus:</strong></span> <span class='ocrx_word' id='word_1_181' title='bbox 1690 2629 1837 2696; x_wconf 88' lang='lat' dir='ltr'><strong>missum</strong></span> <span class='ocrx_word' id='word_1_182' title='bbox 1861 2629 2019 2714; x_wconf 83' lang='lat' dir='ltr'><strong>predicte</strong></span> <span class='ocrx_word' id='word_1_183' title='bbox 2043 2649 2099 2700; x_wconf 93' lang='lat' dir='ltr'><strong>ec·</strong></span> 
     </span>
     <span class='ocr_line' id='line_1_15' title="bbox 252 2777 2102 2869; baseline 0 -21"><span class='ocrx_word' id='word_1_184' title='bbox 252 2780 359 2848; x_wconf 84' lang='grc'>616666</span> <span class='ocrx_word' id='word_1_185' title='bbox 381 2781 490 2850; x_wconf 88' lang='lat' dir='ltr'><strong>tollad</strong></span> <span class='ocrx_word' id='word_1_186' title='bbox 514 2780 594 2847; x_wconf 91' lang='lat' dir='ltr'><strong>illut</strong></span> <span class='ocrx_word' id='word_1_187' title='bbox 618 2782 870 2868; x_wconf 90' lang='lat' dir='ltr'><strong>medietatem,</strong></span> <span class='ocrx_word' id='word_1_188' title='bbox 895 2784 930 2848; x_wconf 88' lang='lat' dir='ltr'><strong>et</strong></span> <span class='ocrx_word' id='word_1_189' title='bbox 954 2797 1017 2846; x_wconf 91' lang='lat' dir='ltr'><strong>nos</strong></span> <span class='ocrx_word' id='word_1_190' title='bbox 1040 2777 1290 2864; x_wconf 73' lang='lat' dir='ltr'><strong>medietatem,</strong></span> <span class='ocrx_word' id='word_1_191' title='bbox 1316 2783 1351 2845; x_wconf 93' lang='lat' dir='ltr'><strong>et</strong></span> <span class='ocrx_word' id='word_1_192' title='bbox 1375 2778 1480 2862; x_wconf 90' lang='lat' dir='ltr'><strong>quale</strong></span> <span class='ocrx_word' id='word_1_193' title='bbox 1503 2795 1701 2864; x_wconf 85' lang='lat' dir='ltr'><strong>organeum</strong></span> <span class='ocrx_word' id='word_1_194' title='bbox 1723 2777 1768 2847; x_wconf 87' lang='lat' dir='ltr'><strong>da</strong></span> <span class='ocrx_word' id='word_1_195' title='bbox 1793 2779 1915 2846; x_wconf 90' lang='lat' dir='ltr'><strong>binum</strong></span> <span class='ocrx_word' id='word_1_196' title='bbox 1936 2800 2022 2866; x_wconf 88' lang='lat' dir='ltr'><strong>pars</strong></span> <span class='ocrx_word' id='word_1_197' title='bbox 2047 2783 2102 2869; x_wconf 79' lang='lat' dir='ltr'><strong>ip</strong></span> 
     </span>
     <span class='ocr_line' id='line_1_16' title="bbox 252 2929 2095 3024; baseline 0.002 -24"><span class='ocrx_word' id='word_1_198' title='bbox 252 2933 326 3000; x_wconf 91' lang='lat' dir='ltr'><strong>sius</strong></span> <span class='ocrx_word' id='word_1_199' title='bbox 351 2935 498 3004; x_wconf 85' lang='lat' dir='ltr'><strong>ecclesie</strong></span> <span class='ocrx_word' id='word_1_200' title='bbox 523 2936 624 3002; x_wconf 91' lang='lat' dir='ltr'><strong>nobis</strong></span> <span class='ocrx_word' id='word_1_201' title='bbox 650 2934 947 3022; x_wconf 83' lang='lat' dir='ltr'><strong>adsingnaberint</strong></span> <span class='ocrx_word' id='word_1_202' title='bbox 963 2933 1008 3000; x_wconf 90' lang='lat' dir='ltr'><strong>ad</strong></span> <span class='ocrx_word' id='word_1_203' title='bbox 1025 2932 1210 3000; x_wconf 89' lang='lat' dir='ltr'><strong>cellarium</strong></span> <span class='ocrx_word' id='word_1_204' title='bbox 1232 2949 1300 3017; x_wconf 90' lang='lat' dir='ltr'><strong>que</strong></span> <span class='ocrx_word' id='word_1_205' title='bbox 1317 2949 1400 3015; x_wconf 88' lang='lat' dir='ltr'><strong>pars</strong></span> <span class='ocrx_word' id='word_1_206' title='bbox 1415 2929 1527 3024; x_wconf 86' lang='lat' dir='ltr'><strong>ipsius</strong></span> <span class='ocrx_word' id='word_1_207' title='bbox 1542 2929 1688 2996; x_wconf 85' lang='lat' dir='ltr'><strong>ecclesie</strong></span> <span class='ocrx_word' id='word_1_208' title='bbox 1705 2932 1787 2999; x_wconf 90' lang='lat' dir='ltr'><strong>abet</strong></span> <span class='ocrx_word' id='word_1_209' title='bbox 1809 2933 1854 3001; x_wconf 90' lang='lat' dir='ltr'><strong>ad</strong></span> <span class='ocrx_word' id='word_1_210' title='bbox 1879 2933 1947 3019; x_wconf 90' lang='lat' dir='ltr'><strong>ipsi</strong></span> <span class='ocrx_word' id='word_1_211' title='bbox 1972 2935 2095 3023; x_wconf 90' lang='lat' dir='ltr'><strong>pariti,</strong></span> 
     </span>
     <span class='ocr_line' id='line_1_17' title="bbox 253 3082 2099 3176; baseline 0.002 -24"><span class='ocrx_word' id='word_1_212' title='bbox 253 3104 317 3152; x_wconf 93' lang='grc'><strong>666</strong></span> <span class='ocrx_word' id='word_1_213' title='bbox 341 3093 463 3156; x_wconf 90' lang='lat' dir='ltr'><strong>autem</strong></span> <span class='ocrx_word' id='word_1_214' title='bbox 488 3105 690 3174; x_wconf 86' lang='lat' dir='ltr'><strong>organeum·</strong></span> <span class='ocrx_word' id='word_1_215' title='bbox 708 3086 821 3173; x_wconf 90' lang='lat' dir='ltr'><strong>ipsum</strong></span> <span class='ocrx_word' id='word_1_216' title='bbox 846 3087 1058 3172; x_wconf 89' lang='lat' dir='ltr'><strong>conciemus,</strong></span> <span class='ocrx_word' id='word_1_217' title='bbox 1082 3084 1174 3152; x_wconf 90' lang='lat' dir='ltr'><strong>sicut</strong></span> <span class='ocrx_word' id='word_1_218' title='bbox 1191 3083 1372 3176; x_wconf 88' lang='lat' dir='ltr'><strong>meruerit,</strong></span> <span class='ocrx_word' id='word_1_219' title='bbox 1389 3085 1424 3150; x_wconf 92' lang='lat' dir='ltr'><strong>et</strong></span> <span class='ocrx_word' id='word_1_220' title='bbox 1441 3082 1519 3168; x_wconf 89' lang='lat' dir='ltr'><strong>ipsa</strong></span> <span class='ocrx_word' id='word_1_221' title='bbox 1534 3084 1726 3150; x_wconf 87' lang='lat' dir='ltr'><strong>sortionem</strong></span> <span class='ocrx_word' id='word_1_222' title='bbox 1742 3084 1785 3151; x_wconf 94' lang='lat' dir='ltr'><strong>de</strong></span> <span class='ocrx_word' id='word_1_223' title='bbox 1801 3084 1876 3172; x_wconf 87' lang='lat' dir='ltr'><strong>ipso</strong></span> <span class='ocrx_word' id='word_1_224' title='bbox 1893 3089 2015 3154; x_wconf 89' lang='lat' dir='ltr'><strong>binum</strong></span> <span class='ocrx_word' id='word_1_225' title='bbox 2033 3088 2099 3155; x_wconf 91' lang='lat' dir='ltr'><strong>ibi-</strong></span> 
     </span>
     <span class='ocr_line' id='line_1_18' title="bbox 252 3233 2100 3328; baseline 0.001 -20"><span class='ocrx_word' id='word_1_226' title='bbox 252 3241 334 3308; x_wconf 92' lang='lat' dir='ltr'><strong>dem</strong></span> <span class='ocrx_word' id='word_1_227' title='bbox 361 3241 548 3308; x_wconf 86' lang='lat' dir='ltr'><strong>mittamus</strong></span> <span class='ocrx_word' id='word_1_228' title='bbox 571 3244 606 3307; x_wconf 90' lang='lat' dir='ltr'><strong>et</strong></span> <span class='ocrx_word' id='word_1_229' title='bbox 630 3243 807 3324; x_wconf 90' lang='lat' dir='ltr'><strong>portemus</strong></span> <span class='ocrx_word' id='word_1_230' title='bbox 830 3238 875 3306; x_wconf 91' lang='lat' dir='ltr'><strong>ad</strong></span> <span class='ocrx_word' id='word_1_231' title='bbox 899 3239 974 3324; x_wconf 91' lang='lat' dir='ltr'><strong>ipso</strong></span> <span class='ocrx_word' id='word_1_232' title='bbox 997 3236 1196 3323; x_wconf 88' lang='lat' dir='ltr'><strong>cellarium,</strong></span> <span class='ocrx_word' id='word_1_233' title='bbox 1221 3240 1284 3304; x_wconf 88' lang='lat' dir='ltr'><strong>aut</strong></span> <span class='ocrx_word' id='word_1_234' title='bbox 1306 3235 1337 3302; x_wconf 89' lang='lat' dir='ltr'><strong>si</strong></span> <span class='ocrx_word' id='word_1_235' title='bbox 1361 3236 1513 3304; x_wconf 92' lang='lat' dir='ltr'><strong>boluerit</strong></span> <span class='ocrx_word' id='word_1_236' title='bbox 1536 3233 1618 3302; x_wconf 92' lang='lat' dir='ltr'><strong>illut</strong></span> <span class='ocrx_word' id='word_1_237' title='bbox 1640 3255 1724 3322; x_wconf 89' lang='lat' dir='ltr'><strong>pars</strong></span> <span class='ocrx_word' id='word_1_238' title='bbox 1740 3237 1853 3323; x_wconf 88' lang='lat' dir='ltr'><strong>ipsius</strong></span> <span class='ocrx_word' id='word_1_239' title='bbox 1869 3239 2016 3309; x_wconf 88' lang='grc'>66616666</span> <span class='ocrx_word' id='word_1_240' title='bbox 2033 3262 2100 3328; x_wconf 86' lang='grc'><strong>666</strong></span> 
     </span>
     <span class='ocr_line' id='line_1_19' title="bbox 253 3389 2098 3480; baseline -0.001 -20"><span class='ocrx_word' id='word_1_241' title='bbox 253 3397 414 3480; x_wconf 90' lang='lat' dir='ltr'><strong>tempore</strong></span> <span class='ocrx_word' id='word_1_242' title='bbox 438 3393 514 3480; x_wconf 86' lang='lat' dir='ltr'><strong>ipso</strong></span> <span class='ocrx_word' id='word_1_243' title='bbox 539 3394 661 3460; x_wconf 89' lang='lat' dir='ltr'><strong>binum</strong></span> <span class='ocrx_word' id='word_1_244' title='bbox 685 3408 854 3478; x_wconf 88' lang='lat' dir='ltr'><strong>reponere</strong></span> <span class='ocrx_word' id='word_1_245' title='bbox 878 3389 922 3457; x_wconf 90' lang='lat' dir='ltr'><strong>ad</strong></span> <span class='ocrx_word' id='word_1_246' title='bbox 944 3389 1067 3456; x_wconf 91' lang='lat' dir='ltr'><strong>domus</strong></span> <span class='ocrx_word' id='word_1_247' title='bbox 1090 3393 1224 3476; x_wconf 88' lang='lat' dir='ltr'><strong>nostra,</strong></span> <span class='ocrx_word' id='word_1_248' title='bbox 1249 3391 1309 3458; x_wconf 91' lang='lat' dir='ltr'><strong>ubi</strong></span> <span class='ocrx_word' id='word_1_249' title='bbox 1333 3389 1602 3477; x_wconf 82' lang='lat' dir='ltr'><strong>abitaoerimus,</strong></span> <span class='ocrx_word' id='word_1_250' title='bbox 1619 3407 1683 3457; x_wconf 89' lang='lat' dir='ltr'><strong>nos</strong></span> <span class='ocrx_word' id='word_1_251' title='bbox 1706 3394 1826 3458; x_wconf 89' lang='lat' dir='ltr'><strong>autem</strong></span> <span class='ocrx_word' id='word_1_252' title='bbox 1852 3391 1934 3459; x_wconf 94' lang='lat' dir='ltr'><strong>illut</strong></span> <span class='ocrx_word' id='word_1_253' title='bbox 1957 3393 1996 3459; x_wconf 90' lang='grc'><strong>66</strong></span> <span class='ocrx_word' id='word_1_254' title='bbox 2021 3394 2098 3478; x_wconf 88' lang='grc'>6666</span> 
     </span>
     <span class='ocr_line' id='line_1_20' title="bbox 256 3542 2099 3634; baseline 0.001 -23"><span class='ocrx_word' id='word_1_255' title='bbox 256 3565 455 3634; x_wconf 84' lang='lat' dir='ltr'><strong>organeum</strong></span> <span class='ocrx_word' id='word_1_256' title='bbox 478 3547 661 3616; x_wconf 89' lang='lat' dir='ltr'><strong>mittamus</strong></span> <span class='ocrx_word' id='word_1_257' title='bbox 684 3549 808 3613; x_wconf 88' lang='lat' dir='ltr'><strong>subtus</strong></span> <span class='ocrx_word' id='word_1_258' title='bbox 831 3545 908 3631; x_wconf 89' lang='lat' dir='ltr'><strong>ipso</strong></span> <span class='ocrx_word' id='word_1_259' title='bbox 931 3544 1085 3612; x_wconf 89' lang='lat' dir='ltr'><strong>reditum</strong></span> <span class='ocrx_word' id='word_1_260' title='bbox 1109 3545 1148 3612; x_wconf 90' lang='lat' dir='ltr'><strong>in</strong></span> <span class='ocrx_word' id='word_1_261' title='bbox 1171 3561 1240 3629; x_wconf 88' lang='lat' dir='ltr'><strong>quo</strong></span> <span class='ocrx_word' id='word_1_262' title='bbox 1263 3542 1542 3629; x_wconf 77' lang='lat' dir='ltr'><strong>abitaberimuS,</strong></span> <span class='ocrx_word' id='word_1_263' title='bbox 1565 3547 1601 3610; x_wconf 90' lang='lat' dir='ltr'><strong>et</strong></span> <span class='ocrx_word' id='word_1_264' title='bbox 1625 3542 1765 3610; x_wconf 89' lang='lat' dir='ltr'><strong>salbum</strong></span> <span class='ocrx_word' id='word_1_265' title='bbox 1787 3545 1864 3631; x_wconf 90' lang='lat' dir='ltr'><strong>ipso</strong></span> <span class='ocrx_word' id='word_1_266' title='bbox 1888 3543 2011 3611; x_wconf 91' lang='lat' dir='ltr'><strong>binum</strong></span> <span class='ocrx_word' id='word_1_267' title='bbox 2034 3564 2099 3631; x_wconf 89' lang='lat' dir='ltr'><strong>per</strong></span> 
     </span>
     <span class='ocr_line' id='line_1_21' title="bbox 257 3695 2101 3787; baseline -0.001 -19"><span class='ocrx_word' id='word_1_268' title='bbox 257 3707 414 3787; x_wconf 89' lang='lat' dir='ltr'><strong>tempore</strong></span> <span class='ocrx_word' id='word_1_269' title='bbox 438 3699 626 3786; x_wconf 66' lang='lat' dir='ltr'><strong>iaciamus</strong></span> <span class='ocrx_word' id='word_1_270' title='bbox 649 3700 758 3767; x_wconf 90' lang='lat' dir='ltr'><strong>donee</strong></span> <span class='ocrx_word' id='word_1_271' title='bbox 782 3697 866 3764; x_wconf 91' lang='lat' dir='ltr'><strong>illut</strong></span> <span class='ocrx_word' id='word_1_272' title='bbox 888 3695 971 3765; x_wconf 90' lang='lat' dir='ltr'><strong>inde</strong></span> <span class='ocrx_word' id='word_1_273' title='bbox 994 3695 1119 3764; x_wconf 90' lang='lat' dir='ltr'><strong>tulerit</strong></span> <span class='ocrx_word' id='word_1_274' title='bbox 1134 3715 1217 3783; x_wconf 89' lang='lat' dir='ltr'><strong>pars</strong></span> <span class='ocrx_word' id='word_1_275' title='bbox 1232 3696 1342 3782; x_wconf 90' lang='lat' dir='ltr'><strong>ipsius</strong></span> <span class='ocrx_word' id='word_1_276' title='bbox 1365 3695 1527 3782; x_wconf 88' lang='lat' dir='ltr'><strong>ecclesie,</strong></span> <span class='ocrx_word' id='word_1_277' title='bbox 1550 3699 1683 3783; x_wconf 90' lang='lat' dir='ltr'><strong>absque</strong></span> <span class='ocrx_word' id='word_1_278' title='bbox 1698 3698 1975 3784; x_wconf 82' lang='lat' dir='ltr'><strong>degeneratione</strong></span> <span class='ocrx_word' id='word_1_279' title='bbox 1991 3702 2028 3765; x_wconf 89' lang='lat' dir='ltr'><strong>et</strong></span> <span class='ocrx_word' id='word_1_280' title='bbox 2044 3699 2101 3769; x_wconf 89' lang='lat' dir='ltr'><strong>in-</strong></span> 
     </span>
    </p>
   </div>
   <div class='ocr_carea' id='block_1_5' title="bbox 257 3845 2098 3942">
    <p class='ocr_par' dir='ltr' id='par_1_5' title="bbox 257 3845 2098 3942">
     <span class='ocr_line' id='line_1_22' title="bbox 257 3845 2098 3942; baseline -0.001 -21"><span class='ocrx_word' id='word_1_281' title='bbox 257 3873 338 3942; x_wconf 84' lang='lat' dir='ltr'><strong>gne3</strong></span> <span class='ocrx_word' id='word_1_282' title='bbox 363 3856 400 3921; x_wconf 90' lang='lat' dir='ltr'><strong>et</strong></span> <span class='ocrx_word' id='word_1_283' title='bbox 424 3851 499 3938; x_wconf 92' lang='lat' dir='ltr'><strong>ipso</strong></span> <span class='ocrx_word' id='word_1_284' title='bbox 523 3851 670 3918; x_wconf 88' lang='lat' dir='ltr'><strong>missum</strong></span> <span class='ocrx_word' id='word_1_285' title='bbox 694 3849 849 3936; x_wconf 86' lang='lat' dir='ltr'><strong>predicte</strong></span> <span class='ocrx_word' id='word_1_286' title='bbox 872 3846 1035 3933; x_wconf 87' lang='lat' dir='ltr'><strong>ecclesie,</strong></span> <span class='ocrx_word' id='word_1_287' title='bbox 1059 3846 1143 3914; x_wconf 91' lang='lat' dir='ltr'><strong>dum</strong></span> <span class='ocrx_word' id='word_1_288' title='bbox 1166 3845 1297 3913; x_wconf 90' lang='lat' dir='ltr'><strong>ibidem</strong></span> <span class='ocrx_word' id='word_1_289' title='bbox 1312 3845 1454 3914; x_wconf 89' lang='lat' dir='ltr'><strong>steterit</strong></span> <span class='ocrx_word' id='word_1_290' title='bbox 1470 3864 1533 3933; x_wconf 91' lang='grc'><strong>666</strong></span> <span class='ocrx_word' id='word_1_291' title='bbox 1550 3849 1628 3934; x_wconf 87' lang='grc'>6666</span> <span class='ocrx_word' id='word_1_292' title='bbox 1643 3847 1820 3915; x_wconf 90' lang='lat' dir='ltr'><strong>bindemie</strong></span> <span class='ocrx_word' id='word_1_293' title='bbox 1838 3850 2098 3941; x_wconf 88' lang='lat' dir='ltr'><strong>reponendum,</strong></span> 
     </span>
    </p>
   </div>
   <div class='ocr_carea' id='block_1_6' title="bbox 256 4000 2102 4092">
    <p class='ocr_par' dir='ltr' id='par_1_6' title="bbox 256 4000 2102 4092">
     <span class='ocr_line' id='line_1_23' title="bbox 256 4000 2102 4092; baseline -0.001 -18"><span class='ocrx_word' id='word_1_294' title='bbox 256 4025 321 4076; x_wconf 88' lang='grc'><strong>666</strong></span> <span class='ocrx_word' id='word_1_295' title='bbox 346 4011 467 4077; x_wconf 90' lang='lat' dir='ltr'><strong>autem</strong></span> <span class='ocrx_word' id='word_1_296' title='bbox 492 4006 593 4074; x_wconf 92' lang='lat' dir='ltr'><strong>illum</strong></span> <span class='ocrx_word' id='word_1_297' title='bbox 619 4003 817 4072; x_wconf 82' lang='lat' dir='ltr'><strong>nutriamus</strong></span> <span class='ocrx_word' id='word_1_298' title='bbox 842 4002 1034 4071; x_wconf 89' lang='lat' dir='ltr'><strong>secundum</strong></span> <span class='ocrx_word' id='word_1_299' title='bbox 1059 4005 1181 4070; x_wconf 87' lang='lat' dir='ltr'><strong>nostra</strong></span> <span class='ocrx_word' id='word_1_300' title='bbox 1203 4000 1488 4088; x_wconf 89' lang='lat' dir='ltr'><strong>possibilitatem,</strong></span> <span class='ocrx_word' id='word_1_301' title='bbox 1513 4008 1548 4071; x_wconf 89' lang='lat' dir='ltr'><strong>et</strong></span> <span class='ocrx_word' id='word_1_302' title='bbox 1571 4002 1614 4071; x_wconf 94' lang='lat' dir='ltr'><strong>de</strong></span> <span class='ocrx_word' id='word_1_303' title='bbox 1638 4002 1730 4088; x_wconf 92' lang='lat' dir='ltr'><strong>quod</strong></span> <span class='ocrx_word' id='word_1_304' title='bbox 1747 4003 1955 4074; x_wconf 90' lang='lat' dir='ltr'><strong>annualiter</strong></span> <span class='ocrx_word' id='word_1_305' title='bbox 1969 4004 2007 4071; x_wconf 89' lang='lat' dir='ltr'><strong>in</strong></span> <span class='ocrx_word' id='word_1_306' title='bbox 2024 4007 2102 4092; x_wconf 88' lang='lat' dir='ltr'><strong>ipsa</strong></span> 
     </span>
    </p>
   </div>
   <div class='ocr_carea' id='block_1_7' title="bbox 256 4153 2103 5634">
    <p class='ocr_par' dir='ltr' id='par_1_7' title="bbox 256 4153 2103 5168">
     <span class='ocr_line' id='line_1_24' title="bbox 258 4153 2099 4245; baseline -0.002 -17"><span class='ocrx_word' id='word_1_307' title='bbox 258 4164 362 4230; x_wconf 90' lang='lat' dir='ltr'><strong>rebus</strong></span> <span class='ocrx_word' id='word_1_308' title='bbox 386 4161 702 4245; x_wconf 74' lang='lat' dir='ltr'><strong>seminaberimuS,</strong></span> <span class='ocrx_word' id='word_1_309' title='bbox 726 4159 848 4228; x_wconf 91' lang='lat' dir='ltr'><strong>demus</strong></span> <span class='ocrx_word' id='word_1_310' title='bbox 871 4156 1002 4226; x_wconf 91' lang='lat' dir='ltr'><strong>ibidem</strong></span> <span class='ocrx_word' id='word_1_311' title='bbox 1024 4156 1069 4224; x_wconf 90' lang='lat' dir='ltr'><strong>ad</strong></span> <span class='ocrx_word' id='word_1_312' title='bbox 1092 4155 1168 4242; x_wconf 91' lang='lat' dir='ltr'><strong>ipso</strong></span> <span class='ocrx_word' id='word_1_313' title='bbox 1190 4156 1337 4222; x_wconf 87' lang='lat' dir='ltr'><strong>missum</strong></span> <span class='ocrx_word' id='word_1_314' title='bbox 1362 4153 1475 4241; x_wconf 86' lang='lat' dir='ltr'><strong>ipsius</strong></span> <span class='ocrx_word' id='word_1_315' title='bbox 1498 4154 1645 4223; x_wconf 90' lang='lat' dir='ltr'><strong>ecclesie</strong></span> <span class='ocrx_word' id='word_1_316' title='bbox 1668 4157 1880 4226; x_wconf 90' lang='lat' dir='ltr'><strong>terraticum</strong></span> <span class='ocrx_word' id='word_1_317' title='bbox 1903 4159 2099 4226; x_wconf 90' lang='lat' dir='ltr'><strong>secundum</strong></span> 
     </span>
     <span class='ocr_line' id='line_1_25' title="bbox 258 4307 2097 4399; baseline -0.002 -16"><span class='ocrx_word' id='word_1_318' title='bbox 258 4314 551 4384; x_wconf 89' lang='lat' dir='ltr'><strong>consuetudinem</strong></span> <span class='ocrx_word' id='word_1_319' title='bbox 576 4313 619 4380; x_wconf 88' lang='lat' dir='ltr'><strong>de</strong></span> <span class='ocrx_word' id='word_1_320' title='bbox 642 4314 717 4399; x_wconf 89' lang='lat' dir='ltr'><strong>ipso</strong></span> <span class='ocrx_word' id='word_1_321' title='bbox 741 4311 826 4378; x_wconf 85' lang='lat' dir='ltr'><strong>loco.</strong></span> <span class='ocrx_word' id='word_1_322' title='bbox 851 4309 895 4378; x_wconf 91' lang='lat' dir='ltr'><strong>ad</strong></span> <span class='ocrx_word' id='word_1_323' title='bbox 920 4307 1083 4396; x_wconf 88' lang='lat' dir='ltr'><strong>completi</strong></span> <span class='ocrx_word' id='word_1_324' title='bbox 1101 4309 1167 4395; x_wconf 88' lang='lat' dir='ltr'><strong>ipsi</strong></span> <span class='ocrx_word' id='word_1_325' title='bbox 1184 4313 1261 4376; x_wconf 90' lang='grc'>6666</span> <span class='ocrx_word' id='word_1_326' title='bbox 1277 4309 1365 4377; x_wconf 91' lang='lat' dir='ltr'><strong>anni</strong></span> <span class='ocrx_word' id='word_1_327' title='bbox 1387 4309 1500 4379; x_wconf 89' lang='lat' dir='ltr'><strong>licead</strong></span> <span class='ocrx_word' id='word_1_328' title='bbox 1524 4315 1645 4378; x_wconf 89' lang='grc'>66666</span> <span class='ocrx_word' id='word_1_329' title='bbox 1668 4311 1800 4377; x_wconf 89' lang='grc'>6666666</span> <span class='ocrx_word' id='word_1_330' title='bbox 1823 4309 1988 4378; x_wconf 83' lang='lat' dir='ltr'><strong>creditus</strong></span> <span class='ocrx_word' id='word_1_331' title='bbox 2014 4311 2097 4380; x_wconf 91' lang='lat' dir='ltr'><strong>inde</strong></span> 
     </span>
     <span class='ocr_line' id='line_1_26' title="bbox 256 4461 2102 4548; baseline -0.002 -14"><span class='ocrx_word' id='word_1_332' title='bbox 256 4468 359 4536; x_wconf 80' lang='lat' dir='ltr'><strong>exire</strong></span> <span class='ocrx_word' id='word_1_333' title='bbox 381 4487 463 4536; x_wconf 88' lang='lat' dir='ltr'><strong>cum</strong></span> <span class='ocrx_word' id='word_1_334' title='bbox 487 4467 602 4534; x_wconf 85' lang='lat' dir='ltr'><strong>omnis</strong></span> <span class='ocrx_word' id='word_1_335' title='bbox 626 4469 747 4534; x_wconf 88' lang='lat' dir='ltr'><strong>nostra</strong></span> <span class='ocrx_word' id='word_1_336' title='bbox 772 4481 882 4532; x_wconf 88' lang='lat' dir='ltr'><strong>causa</strong></span> <span class='ocrx_word' id='word_1_337' title='bbox 905 4465 942 4529; x_wconf 89' lang='lat' dir='ltr'><strong>et</strong></span> <span class='ocrx_word' id='word_1_338' title='bbox 966 4461 1019 4530; x_wconf 92' lang='lat' dir='ltr'><strong>ire</strong></span> <span class='ocrx_word' id='word_1_339' title='bbox 1044 4463 1105 4530; x_wconf 86' lang='lat' dir='ltr'><strong>ubi</strong></span> <span class='ocrx_word' id='word_1_340' title='bbox 1121 4461 1348 4548; x_wconf 88' lang='lat' dir='ltr'><strong>boluerimus,</strong></span> <span class='ocrx_word' id='word_1_341' title='bbox 1361 4466 1397 4529; x_wconf 90' lang='lat' dir='ltr'><strong>et</strong></span> <span class='ocrx_word' id='word_1_342' title='bbox 1411 4461 1537 4530; x_wconf 87' lang='lat' dir='ltr'><strong>inclita</strong></span> <span class='ocrx_word' id='word_1_343' title='bbox 1553 4462 1630 4548; x_wconf 90' lang='lat' dir='ltr'><strong>ipsa</strong></span> <span class='ocrx_word' id='word_1_344' title='bbox 1647 4463 1752 4528; x_wconf 85' lang='lat' dir='ltr'><strong>rebus</strong></span> <span class='ocrx_word' id='word_1_345' title='bbox 1768 4461 1932 4531; x_wconf 88' lang='lat' dir='ltr'><strong>laborata</strong></span> <span class='ocrx_word' id='word_1_346' title='bbox 1948 4467 1984 4530; x_wconf 92' lang='grc'><strong>66</strong></span> <span class='ocrx_word' id='word_1_347' title='bbox 1998 4463 2102 4532; x_wconf 89' lang='lat' dir='ltr'><strong>clusa</strong></span> 
     </span>
     <span class='ocr_line' id='line_1_27' title="bbox 261 4613 2103 4708; baseline -0.002 -21"><span class='ocrx_word' id='word_1_348' title='bbox 261 4623 486 4691; x_wconf 89' lang='lat' dir='ltr'><strong>remittamus</strong></span> <span class='ocrx_word' id='word_1_349' title='bbox 507 4621 553 4692; x_wconf 92' lang='lat' dir='ltr'><strong>ad</strong></span> <span class='ocrx_word' id='word_1_350' title='bbox 576 4623 747 4708; x_wconf 89' lang='lat' dir='ltr'><strong>potestate</strong></span> <span class='ocrx_word' id='word_1_351' title='bbox 771 4619 883 4707; x_wconf 87' lang='lat' dir='ltr'><strong>ipsius</strong></span> <span class='ocrx_word' id='word_1_352' title='bbox 905 4617 1072 4702; x_wconf 85' lang='lat' dir='ltr'><strong>ecclesie,</strong></span> <span class='ocrx_word' id='word_1_353' title='bbox 1096 4621 1131 4684; x_wconf 95' lang='grc'><strong>66</strong></span> <span class='ocrx_word' id='word_1_354' title='bbox 1154 4633 1216 4701; x_wconf 88' lang='lat' dir='ltr'><strong>per</strong></span> <span class='ocrx_word' id='word_1_355' title='bbox 1239 4617 1331 4683; x_wconf 88' lang='lat' dir='ltr'><strong>bona</strong></span> <span class='ocrx_word' id='word_1_356' title='bbox 1353 4613 1613 4683; x_wconf 85' lang='lat' dir='ltr'><strong>combenientia</strong></span> <span class='ocrx_word' id='word_1_357' title='bbox 1636 4617 1700 4682; x_wconf 83' lang='lat' dir='ltr'><strong>etc.</strong></span> <span class='ocrx_word' id='word_1_358' title='bbox 1727 4615 1876 4682; x_wconf 81' lang='lat' dir='ltr'><strong>Statutu</strong></span> <span class='ocrx_word' id='word_1_359' title='bbox 1905 4618 2021 4684; x_wconf 80' lang='lat' dir='ltr'><strong>multa</strong></span> <span class='ocrx_word' id='word_1_360' title='bbox 2050 4618 2103 4685; x_wconf 84' lang='lat' dir='ltr'><strong>ci·</strong></span> 
     </span>
     <span class='ocr_line' id='line_1_28' title="bbox 256 4766 2103 4862; baseline -0.003 -20"><span class='ocrx_word' id='word_1_361' title='bbox 256 4778 350 4862; x_wconf 73' lang='grc'>66666</span> <span class='ocrx_word' id='word_1_362' title='bbox 373 4777 568 4845; x_wconf 79' lang='lat' dir='ltr'><strong>solidorum</strong></span> <span class='ocrx_word' id='word_1_363' title='bbox 590 4777 676 4842; x_wconf 76' lang='lat' dir='ltr'><strong>ouri</strong></span> <span class='ocrx_word' id='word_1_364' title='bbox 697 4772 1082 4843; x_wconf 81' lang='lat' dir='ltr'><strong>constantinianorum.</strong></span> <span class='ocrx_word' id='word_1_365' title='bbox 1117 4773 1236 4837; x_wconf 87' lang='lat' dir='ltr'><strong>tamen</strong></span> <span class='ocrx_word' id='word_1_366' title='bbox 1261 4773 1296 4836; x_wconf 92' lang='lat' dir='ltr'><strong>et</strong></span> <span class='ocrx_word' id='word_1_367' title='bbox 1319 4767 1526 4836; x_wconf 88' lang='lat' dir='ltr'><strong>annualiter</strong></span> <span class='ocrx_word' id='word_1_368' title='bbox 1551 4769 1597 4837; x_wconf 91' lang='lat' dir='ltr'><strong>ad</strong></span> <span class='ocrx_word' id='word_1_369' title='bbox 1626 4769 1774 4836; x_wconf 87' lang='lat' dir='ltr'><strong>missum</strong></span> <span class='ocrx_word' id='word_1_370' title='bbox 1805 4766 1919 4855; x_wconf 90' lang='lat' dir='ltr'><strong>ipsius</strong></span> <span class='ocrx_word' id='word_1_371' title='bbox 1949 4769 2103 4839; x_wconf 89' lang='lat' dir='ltr'><strong>ecclesie</strong></span> 
     </span>
     <span class='ocr_line' id='line_1_29' title="bbox 258 4921 2100 5016; baseline -0.004 -19"><span class='ocrx_word' id='word_1_372' title='bbox 258 4929 381 4998; x_wconf 90' lang='lat' dir='ltr'><strong>demus</strong></span> <span class='ocrx_word' id='word_1_373' title='bbox 405 4932 484 5016; x_wconf 85' lang='lat' dir='ltr'><strong>ipsa</strong></span> <span class='ocrx_word' id='word_1_374' title='bbox 507 4928 794 5014; x_wconf 89' lang='lat' dir='ltr'><strong>palmentateoa,</strong></span> <span class='ocrx_word' id='word_1_375' title='bbox 818 4921 910 4992; x_wconf 90' lang='lat' dir='ltr'><strong>sicut</strong></span> <span class='ocrx_word' id='word_1_376' title='bbox 932 4921 1147 4990; x_wconf 89' lang='lat' dir='ltr'><strong>consuetudo</strong></span> <span class='ocrx_word' id='word_1_377' title='bbox 1174 4927 1227 4991; x_wconf 91' lang='lat' dir='ltr'><strong>est</strong></span> <span class='ocrx_word' id='word_1_378' title='bbox 1257 4923 1299 4991; x_wconf 91' lang='lat' dir='ltr'><strong>de</strong></span> <span class='ocrx_word' id='word_1_379' title='bbox 1324 4925 1508 5010; x_wconf 84' lang='grc'>66661666,</span> <span class='ocrx_word' id='word_1_380' title='bbox 1532 4929 1568 4992; x_wconf 89' lang='lat' dir='ltr'><strong>et</strong></span> <span class='ocrx_word' id='word_1_381' title='bbox 1590 4924 1685 4990; x_wconf 90' lang='lat' dir='ltr'><strong>bunc</strong></span> <span class='ocrx_word' id='word_1_382' title='bbox 1710 4923 1854 4990; x_wconf 90' lang='lat' dir='ltr'><strong>brebem</strong></span> <span class='ocrx_word' id='word_1_383' title='bbox 1878 4922 2005 5008; x_wconf 90' lang='lat' dir='ltr'><strong>scripsi</strong></span> <span class='ocrx_word' id='word_1_384' title='bbox 2031 4940 2100 5010; x_wconf 82' lang='lat' dir='ltr'><strong>ego</strong></span> 
     </span>
     <span class='ocr_line' id='line_1_30' title="bbox 259 5056 1010 5168; baseline -0.005 -17"><span class='ocrx_word' id='word_1_385' title='bbox 259 5083 418 5154; x_wconf 91' lang='lat' dir='ltr'><strong>ademari</strong></span> <span class='ocrx_word' id='word_1_386' title='bbox 441 5083 604 5152; x_wconf 87' lang='lat' dir='ltr'><strong>notarius</strong></span> <span class='ocrx_word' id='word_1_387' title='bbox 628 5056 691 5168; x_wconf 85' lang='lat' dir='ltr'><strong>qui</strong></span> <span class='ocrx_word' id='word_1_388' title='bbox 714 5080 878 5148; x_wconf 80' lang='lat' dir='ltr'><strong>interlui.</strong></span> <span class='ocrx_word' id='word_1_389' title='bbox 1009 5111 1010 5114; x_wconf 37' lang='lat'>¹</span> 
     </span>
    </p>

    <p class='ocr_par' dir='ltr' id='par_1_8' title="bbox 306 5209 1152 5326">
     <span class='ocr_line' id='line_1_31' title="bbox 306 5209 1152 5326; baseline -0.009 -21"><span class='ocrx_word' id='word_1_390' title='bbox 306 5209 336 5326; x_wconf 94' lang='lat'>†</span> <span class='ocrx_word' id='word_1_391' title='bbox 360 5255 427 5324; x_wconf 84' lang='lat' dir='ltr'><strong>ego</strong></span> <span class='ocrx_word' id='word_1_392' title='bbox 451 5237 512 5323; x_wconf 90' lang='lat' dir='ltr'><strong>qui</strong></span> <span class='ocrx_word' id='word_1_393' title='bbox 536 5253 644 5322; x_wconf 88' lang='lat' dir='ltr'><strong>supra</strong></span> <span class='ocrx_word' id='word_1_394' title='bbox 667 5233 761 5305; x_wconf 92' lang='lat' dir='ltr'><strong>maio</strong></span> <span class='ocrx_word' id='word_1_395' title='bbox 783 5233 958 5321; x_wconf 89' lang='lat' dir='ltr'><strong>presbiter</strong></span> <span class='ocrx_word' id='word_1_396' title='bbox 982 5237 1017 5299; x_wconf 92' lang='lat' dir='ltr'><strong>et</strong></span> <span class='ocrx_word' id='word_1_397' title='bbox 1041 5232 1152 5299; x_wconf 89' lang='lat' dir='ltr'><strong>abbas</strong></span> 
     </span>
    </p>

    <p class='ocr_par' dir='ltr' id='par_1_9' title="bbox 304 5363 1078 5479">
     <span class='ocr_line' id='line_1_32' title="bbox 304 5363 1078 5479; baseline -0.016 -18"><span class='ocrx_word' id='word_1_398' title='bbox 304 5363 334 5479; x_wconf 91' lang='lat'><em>†</em></span> <span class='ocrx_word' id='word_1_399' title='bbox 359 5408 425 5479; x_wconf 85' lang='lat' dir='ltr'><strong>ego</strong></span> <span class='ocrx_word' id='word_1_400' title='bbox 448 5392 571 5478; x_wconf 90' lang='lat' dir='ltr'><strong>petrus</strong></span> <span class='ocrx_word' id='word_1_401' title='bbox 593 5388 768 5475; x_wconf 89' lang='lat' dir='ltr'><strong>presbiter</strong></span> <span class='ocrx_word' id='word_1_402' title='bbox 792 5391 828 5454; x_wconf 88' lang='lat' dir='ltr'><strong>et</strong></span> <span class='ocrx_word' id='word_1_403' title='bbox 851 5384 1078 5473; x_wconf 84' lang='lat' dir='ltr'><strong>primicerius</strong></span> 
     </span>
    </p>

    <p class='ocr_par' dir='ltr' id='par_1_10' title="bbox 304 5517 1095 5634">
     <span class='ocr_line' id='line_1_33' title="bbox 304 5517 1095 5634; baseline -0.016 -18"><span class='ocrx_word' id='word_1_404' title='bbox 304 5517 334 5633; x_wconf 89' lang='lat'>†</span> <span class='ocrx_word' id='word_1_405' title='bbox 359 5564 426 5634; x_wconf 85' lang='lat' dir='ltr'><strong>ego</strong></span> <span class='ocrx_word' id='word_1_406' title='bbox 448 5543 612 5613; x_wconf 88' lang='lat' dir='ltr'><strong>alderissi</strong></span> <span class='ocrx_word' id='word_1_407' title='bbox 636 5539 799 5611; x_wconf 90' lang='lat' dir='ltr'><strong>notarius</strong></span> <span class='ocrx_word' id='word_1_408' title='bbox 822 5559 878 5609; x_wconf 90' lang='lat' dir='ltr'><strong>me</strong></span> <span class='ocrx_word' id='word_1_409' title='bbox 902 5536 1095 5624; x_wconf 86' lang='lat' dir='ltr'><strong>subscripsi</strong></span> 
     </span>
    </p>
   </div>
   <div class='ocr_carea' id='block_1_8' title="bbox 301 5673 618 5788">
    <p class='ocr_par' dir='ltr' id='par_1_11' title="bbox 301 5673 618 5788">
     <span class='ocr_line' id='line_1_34' title="bbox 301 5673 618 5788; baseline -0.016 -18"><span class='ocrx_word' id='word_1_410' title='bbox 301 5673 331 5788; x_wconf 91' lang='lat'><em>†</em></span> <span class='ocrx_word' id='word_1_411' title='bbox 356 5717 423 5788; x_wconf 83' lang='lat' dir='ltr'><strong>ego</strong></span> <span class='ocrx_word' id='word_1_412' title='bbox 446 5698 618 5768; x_wconf 89' lang='lat' dir='ltr'><strong>ademari.</strong></span> 
     </span>
    </p>
   </div>
   <div class='ocr_carea' id='block_1_9' title="bbox 944 5852 1380 5864">
    <p class='ocr_par' dir='ltr' id='par_1_12' title="bbox 944 5852 1380 5864">
     <span class='ocr_line' id='line_1_35' title="bbox 944 5852 1380 5864; baseline 0 -2"><span class='ocrx_word' id='word_1_413' title='bbox 944 5852 1380 5864; x_wconf 60' lang='lat' dir='ltr'><strong>m</strong></span> 
     </span>
    </p>
   </div>
   <div class='ocr_carea' id='block_1_10' title="bbox 408 5970 535 6030">
    <p class='ocr_par' dir='ltr' id='par_1_13' title="bbox 408 5970 535 6030">
     <span class='ocr_line' id='line_1_36' title="bbox 408 5970 535 6030; baseline 0.031 -4"><span class='ocrx_word' id='word_1_414' title='bbox 408 5970 468 6028; x_wconf 76' lang='lat' dir='ltr'><strong>Tou</strong></span> <span class='ocrx_word' id='word_1_415' title='bbox 500 5988 535 6030; x_wconf 83' lang='lat' dir='ltr'><strong>rr.</strong></span> 
     </span>
    </p>
   </div>
   <div class='ocr_carea' id='block_1_11' title="bbox 0 0 2660 7079">
    <p class='ocr_par' dir='ltr' id='par_1_14' title="bbox 0 0 2660 7079">
     <span class='ocr_line' id='line_1_37' title="bbox 0 0 2660 7079; baseline 0 0"><span class='ocrx_word' id='word_1_416' title='bbox 0 0 2660 7079; x_wconf 95' lang='lat' dir='ltr'><strong> </strong></span> 
     </span>
    </p>
   </div>
  </div>
 </body>
</html>
