5318 7102
1255 536 1617 617 CAPITULAlllA

738 885 781 944 IN
804 815 965 945 NOMINU
988 884 1133 946 DOMINI
1155 887 1308 949 NOSTRI
1331 891 1455 954 IHESU
1478 892 1643 956 CHRISTI
1667 895 1867 960 LODOIGUS
1890 896 2136 960 IMPERATOR

945 1029 973 1088 A
995 1029 1076 1090 1)Εο
1099 1029 1346 1094 CORONATUS
1370 1035 1671 1100 SERENISSIMUS
1695 1039 1924 1106 AUGUSTUS.

1135 1337 1501 1428 LODOICUS
1545 1344 1736 1430 REX't

509 1677 684 1750 unirent
709 1695 816 1750 oouur
844 1695 1011 1751 nonorcus
1037 1696 1249 1750 tirrannron.

511 1833 678 1908 Omnibus
704 1837 894 1930 episcopia,
923 1835 1120 1920 abbatibus,
1149 1835 1316 1922 ducibuS,
1346 1837 1549 1923 comitibus,
1580 1862 1637 1910 seo
1664 1842 1800 1911 cunctis
1835 1839 1994 1913 lidelibus
2029 1845 2180 1930 nostris,
2211 1845 2363 1939 capitula

556 2019 643 2088 quae
671 1971 770 2066 nobis
797 1995 922 2066 addere
950 1995 1090 2090 placuit.

509 2154 547 2228 Si
572 2156 649 2248 quis
676 2155 710 2224 in
739 2155 805 2226 alia
830 2157 963 2250 patria,
992 2155 1046 2229 uel
1073 2165 1209 2250 propter
1236 2156 1343 2228 aliunr
1369 2154 1597 2243 beneficium,
1627 2159 1682 2228 vel
1708 2168 1845 2254 propter
1879 2160 2126 2253 alioquolibet
2155 2163 2365 2260 lroccasiouc

556 2317 754 2388 conuersari
782 2317 882 2402 solet,
911 2315 1063 2408 qualibet
1089 2339 1192 2387 causa
1218 2317 1324 2388 luerit
1351 2315 1602 2409 interpellatus,
1631 2315 1678 2388 ibi
1705 2319 1898 2390 seeundum
1925 2321 2162 2416 suarnlegenr
2191 2322 2363 2394 iustitiam

446 2573 451 2584 ι
555 2475 670 2562 faeiat,
691 2484 724 2545 et
742 2499 821 2545 curn
848 2477 914 2546 tale
942 2475 1076 2567 qualenr
1104 2475 1138 2543 in
1166 2475 1287 2545 eodenr
1315 2475 1456 2568 regione
1475 2473 1529 2546 vel
1547 2476 1725 2569 provincia
1751 2501 1870 2548 seeum
1898 2479 2022 2550 habere
2050 2482 2210 2572 potuerit,
2241 2487 2366 2552 eoniu-

556 2632 726 2705 ratoribus
752 2631 774 2728 ²)
802 2633 994 2726 legit-imunt
1022 2641 1273 2703 sacranrentern
1301 2631 1403 2717 iuret,
1432 2643 1607 2727 etscepto
1634 2635 1663 2704 si
1690 2636 1873 2729 quiscum
1904 2637 1946 2708 de
1977 2645 2064 2708 stato
2092 2663 2167 2722 suo,
2198 2639 2289 2710 idest
2318 2641 2362 2709 dc

554 2793 725 2878 libertate,
756 2794 809 2864 vel
836 2795 877 2862 de
905 2793 1096 2865 hereditate
1131 2793 1292 2886 quernei
1320 2800 1415 2886 pater
1441 2815 1524 2863 suus
1551 2801 1709 2864 rnortuus
1735 2794 1943 2886 dereliquid,
1973 2796 2206 2889 appellaverit,
2237 2799 2279 2868 de
2307 2798 2362 2874 his

553 2951 688 3025 duobus
715 2954 816 3024 liceat
842 2953 873 3023 ei
902 2962 1157 3025 sacramentum
1184 2955 1217 3021 in
1246 2951 1353 3046 patria
1380 2976 1454 3036 sua,
1475 2951 1564 3022 idest
1584 2951 1618 3020 in
1645 2951 1839 3045 legitimum
1867 2962 2121 3026 sacramentum
2148 2955 2224 3026 loca
2244 2957 2363 3028 iuran-

478 3103 481 3108 ’
554 3115 635 3184 durn
662 3111 794 3183 afferre.
824 3113 865 3182 Et
891 3112 944 3182 lis
970 3111 1028 3204 qui
1055 3135 1134 3182 cum
1161 3134 1202 3180 eo
1229 3110 1422 3204 litigantur,
1443 3111 1471 3180 si
1490 3110 1579 3180 velle
1607 3122 1771 3203 sequatur
1796 3113 1896 3184 illurn
1924 3114 1959 3183 in
1988 3117 2095 3208 patria
2121 3115 2162 3186 ad
2190 3116 2364 3212 recipien-

554 3273 637 3344 dum
664 3273 776 3366 ipsurn
803 3280 1069 3342 sacramentum.
1098 3269 1172 3362 lpse
1200 3278 1267 3340 tarn
1295 3269 1414 3363 prioris
1442 3271 1475 3339 in
1503 3271 1623 3341 eodenr
1651 3271 1728 3343 loeo
1754 3273 1945 3346 satisfaciat
1971 3284 2049 3346 ante
2077 3299 2194 3347 coines
2212 3285 2247 3348 et
2266 3277 2358 3348 iudi-

546 3937 569 4016 Ι)
591 3934 617 3996 11
642 3935 741 4014 foglio
764 3939 825 3998 220
846 3955 935 3996 uerso
959 3941 1176 4015 rappresenta
1198 3935 1359 3998 Lcdovicc
1384 3939 1531 4012 Augusto
1555 3934 1589 3993 in
1612 3933 1715 4012 piedi.
1741 3920 1766 3992 E
1792 3934 1912 3993 vestito
1938 3932 2003 3992 alla
2026 3933 2116 3994 reale
2141 3935 2365 3996 ericcanren-

505 4090 549 4145 te:
574 4103 619 4144 un
643 4090 750 4146 manto
774 4083 972 4162 imperiale,
997 4081 1164 4162 pendente
1188 4084 1245 4161 pir'r
1269 4083 1355 4144 dalla
1378 4083 1514 4142 sinistra
1537 4082 1641 4160 spalla
1665 4101 1724 4142 ove
1748 4083 1775 4142 si
1801 4081 1966 4159 raceoglie
1991 4082 2025 4141 in
2049 4081 2144 4154 nodo,
2162 4083 2207 4159 gli
2233 4085 2364 4148 scende

503 4229 613 4291 insino
636 4249 652 4290 a
676 4249 785 4290 mezzo
807 4228 934 4304 gamha:
961 4227 1052 4303 larga
1074 4245 1195 4286 corona
1219 4227 1261 4286 ha
1283 4227 1335 4287 sul
1359 4246 1461 4306 capo,
1487 4229 1577 4289 nella
1610 4247 1705 4288 mano
1729 4230 1840 4288 destra
1872 4248 1918 4287 un
1941 4227 2040 4310 lungo
2063 4234 2199 4302 scettro,
2227 4237 2361 4292 rnentre

501 4397 563 4440 eon
587 4379 618 4438 la
640 4379 778 4438 sinistra
802 4375 912 4436 addila
927 4375 958 4436 le
984 4376 1073 4452 leggi
1096 4375 1311 4434 sottoseritte.
1344 4375 1447 4453 Sopra
1476 4373 1507 4434 la
1537 4376 1652 4450 ligura,
1685 4377 1826 4435 formate
1854 4391 1872 4433 a
1897 4373 2017 4435 lettere
2041 4374 2171 4468 unciali
2193 4376 2305 4438 binate
2329 4379 2366 4438 si

501 4525 640 4603 leggono
665 4524 695 4585 le
719 4523 832 4604 parole
866 4521 1049 4586 honoreus
1082 4521 1180 4596 Rex,
1216 4521 1248 4580 la
1270 4521 1377 4601 prima
1405 4519 1493 4598 delle
1524 4521 1612 4598 quali
1637 4526 1654 4580 e
1679 4520 1785 4580 divisa
1808 4521 1851 4614 13Ι
1873 4520 1948 4592 due,
1981 4525 2093 4582 merce
2123 4520 2212 4582 della
2235 4543 2360 4584 corona

506 4669 570 4731 che
595 4670 624 4730 13
650 4677 822 4730 tramezza:
849 4675 932 4730 sotto
955 4669 1021 4750 poi,
1040 4670 1074 4728 in
1090 4669 1144 4748 pie
1168 4667 1200 4727 di
1224 4667 1354 4746 pagina,
1379 4666 1408 4724 si
1431 4665 1514 4726 vede
1538 4667 1653 4726 scritto
1677 4665 1709 4725 la
1730 4665 1865 4726 rubrica
1886 4681 1956 4744 cap.
1980 4665 2064 4729 dom.
2088 4665 2237 4730 lodoicus
2258 4669 2365 4749 impe-

503 4821 611 4889 rator,
637 4816 677 4875 ed
701 4815 724 4876 il
747 4814 912 4894 principio
935 4812 1158 4892 de'capitolari
1183 4812 1214 4872 di
1238 4818 1355 4890 questo
1379 4830 1427 4870 re.
1453 4811 1605 4886 Seorgesi
1632 4811 1752 4872 incltre
1777 4829 1794 4869 3
1816 4829 1933 4871 manea
1956 4811 2237 4891 dell'lrnperatore
2255 4816 2373 4876 un'al·

503 4965 554 5022 tra
577 4961 682 5038 figura
704 4960 842 5030 d’ucrno,
868 4958 1072 5019 nobilnrente
1096 4958 1227 5029 vestito,
1254 4957 1314 5016 che
1339 4955 1429 5014 liene
1454 4974 1513 5016 con
1531 4954 1624 5014 ambo
1648 4953 1678 5014 le
1696 4955 1783 5014 rnani
1801 4973 1843 5012 un
1861 4953 1947 5014 libro
1963 4963 2088 5035 aperto.
2106 4956 2144 5016 V.
2163 4959 2365 5023 lac-simile.

545 5108 571 5168 11
596 5111 692 5171 Pertz
715 5128 765 5187 op.
784 5127 826 5180 c.‚
845 5107 997 5167 descrivc
1021 5105 1195 5167 benanehe
1217 5108 1334 5181 questa
1357 5101 1462 5177 ligura
1485 5100 1517 5158 di
1542 5099 1702 5160 Lcdovicc
1719 5102 1884 5176 Augusto;
1903 5121 1954 5161 rna
1978 5101 2070 5162 nulla
2091 5103 2165 5164 dice
2189 5104 2275 5165 delle
2301 5125 2369 5170 sue

503 5255 592 5333 lengi
615 5253 758 5316 secondo
783 5253 806 5312 il
830 5258 941 5312 nostro
965 5251 1145 5312 Codice-u
1170 5249 1283 5325 Foglio
1306 5248 1377 5308 233.
1397 5247 1435 5306 A.
1452 5245 1488 5307 ln
1509 5244 1669 5310 nomine...
1687 5253 1859 5325 augustus.
1885 5248 1974 5308 Colla
1990 5268 2109 5311 corona
2126 5269 2142 5310 e
2160 5251 2368 5331 l'inrperiale

505 5421 520 5458 3
546 5399 704 5460 mantello
728 5397 889 5459 Lcdovicc
913 5403 1002 5456 resta
1026 5396 1058 5455 in
1082 5394 1170 5476 piedi
1197 5413 1258 5454 con
1282 5393 1371 5453 nella
1394 5393 1505 5454 destra
1527 5411 1572 5451 un
1596 5393 1695 5469 lungo
1719 5399 1854 5464 soettro,
1873 5393 1938 5453 3113
1961 5395 2097 5456 sinistra
2120 5415 2164 5455 un
2188 5416 2285 5458 uomo
2311 5401 2371 5461 col

505 5567 520 5604 3
547 5545 660 5609 codice
684 5545 746 5625 (eol
770 5545 855 5606 libro
878 5542 967 5605 delle
992 5543 1116 5620 Leggi).
1141 5537 1292 5619 Capitula
1316 5546 1380 5600 etc.
1408 5562 1435 5598 u.

545 5696 608 5759 Nel
631 5697 751 5760 Codice
777 5697 922 5758 Cavense
947 5696 956 5754 i
981 5691 1159 5774 Capitolari
1182 5691 1213 5750 di
1239 5691 1398 5754 Lcdovicc
1422 5692 1479 5754 Pio
1503 5710 1582 5751 sono
1606 5690 1714 5751 scritti
1737 5690 1844 5769 prinra
1867 5691 1899 5750 di
1922 5691 2025 5769 quelli
2051 5691 2082 5751 di
2113 5693 2242 5771 Pipino.

543 5837 568 5925 ¹)
590 5845 705 5905 Anche
730 5843 752 5905 il
776 5843 909 5904 Baluzio
933 5843 974 5902 ha
996 5839 1275 5914 coniuratorum
1301 5839 1323 5898 il
1346 5839 1430 5900 llur.
1456 5839 1573 5898 inrecc
1592 5833 1814 5914 juratoribus.
