5376 7094
628 522 678 588 -ltl
1225 525 1396 592 tltltttll
1432 525 1698 594 dtl'llh'sts

581 745 713 813 tiorum
732 749 920 834 attendunt,
937 748 1199 834 possidendum,
1216 749 1484 836 dominandum,
1509 749 1629 816 omnia
1647 747 1776 817 exinde
1794 746 1995 816 faciendum
2011 746 2103 832 quod
2121 745 2349 832 uoluerimus,
2366 748 2429 812 ahs

581 917 649 982 quo
674 900 768 966 omni
795 901 1084 968 contrarietatem
1112 899 1222 986 ipsius
1240 903 1333 969 leoni
1348 906 1384 970 et
1400 903 1442 970 de
1460 904 1538 970 eius
1555 903 1688 971 eredas.
1707 903 1749 971 de
1764 921 1835 988 qua
1851 921 1913 989 per
1930 917 2021 968 vona
2037 897 2326 966 convenientiam
2341 916 2429 983 gua-

577 1051 637 1118 dia
663 1051 750 1118 mihi
777 1052 850 1137 ipse
877 1104 1028 1118 .....
1053 1053 1149 1119 dedit
1174 1059 1209 1120 et
1231 1053 1461 1124 mediatorem
1485 1054 1572 1122 mihi
1588 1055 1705 1144 posuit
1722 1055 1894 1122 iohannes
1910 1053 2114 1121 atrianense
2138 1048 2233 1116 filius
2250 1045 2425 1128 mansoni;

581 1213 616 1270 et
641 1224 702 1292 per
728 1205 804 1292 ipsa
827 1206 958 1292 guallia
983 1206 1158 1293 obligavit
1182 1225 1218 1274 se
1241 1209 1277 1273 et
1301 1208 1376 1274 suis
1399 1207 1587 1294 eraditus,
1611 1214 1649 1274 ut
1673 1209 1702 1274 si
1727 1183 1874 1292 aliquit,
1905 1205 1949 1274 de
1971 1205 2064 1290 quod
2087 1203 2250 1290 superius
2273 1200 2429 1288 legitur,

579 1355 750 1442 quesierit
775 1375 955 1424 remouere
980 1361 1043 1424 aut
1066 1361 1254 1442 contrare5
1279 1363 1343 1424 aut
1365 1358 1396 1424 si
1420 1359 1664 1446 quodcumque
1688 1363 1931 1429 causationem
1962 1359 2005 1427 de
2029 1359 2106 1444 ipsa
2130 1361 2251 1425 nostra
2273 1353 2426 1422 sortione

543 1571 545 1576 .
577 1510 814 1596 preposuerit,
838 1529 1048 1598 componere
1071 1510 1243 1596 obligavit
1267 1529 1304 1578 se
1329 1511 1402 1598 ipse
1427 1512 1479 1578 loo
1502 1517 1538 1579 et
1562 1513 1636 1580 suis
1658 1514 1822 1580 eredibus
1840 1512 1928 1579 mihi
1945 1511 2084 1596 meique
2101 1509 2265 1577 eredlhus
2280 1513 2421 1576 centum

576 1662 656 1728 auri
684 1662 812 1730 solidos
837 1666 1093 1750 constantines
1118 1669 1154 1731 et
1178 1663 1266 1733 talia
1290 1667 1392 1732 nohis
1413 1667 1612 1750 nostrisque
1629 1665 1794 1732 eredihus
1810 1665 2005 1750 adinplere.
2023 1666 2178 1748 tantum,
2194 1663 2225 1728 si
2242 1662 2286 1729 de
2302 1681 2424 1750 supra-

580 1815 674 1883 dicte
698 1817 804 1884 sortis
830 1837 889 1903 per
906 1819 1020 1903 legem
1038 1817 1310 1902 perdiderimus
1335 1820 1467 1903 absque
1485 1817 1637 1884 colludio
1663 1838 1756 1886 unus
1779 1817 1931 1888 alterum
1950 1817 2042 1886 iusta
2058 1816 2233 1884 rationem
2252 1817 2348 1882 inter
2365 1833 2427 1881 nos

581 1977 616 2037 et
643 1970 773 2035 nostris
798 1967 963 2048 eredihus
988 1969 1118 2038 exinde
1143 1977 1386 2038 restauremus
1411 1988 1473 2055 per
1499 1967 1706 2055 supradicta
1729 1968 1862 2055 guadio
1885 1972 1920 2036 et
1945 1968 2104 2068 obligata
2130 1985 2234 2053 pena:
2254 1975 2431 2037 verumta-

579 2141 660 2186 men
688 2123 761 2206 ipse
787 2121 839 2188 leo
864 2127 900 2189 et
924 2141 1005 2188 suos
1027 2123 1149 2189 eredes
1172 2125 1303 2190 abeant
1328 2123 1386 2190 hia
1409 2121 1503 2188 omni
1528 2127 1683 2208 tempore
1708 2141 1769 2208 per
1794 2120 1871 2208 ipsa
1888 2141 1966 2189 mea
1981 2120 2173 2188 sectionem
2197 2139 2260 2206 per
2277 2119 2355 2206 ipsa
2372 2121 2428 2188 hia

579 2273 640 2360 qui
667 2278 719 2340 est
743 2295 764 2341 a
789 2274 951 2360 meridie,
975 2294 1085 2360 usque
1109 2274 1146 2340 in
1171 2274 1229 2344 hia
1251 2277 1313 2360 qui
1336 2279 1389 2342 est
1404 2296 1425 2342 a
1441 2293 1524 2360 pars
1540 2275 1699 2360 orientis²
1715 2281 1751 2342 et
1766 2294 1829 2361 per
1846 2276 1922 2361 ipsa
1940 2274 1997 2342 hia
2013 2275 2300 2344 desscendentem
2318 2293 2427 2360 usque

583 2427 619 2492 in
645 2426 701 2492 hia
728 2425 883 2512 plupica.
907 2433 943 2494 et
967 2447 1034 2494 une
1059 2429 1200 2495 hrchem
1223 2427 1348 2512 scripsi
1373 2445 1437 2512 ego
1461 2427 1681 2512 grimoaldus
1705 2427 1866 2494 notarius
1890 2430 1949 2512 qui
1977 2429 2136 2496 interlui.

624 2553 654 2667 †
679 2600 744 2666 ego
767 2580 925 2668 desigius

624 2705 654 2820 †
680 2753 745 2816 ego
768 2735 888 2816 ppido.

1388 3282 1628 3360 DLXIV.

1359 3544 1413 3618 A.
1443 3541 1493 3617 D.
1523 3538 1650 3619 1004.

621 3747 660 3886 ‚†
685 3800 725 3862 ln
750 3798 892 3865 nominc
915 3797 1051 3865 domini
1076 3799 1242 3866 vicesimo
1268 3800 1372 3868 tertio
1396 3819 1491 3868 anno
1514 3801 1739 3888 principatus
1756 3804 1877 3870 domni
1895 3805 2040 3891 paldolti
2057 3806 2232 3894 gloriosus
2248 3809 2426 3899 princeps,

580 3968 701 4018 mense
719 3952 885 4037 mantuo,
900 3952 1054 4021 secunda
1080 3952 1286 4021 indictione.
1312 3957 1381 4021 Nos
1406 3953 1418 4019 i
1443 3972 1564 4021 sumus
1590 3952 1706 4022 maria
1724 3953 1801 4022 fllia
1817 3957 1981 4045 sparam,
1997 3963 2033 4026 et
2047 3977 2115 4045 que
2131 3979 2209 4028 sum
2227 3980 2318 4030 uxor
2333 3964 2429 4033 adel-

577 4105 642 4172 feri
670 4104 736 4172 filii
761 4105 869 4190 rocci,
894 4111 929 4173 et
951 4107 1133 4192 dot'erada,
1157 4113 1193 4174 et
1209 4100 1406 4194 'ageltruda
1429 4126 1601 4194 germane
1624 4106 1695 4176 fllie
1720 4109 1838 4177 mauri
1862 4110 2100 4199 declaramus,
2126 4132 2190 4182 nos
2214 4119 2320 4184 ahere
2344 4139 2423 4188 casu

579 4257 678 4326 intus
702 4259 886 4327 civitatem
912 4258 1059 4326 abellini
1086 4259 1286 4346 propinquo
1311 4260 1388 4345 ipsa
1412 4265 1515 4346 porta
1533 4260 1770 4346 pertinentem
1787 4260 1896 4329 michi
1914 4264 2029 4334 marie
2046 4285 2068 4333 a
2084 4266 2289 4353 supradicto
2306 4290 2427 4338 mauro

578 4414 639 4499 qui
667 4416 736 4482 luit
759 4415 938 4484 anteriore
965 4415 1041 4482 viro
1065 4435 1153 4503 meo,
1178 4417 1434 4504 perscriptum
1459 4417 1703 4503 morgincaht‚
1728 4420 1819 4503 quod
1844 4425 1931 4505 aput
1955 4439 2010 4488 me
2034 4421 2216 4491 firmatum
2241 4431 2425 4513 ratonem,

580 4566 653 4634 alio
678 4567 735 4632 die
760 4573 878 4635 nostre
903 4567 1138 4654 copulationis
1162 4569 1354 4636 sectmdum
1380 4568 1493 4654 legem
1509 4565 1619 4633 michi
1637 4567 1806 4634 emissum
1826 4571 1914 4637 abeo
1930 4570 2045 4656 adque
2061 4572 2256 4662 firmatum,
2274 4579 2310 4643 et
2327 4577 2427 4643 nohis

580 4717 745 4785 doteradc
771 4725 806 4787 et
830 4720 1013 4788 adaltrude
1038 4717 1093 4789 est
1115 4721 1352 4808 pertinentem
1377 4739 1439 4806 per
1456 4720 1714 4786 sulrcessionem
1730 4739 1752 4786 a
1768 4722 1972 4807 supradicto
1987 4723 2151 4808 genitore
2169 4731 2303 4815 nostre,
2320 4739 2354 4797 et
2371 4751 2426 4797 su-

580 4869 742 4955 pradicto
768 4873 884 4938 ntauri
910 4872 978 4938 suit
1002 4873 1239 4959 pertinentem
1262 4873 1308 4938 da
1331 4871 1550 4958 grimoaldus
1574 4871 1668 4938 filius
1692 4871 1842 4942 balsami
1867 4881 1903 4942 et
1917 4877 1963 4946 da
1979 4878 2097 4946 maria
2115 4897 2204 4946 uxor
2222 4881 2337 4968 ipsius
2352 4886 2425 4970 gri-

585 5021 730 5107 moaldi,
756 5029 790 5089 et
818 5021 929 5108 ipsius
954 5021 1144 5109 grimoaldi
1170 5023 1237 5090 luit
1261 5025 1498 5108 pertinentem
1515 5027 1560 5092 da
1576 5028 1797 5095 musamdarn
1814 5027 1888 5097 tilia
1905 5029 2065 5098 richardi
2078 5051 2147 5118 que
2162 5032 2230 5100 suit
2248 5052 2339 5102 uxor
2355 5037 2429 5104 ala.-

581 5177 705 5243 manni
724 5175 788 5241 tllii
807 5175 945 5260 sillieti,
962 5179 997 5241 et
1013 5175 1059 5242 da
1075 5176 1193 5262 grima
1211 5175 1287 5244 ntia
1303 5177 1388 5244 celsi
1404 5197 1472 5262 que
1489 5185 1542 5246 est
1561 5199 1649 5247 uxor
1667 5182 1824 5250 richardi
1841 5184 2088 5254 archidiaconi
2114 5191 2149 5254 et
2175 5187 2243 5254 filii
2266 5189 2359 5256 idem
2386 5193 2431 5256 ri-

580 5327 720 5413 chardi,
745 5332 780 5394 et
798 5328 909 5412 ipsius
925 5327 1097 5395 musande
1109 5327 1178 5395 suit
1191 5327 1428 5412 pertinentem
1440 5350 1462 5397 a
1475 5333 1679 5417 supradicto
1691 5333 1883 5404 alamanno
1897 5337 1975 5404 viro
1991 5357 2054 5406 suo
2069 5359 2132 5426 per
2149 5340 2323 5427 scriptum
2341 5361 2428 5408 mor-

579 5478 741 5564 cincaht,
765 5483 801 5546 et
828 5480 939 5566 ipsius
963 5482 1079 5567 grimo
1105 5479 1173 5548 suit
1188 5482 1426 5567 pertinentem
1449 5503 1471 5550 a
1495 5486 1698 5571 supradicto
1722 5487 1886 5558 richardo
1902 5492 2155 5561 archidiacono
2178 5491 2257 5559 viro
2280 5513 2344 5562 suo
2368 5517 2427 5582 per

577 5635 751 5720 scriptum
767 5638 1006 5722 morginehat,
1022 5641 1054 5702 et
1070 5635 1265 5721 supradicti
1285 5637 1445 5704 richardi
1462 5639 1736 5707 archidiaconus
1752 5641 1820 5708 tuit
1835 5640 2075 5729 pertinentem
2091 5665 2114 5715 a
2130 5648 2338 5733 supradicto
2355 5649 2427 5717 ala-

580 5801 716 5851 manno
739 5794 889 5872 eupnato
915 5808 990 5856 stro.
1017 5789 1114 5853 llodo
1137 5788 1278 5873 quidem
1305 5807 1500 5875 congruum
1529 5792 1629 5856 nohis
1653 5797 1703 5854 est
1732 5794 1807 5876 ipsa
1833 5814 1937 5880 casa,
1964 5801 2002 5864 ut
2027 5798 2203 5886 diximuS,
2229 5819 2310 5867 cum
2336 5803 2429 5887 ipsas
