1548 1960
381 226 420 245 *ὶῇἱῖ
739 232 820 251 CODEX
836 224 958 246 CAVENSIS

762 298 923 322 DCLXVIII.

770 349 797 368 A.
810 347 835 366 D.
849 346 910 366 1013.

397 384 415 419 †
429 397 449 414 ln
461 400 540 417 nomine
551 401 618 417 domim·
630 397 692 416 domno
704 397 753 414 basili
765 395 827 412 dibina
838 395 899 417 gratia
911 395 1007 416 imperator
1018 395 1101 417 augusto,
1110 395 1140 412 deo
1149 398 1215 419 propitius
1220 402 1259 423 ‹iuiu-

376 434 483 457 quagesimo
495 437 573 458 septimo
582 440 630 453 anno
638 434 707 456 imperii
719 433 764 454 eius,
772 433 790 450 et
802 437 842 449 cum
854 437 874 450 eo
887 434 974 455 regnante
985 433 1050 450 domno
1061 434 1167 451 constantino
1176 436 1218 455 trater
1227 440 1263 463 eiua,

377 472 498 490 sanctissimis
511 474 648 495 imperatoribus
657 472 728 493 nostris,
737 475 797 488 mense
806 471 912 493 september,
920 471 1024 488 duodecima
1031 471 1137 488 indictione.
1145 472 1203 495 Ideoque
1212 480 1238 498 ego
1244 478 1265 495 vir

377 510 449 527 nomine
461 510 540 528 iohanne
551 511 599 527 filius
611 509 698 532 quondam
711 509 794 531 lueerini,
803 509 834 531 qui
842 514 881 526 sum
893 510 1023 526 commorantes
1035 509 1084 526 intus
1095 509 1167 527 cibitate
1176 511 1234 535 lucarie,
1240 515 1268 533 012.

377 548 443 565 resacio
458 548 508 565 enim
522 553 550 565 me
562 548 681 570 pertinentem
697 548 750 565 abere
761 552 785 565 ex
797 548 897 569 predictum
908 548 1007 570 genitorem
1019 552 1078 565 meum
1094 549 1142 565 huno
1153 549 1199 567 casile
1208 551 1271 570 bacinum

376 587 423 603 foras
439 586 492 604 iuxta
508 587 546 609 ipso
562 591 613 603 muro
624 586 665 603 uius
677 586 745 608 prefate
756 586 807 603 urbis
819 586 885 603 lucerie
900 586 936 603 had
948 586 986 608 ipsa
998 586 1102 608 pusterula,
1114 591 1148 608 que
1160 590 1273 609 cognominatur

375 624 472 647 normali-li,
484 629 518 646 que
531 625 546 641 is
557 624 641 642 iamdicto
652 624 707 642 casile
719 624 773 641 michi
785 624 836 641 illum
848 624 922 642 vindere
933 628 1032 646 congruum
1044 625 1071 641 est
1083 626 1101 642 et
1112 624 1167 642 michi
1178 626 1233 645 exinde
1243 634 1276 647 mea

375 663 490 685 congruitate
501 662 636 685 perficiendum,
647 667 702 684 quam
713 663 731 679 et
739 667 773 684 ego
780 662 845 679 mulier
853 662 925 680 nomine
933 663 986 680 horsa
993 663 1012 680 et
1019 662 1058 680 fllia
1065 663 1154 684 quondam
1162 664 1209 685 (deest
1220 669 1280 688 nomen)

375 705 411 722 que
423 705 463 718 sum
475 705 520 718 uxor
532 701 577 722 eiuS,
589 701 685 718 clarefecio
695 701 750 723 enim,
762 701 806 723 quia
818 701 837 717 in
848 700 877 718 die
888 701 1007 722 copulationis
1019 702 1079 718 nostre
1090 701 1112 718 de
1123 702 1202 719 omnibus
1213 705 1259 722 rebus
1268 708 1283 723 et

376 739 493 757 facultatibus
508 739 546 756 suis
561 741 645 761 quartam
660 741 728 761 partem
745 739 799 756 michi
816 739 876 756 emisit
891 743 923 760 per
937 743 990 756 suum
1004 739 1088 761 scriptum
1101 740 1207 762 murgincap
1217 742 1248 759 hab
1259 743 1286 760 illo

376 778 431 795 michi
444 778 541 795 firmatum.
554 778 583 795 Set
595 778 688 796 audientes
700 782 732 795 nos
744 783 766 795 ea
776 783 811 800 que
823 778 842 795 in
854 777 908 795 edicti
923 777 1002 800 capitulo
1016 779 1106 800 continet,
1120 779 1167 800 quod
1183 780 1241 797 mulier
1253 781 1287 799 siue

375 816 442 834 notitia
455 816 517 838 iudici,
530 817 562 834 aut
573 817 612 834 sine
622 821 709 833 consensu
721 818 797 838 parentu
808 821 887 838 suorum,
899 816 926 833 vel
938 816 965 833 illi
973 816 993 833 in
1001 817 1052 834 cuius
1063 817 1137 835 mundio
1148 818 1209 840 fuerit,
1216 818 1236 836 ds
1243 820 1290 837 rebus

375 854 414 872 suis
425 854 482 872 nichil
495 854 559 872 stabile
571 855 630 872 facere
641 854 726 876 potuerit,
738 854 787 871 Unde
798 859 830 876 pro
837 857 858 871 oe
865 855 971 876 hopseerare
979 855 1018 877 cepi
1025 855 1100 872 eundem
1108 856 1137 873 vir
1145 861 1202 878 meus,
1213 861 1265 878 quain
1275 860 1291 875 et

377 894 441 914 petrus
452 893 501 910 tilius
513 892 601 914 quondam
613 892 687 910 martini
696 894 714 909 et
722 892 803 914 iaquinto
811 892 860 909 nlius
867 893 955 914 quondam
963 893 1034 915 sesami,
1043 893 1074 915 qui
1081 894 1124 911 sunt
1131 894 1236 915 parentibus
1244 898 1293 918 atque

374 931 528 948 consentientibus
540 931 591 953 meis,
604 932 624 948 ut
635 930 691 948 michi
703 931 828 952 prenominate
840 930 911 948 mulieri
922 935 960 947 esse
972 931 1110 953 consentientes,
1122 932 1177 949 atilli
1190 933 1244 951 michi
1256 939 1296 951 eon-

374 969 473 987 sentientes
485 970 564 987 fuerunt.
576 970 646 987 Interea
658 974 695 987 una
705 974 747 986 cum
758 969 818 986 eodem
830 969 858 986 vir
870 973 926 991 meus,
934 974 988 991 quam
996 970 1014 986 et
1025 969 1116 987 iamdictis
1127 971 1232 992 parentibus
1243 973 1297 994 atque

374 1008 529 1025 consentientibus
541 1008 595 1030 meis,
608 1013 668 1026 coram
679 1007 771 1030 presentia
782 1008 840 1025 sillitti
854 1008 931 1025 iudicem
943 1008 1019 1030 ibimus,
1032 1010 1050 1026 et
1061 1009 1103 1026 aliis
1115 1009 1212 1027 nobiliores
1223 1011 1299 1028 homini-

373 1046 406 1063 bus
417 1047 449 1068 qui
461 1046 491 1063 hie
502 1048 563 1068 supter
575 1046 670 1068 conscripti
683 1048 731 1068 sunt,
743 1046 816 1068 ibimus,
828 1047 846 1063 et
858 1047 905 1064 hanc
917 1051 990 1064 causam
1000 1047 1017 1064 ei
1025 1052 1056 1069 per
1068 1048 1161 1065 hordinem
1174 1049 1299 1066 intimabimus

373 1086 427 1107 atque
440 1089 481 1102 eum
493 1085 643 1106 hopsecrabimus,
652 1085 672 1101 ut
680 1084 735 1101 miehi
748 1085 872 1106 prenominate
884 1085 955 1102 mulieri
963 1086 1044 1107 preberet
1056 1085 1148 1103 licentiam
1158 1087 1250 1104 vindendi.
1259 1088 1302 1104 Pre-

372 1123 440 1144 phatus
452 1122 513 1144 iudex,
525 1122 567 1139 dum
579 1123 612 1139 hoc
624 1122 710 1144 audisset,
722 1122 769 1144 cepit
781 1127 808 1139 me
820 1122 917 1145 diligenter
929 1123 1027 1146 inquirere,
1036 1128 1059 1141 ne
1067 1124 1112 1142 sorte
1121 1125 1157 1142 hab
1168 1125 1206 1147 ipso
1213 1126 1253 1142 viro
1262 1130 1303 1147 meo

372 1162 404 1178 aut
415 1161 480 1183 quabis
491 1161 568 1178 ominem
579 1161 659 1182 aliquam
671 1162 742 1182 pateret
753 1160 845 1178 violentia.
858 1162 895 1183 Ego
911 1166 953 1179 vero
968 1163 1035 1184 absque
1052 1163 1088 1181 ulla
1104 1163 1202 1186 violentia,
1214 1165 1241 1182 set
1252 1169 1302 1182 vona.

371 1204 410 1216 mea
421 1199 496 1221 patefeci
509 1203 547 1216 esse
560 1199 671 1220 volumptate
683 1199 750 1220 absque
761 1199 799 1216 ulla
810 1199 906 1217 violentia:
919 1200 1011 1222 predictus
1024 1201 1084 1223 iudex,
1093 1201 1135 1218 dum
1144 1203 1210 1224 absque
1218 1203 1256 1220 ulla
1264 1203 1303 1220 vio-

371 1236 428 1254 lentia
443 1241 475 1254 nos
486 1241 524 1254 esse
536 1236 657 1258 conspexisset
668 1237 686 1253 et
697 1240 743 1253 vona
758 1237 874 1258 hagnobisset
890 1238 992 1261 volumtate,
1009 1239 1048 1256 ideo
1062 1239 1118 1256 michi
1130 1240 1201 1257 firmam
1214 1240 1301 1258 vindendi

371 1274 437 1291 tribuit
450 1274 548 1292 licentiam.
561 1275 602 1292 Post
614 1276 688 1296 accepta
699 1279 777 1296 namque
790 1275 881 1293 licentiam
894 1276 930 1293 hab
941 1276 1000 1294 eodem
1013 1277 1097 1299 iudicem,
1109 1279 1128 1295 et
1139 1278 1186 1295 iusta
1199 1278 1256 1300 legem
1268 1279 1303 1296 mi-

370 1313 402 1330 clii
415 1313 556 1330 consentientem
567 1313 604 1335 ipse
616 1314 644 1330 vir
655 1318 705 1330 meus
717 1318 771 1335 quarn
779 1315 797 1331 et
804 1314 893 1331 iamdictis
905 1315 1009 1336 parentibus
1021 1316 1075 1337 atque
1087 1317 1240 1334 consentientibus
1248 1318 1301 1339 mem,

369 1352 402 1373 qui
414 1351 434 1369 in
449 1351 511 1369 eadem
525 1353 576 1369 carta
590 1356 627 1369 una
642 1352 734 1369 nobiseum
748 1357 822 1369 manum
838 1353 967 1375 inposuerunt,
982 1353 1009 1371 sic
1024 1354 1075 1371 nobis
1090 1359 1189 1376 congruum
1204 1357 1223 1373 et
1237 1357 1301 1377 aptum

369 1394 408 1407 esse
420 1390 498 1412 videtur,
511 1386 557 1407 vona
568 1390 635 1407 etenim
647 1391 709 1408 nostra
721 1390 829 1412 volumptate
842 1396 874 1413 per
885 1392 932 1408 lianc
942 1396 1011 1413 quoque
1023 1392 1105 1410 videlicet
1116 1393 1204 1411 cartulam
1217 1394 1301 1411 vindedi-

370 1433 410 1445 inus
422 1428 457 1445 tibi
468 1429 579 1446 rossemanni
592 1428 629 1446 filio
641 1428 713 1446 micheli
725 1428 816 1450 integrum
823 1430 841 1446 et
849 1429 929 1446 (unditus
937 1429 975 1452 ipso
982 1430 1036 1447 casile
1044 1436 1079 1452 que
1086 1432 1128 1449 abet
1139 1432 1190 1449 lines.
1203 1432 1227 1450 De
1239 1433 1297 1454 prima

369 1471 421 1489 pam,
439 1467 486 1489 quod
500 1468 528 1484 est
542 1468 565 1485 ab
581 1467 620 1489 ipsa
636 1469 686 1485 terra
701 1468 758 1485 baeua
775 1467 871 1485 liamhrosii
888 1468 921 1485 fllii
934 1469 991 1490 petri,
1007 1469 1048 1486 inde
1060 1471 1102 1487 sunt
1113 1475 1144 1492 per
1156 1470 1232 1488 latitudo
1244 1471 1296 1493 pedes

369 1504 434 1526 viginti
447 1506 495 1523 tros:
507 1506 531 1523 De
542 1505 621 1523 secunda
632 1510 681 1528 pars,
689 1505 736 1527 quod
747 1507 774 1523 est
785 1506 808 1523 ab
822 1505 860 1527 ipsa
872 1506 901 1523 via
913 1506 990 1528 publica,
1003 1511 1037 1528 que
1050 1508 1098 1525 recte
1114 1508 1173 1530 pergit
1184 1509 1207 1526 ad
1219 1508 1259 1531 ipsa
1272 1510 1297 1527 la-

368 1542 466 1565 bandaria,
483 1543 524 1561 inde
536 1544 577 1561 sunt
588 1543 608 1560 in
623 1543 715 1565 longitudo
730 1543 782 1565 pedes
794 1543 937 1565 quinquaginta:
950 1545 974 1561 De
986 1545 1040 1562 tertia
1052 1550 1132 1567 *namque
1143 1550 1195 1568 pars,
1208 1547 1256 1568 quod
1271 1548 1297 1565 est
