5334 7098
640 556 710 626 208
1289 547 1462 618 CODEX
1495 546 1761 617 CAVENSIS

593 781 682 846 Dum
706 780 745 845 in
770 777 826 847 dei
851 775 1103 863 omnipotentis
1126 791 1256 843 nomen
1272 776 1308 841 te
1324 771 1466 859 quidem
1489 769 1623 858 garitia
1646 770 1724 838 filia
1740 769 1879 836 romani
1899 769 1938 834 in
1957 783 2075 834 meum
2091 764 2242 833 sociabit
2258 765 2428 856 coniugio,

591 937 677 1000 tunc
701 931 740 997 in
765 930 838 999 alia
861 946 1000 1016 quoque
1023 928 1081 996 die
1104 925 1317 1013 nuptiarum
1346 927 1551 992 nostrarum
1575 941 1638 1009 per
1656 922 1799 1008 nuptias
1823 923 1963 988 nostras
1987 924 2070 988 ante
2094 922 2261 1006 parentes
2284 923 2320 986 et
2343 919 2425 988 ami-

592 1102 651 1150 cos
667 1085 804 1150 nostros
822 1079 1016 1148 secundum
1033 1079 1125 1147 ritus
1141 1076 1259 1165 gentis
1275 1079 1395 1168 nostre
1413 1075 1741 1161 langnobardorum
1763 1073 1865 1143 trado
1886 1077 1923 1140 et
1944 1073 2112 1140 confirmo
2129 1069 2195 1138 tibi
2210 1069 2338 1139 dilecte
2354 1087 2428 1137 con·

593 1233 672 1322 iugi
695 1253 772 1302 mee
797 1231 953 1300 libellum
979 1230 1152 1316 scriptum
1176 1232 1212 1295 et
1235 1247 1258 1294 a
1284 1226 1433 1295 testibus
1456 1244 1545 1293 vene
1568 1227 1786 1310 roboratum,
1810 1223 1903 1309 quod
1926 1227 1980 1290 est
2002 1221 2241 1308 morgincap,
2269 1225 2428 1306 quartam

592 1384 760 1452 videlicet
782 1387 923 1470 partem
948 1399 993 1450 ex
1017 1381 1207 1448 homnibus
1231 1381 1337 1445 rebus
1361 1379 1573 1464 supstantiis
1597 1379 1698 1464 meis3
1722 1379 2066 1464 primitusnamque
2081 1375 2124 1444 de
2139 1373 2233 1444 casis
2248 1379 2285 1443 et
2299 1373 2428 1462 basilis,

594 1537 689 1624 quod
712 1539 801 1605 abeo
826 1535 923 1603 infra
946 1533 1155 1602 cibitatibus
1179 1535 1215 1598 et
1237 1529 1393 1598 castellis
1417 1535 1453 1598 et
1474 1531 1665 1617 casalibus,
1690 1531 1745 1598 vel
1770 1531 1985 1618 ubicumque
2008 1533 2141 1599 abuero
2167 1531 2273 1597 rebus
2302 1534 2339 1596 et
2359 1547 2431 1597 mea

588 1689 707 1757 ruerit
730 1689 965 1776 pertinentia,
982 1704 1090 1772 quam
1106 1689 1141 1751 et
1157 1681 1381 1750 extrinsecus
1407 1682 1563 1768 ipsorum
1579 1682 1682 1770 casis,
1699 1687 1773 1750 tam
1797 1687 1832 1750 et
1854 1683 1897 1749 de
1920 1683 2084 1749 omnibus
2107 1680 2196 1748 meis
2219 1679 2427 1766 possibilita-

594 1843 706 1928 tibus,
731 1843 774 1909 de
798 1840 988 1907 mobilibus
1011 1843 1047 1905 et
1070 1837 1352 1921 inmobentibus,
1377 1835 1420 1902 de
1444 1837 1557 1904 serbis
1580 1836 1635 1903 vel
1652 1835 1809 1924 ancillis,
1826 1837 1869 1904 de
1884 1835 2024 1922 peculia
2046 1837 2159 1920 parba
2175 1839 2211 1903 et
2227 1853 2372 1922 magna,
2388 1837 2427 1904 de

592 2001 745 2082 paterna
768 1997 1003 2078 maternaque
1027 1990 1242 2073 substantia,
1267 1989 1314 2068 de,
1333 1990 1456 2058 omnia
1478 1995 1514 2057 et
1537 1991 1576 2057 in
1600 1991 1777 2077 omnibus,
1801 1990 1930 2076 quibus
1954 1989 2055 2056 modo
2078 1990 2165 2057 abeo
2188 1993 2224 2056 et
2244 1990 2372 2074 quibus
2394 1988 2430 2056 in

591 2151 712 2234 antea,
743 2146 808 2213 deo
840 2142 1064 2227 auxiliante,
1097 2157 1226 2227 parare
1259 2144 1295 2207 et
1327 2141 1498 2226 conquire
1529 2147 1687 2229 potuero,
1721 2147 1833 2210 toturn
1857 2147 1965 2229 atque
1989 2144 2171 2228 integram
2193 2143 2309 2229 ipsam
2333 2141 2433 2210 istam

593 2305 762 2386 quartam
787 2301 926 2384 partem
952 2299 990 2363 in
1014 2298 1077 2362 tua
1101 2295 1243 2380 quidem
1266 2293 1417 2360 huxoris
1441 2311 1517 2360 mee
1541 2293 1715 2361 constituo
1739 2297 1960 2379 potestatem,
1979 2293 2076 2360 velut
2092 2291 2130 2358 in
2146 2293 2254 2362 edicti
2277 2293 2431 2360 continet

593 2456 778 2542 paginam,
802 2459 843 2521 ut
866 2455 904 2519 iu
928 2454 1049 2520 futuro
1073 2470 1136 2537 pro
1161 2452 1255 2517 hanc
1279 2467 1425 2516 causam
1451 2448 1650 2534 periurium
1666 2466 1737 2514 non
1753 2453 1953 2534 percurrat.
1973 2449 2011 2512 ln
2035 2466 2079 2516 ea
2095 2447 2231 2515 scilicet
2245 2449 2432 2531 rationem,

594 2615 636 2676 ut
654 2593 779 2677 amodo
794 2610 830 2673 et
847 2623 984 2691 semper
1000 2604 1122 2672 eadem
1138 2607 1303 2689 quartam
1328 2605 1467 2686 partem
1483 2618 1529 2666 ex
1545 2600 1576 2665 is
1592 2599 1754 2666 omnibus
1778 2616 1846 2683 que
1868 2599 2077 2685 prelegitur,
2094 2604 2130 2666 et
2145 2598 2275 2684 quoda
2299 2618 2356 2667 me
2379 2619 2433 2668 ac·

591 2763 750 2846 cepistis,
774 2764 809 2827 et
832 2758 987 2844 egotibi
1012 2754 1220 2822 confirmabi
1245 2758 1280 2822 et
1302 2752 1464 2838 tradidit,
1489 2715 1613 2820 securo
1638 2755 1781 2821 nomine
1805 2755 1912 2821 abeas
1935 2756 1971 2821 et
1985 2753 2184 2839 possideas
2211 2757 2247 2820 et
2262 2754 2422 2840 quicquit

591 2914 725 2983 exinde
750 2932 857 3000 agere
882 2911 935 2980 vel
961 2911 1122 2978 iudicare
1152 2908 1303 2976 voluerit
1327 2912 1515 2992 sequenter
1540 2906 1673 2992 legem,
1696 2911 1782 2972 tunc
1805 2905 1968 2974 stabilem
1983 2905 2143 2974 ordinem
2160 2909 2372 2992 permaneat
2395 2908 2427 2974 in

592 3070 764 3154 perpetuo
789 3070 965 3151 ternpore,
989 3064 1067 3130 sine
1097 3059 1382 3128 contradictione
1404 3079 1484 3128 mea
1507 3060 1563 3127 vel
1586 3061 1629 3129 de
1653 3061 1740 3127 meis
1764 3062 1972 3147 heredibus,
1989 3063 2053 3129 aut
2068 3062 2323 3146 cuiuscumque
2348 3061 2433 3129 orni-

593 3222 700 3302 nibus
732 3217 1025 3303 requisitionem,
1056 3221 1109 3282 set
1139 3217 1176 3280 in
1206 3231 1246 3282 eo
1274 3213 1390 3281 tinore
1422 3214 1564 3281 firmum
1592 3219 1628 3281 et
1649 3213 1785 3299 [stabile
1815 3219 2036 3299 permaneat,
2069 3233 2173 3299 quem
2197 3217 2232 3280 te
2255 3213 2426 3282 deusdede

594 3370 786 3440 diaconum
809 3373 846 3435 et
869 3367 1048 3435 notarium
1072 3369 1164 3434 hanc
1188 3365 1394 3453 quartulam
1418 3367 1444 3448 ¹)
1466 3366 1681 3454 murgincap
1707 3367 1861 3434 scribere
1883 3367 2102 3454 rogabimus.
2135 3369 2262 3434 Actum
2286 3367 2327 3434 in
2352 3364 2433 3431 cibi-

592 3525 669 3591 tate
693 3520 842 3589 Lucerie
865 3517 926 3605 qui
950 3523 986 3588 et
1011 3518 1177 3604 interlui,
1202 3519 1321 3586 Mense
1345 3521 1381 3584 et
1412 3516 1604 3586 indictione
1635 3519 1868 3604 superscripsi
1894 3517 2061 3588 feliciter.

638 3646 669 3760 †
694 3693 759 3761 ego
783 3671 910 3741 sillitto
933 3671 1051 3740 iudice
1610 3627 1613 3636 .

638 3799 669 3913 †
695 3844 759 3912 ego
783 3825 907 3893 ientile
931 3825 1094 3892 clericus

591 4177 1042 4192 ffl-

630 4426 653 4503 ')
675 4424 873 4502 quartaldum,
899 4419 986 4481 idest
1009 4419 1204 4480 chartulam.
