5318 7102
875 575 1056 650 REGUM
1091 575 1422 650 FRANGORUM
1984 583 2029 654 dl

267 809 299 872 te
326 823 402 871 esse
428 801 575 872 debeant
601 824 661 896 per
688 798 747 870 illa
772 799 849 872 loca
875 802 898 897 ¹)
926 825 1028 896 super
1055 803 1127 896 ipsa
1153 803 1316 890 llumina,
1347 803 1545 876 nullatenus
1573 811 1732 899 potuerat
1759 829 1836 877 esse
1862 805 2010 880 debcant
2035 807 2075 900 ²).

219 957 352 1032 Placuit
378 957 477 1032 nobis
504 959 546 1030 de
573 957 629 1030 illa
657 958 797 1046 lamina,
813 959 927 1036 ,cuius
954 959 1099 1032 maritus
1126 961 1160 1031 in
1189 961 1320 1033 francia
1339 985 1415 1036 esse
1435 961 1582 1046 videtur,
1604 963 1702 1034 missi
1721 964 1829 1035 nostri
1848 987 1908 1059 per
1926 987 2072 1059 regnum

266 1129 422 1194 nostrum
448 1117 570 1190 debeat
595 1118 782 1212 inquirere,
811 1120 839 1188 si
866 1142 985 1190 eorum
1013 1119 1179 1190 iustitiam
1206 1121 1257 1190 sic
1283 1121 1430 1216 pleniter
1447 1119 1587 1204 habent,
1608 1121 1698 1194 sicut
1724 1121 1790 1193 luit
1817 1122 1926 1193 iussio
1953 1123 2073 1194 domni

268 1277 375 1348 nostri
402 1277 524 1363 karoli,
552 1278 602 1348 An
631 1301 699 1348 non
725 1280 764 1374 ³);
792 1287 826 1348 et
852 1279 881 1349 si
908 1279 958 1349 sic
984 1276 1154 1366 habuerit,
1182 1277 1282 1366 bene,
1303 1281 1356 1350 sin
1377 1289 1492 1353 autem
1511 1281 1684 1366 volumno,
1706 1290 1743 1353 ut
1763 1281 1827 1377 ipsi
1848 1281 1945 1354 missi
1964 1282 2076 1354 nostri

265 1463 343 1512 cum
371 1438 446 1534 ipso
472 1461 603 1526 comes,
625 1446 675 1524 ut,
697 1440 799 1512 ouius
825 1439 1060 1510 ministerium
1086 1447 1151 1526 est,
1181 1439 1229 1510 ita
1255 1441 1463 1534 compleant,
1493 1439 1585 1512 sicut
1611 1442 1684 1535 ipse
1711 1441 1852 1512 domino
1880 1450 1998 1514 nostro
2016 1441 2078 1514 de-

264 1599 443 1672 mandavit
467 1603 505 1695 ι).

216 1756 319 1830 Stetit
345 1757 456 1844 nobis,
488 1767 525 1832 ut
551 1760 674 1831 missas
701 1767 837 1832 nostras
863 1784 972 1831 unum
1001 1756 1237 1845 monachum,
1267 1768 1302 1830 et
1329 1757 1434 1831 alium
1461 1759 1701 1855 cappellanum
1728 1760 1957 1832 direxerimus
1985 1762 2076 1833 inl'ra

261 1941 410 2012 regnum
437 1925 594 1990 nostrum
621 1918 884 2013 prouidendum,
912 1920 968 1990 vel
995 1919 1241 2012 inquirendum
1269 1943 1329 2014 per
1357 1920 1564 1992 monasteria
1592 1918 1745 1990 uirorum
1773 1919 1828 1992 vel
1854 1919 2074 2015 puellarum,

261 2077 321 2171 qui
349 2076 412 2150 sub
438 2086 556 2149 sancta
583 2076 702 2171 regula
728 2076 844 2148 vibere
870 2077 1017 2161 debent,
1046 2079 1218 2171 quomodo
1244 2087 1297 2150 est
1323 2101 1443 2150 eorum
1470 2078 1660 2166 habitatio,
1689 2078 1743 2150 rel
1770 2081 1881 2173 qualis
1909 2087 1961 2150 est
1987 2078 2072 2166 rita,

259 2247 295 2310 et
320 2238 491 2332 quomodo
518 2259 801 2329 unumquemque
828 2236 1075 2308 monasterium
1102 2236 1143 2306 de
1171 2259 1225 2307 res
1253 2235 1377 2308 habere
1404 2238 1578 2322 ridentur,
1608 2238 1699 2310 unde
1727 2236 1845 2309 vibere
1871 2237 1979 2332 possit
1996 2239 2034 2333 ⁵).

211 2397 349 2482 Placuit
374 2399 486 2486 nobis,
517 2406 554 2470 ut
581 2397 698 2469 nullus
725 2421 841 2469 comes
868 2399 903 2467 in
930 2420 1050 2468 eorum
1078 2395 1231 2468 iuniores
1257 2398 1457 2470 nullatenus
1483 2405 1660 2492 presumat
1687 2397 1791 2470 alicui
1818 2397 1968 2470 hominis
1988 2405 2076 2470 atc-

259 2561 425 2634 stimonia
452 2559 605 2643 tollere,
642 2560 700 2655 qui
736 2583 793 2630 eas
824 2558 932 2654 possit
958 2559 1163 2651 conquirere
1192 2568 1294 2652 atquc
1320 2583 1468 2654 rogare3
1499 2558 1588 2630 etsi
1615 2559 1692 2652 quis
1719 2567 1839 2631 contra
1866 2558 1930 2630 hoe
1957 2560 2072 2632 Iacere

259 2721 535 2819 presumpserit,
564 2728 680 2790 nostra
706 2727 761 2790 est
786 2719 971 2803 voluntas,
1001 2728 1038 2789 ut
1064 2719 1136 2813 ipse
1164 2721 1198 2789 in
1226 2727 1343 2790 nostra
1370 2719 1485 2791 veniat
1511 2719 1701 2814 presentia,
1730 2733 1765 2790 et
1792 2717 1919 2790 ibidem
1947 2717 2071 2789 exinde

218 2975 221 2980 Ι
257 2883 364 2954 talem
391 2879 536 2975 accipiat
561 2858 744 2962 sententia,
773 2878 946 2971 quomodo
974 2887 1091 2948 nostra
1119 2879 1223 2950 luerit
1250 2880 1410 2952 voluntas
1437 2880 1476 2950 ad
1505 2880 1730 2952 iudicandum
1757 2877 1795 2974 ⁸).

212 3042 317 3116 Stetit
342 3041 442 3112 nobis
469 3041 511 3111 de
537 3040 616 3111 illos
642 3037 800 3110 homines
818 3037 946 3110 liberos
965 3036 1207 3134 langobardos,
1228 3048 1266 3111 ut
1284 3039 1461 3112 licentiam
1477 3038 1622 3110 habeant
1641 3061 1677 3108 se
1696 3037 2010 3110 commendandum
2029 3038 2069 3133 ²),

217 3337 394 3346 -n--m--—
428 3337 440 3342 —
474 3339 489 3342 -

251 3547 277 3624 Ι)
300 3547 365 3608 Per
387 3543 638 3620 l'intelligenza
662 3544 692 3604 di
718 3549 835 3622 questo
865 3545 962 3621 luogo
985 3546 1177 3624 rIportiamo
1202 3545 1253 3604 dal
1278 3551 1363 3606 testo
1385 3545 1609 3606 Muratoriano
1632 3544 1663 3605 le
1687 3544 1799 3624 parole
1824 3543 1885 3605 elne
1909 3559 2069 3604 mancano

210 3691 266 3753 nel
291 3691 368 3752 cod.
395 3691 490 3753 Gar:
514 3689 572 3753 utri
591 3689 660 3768 jam
681 3696 778 3754 antea
799 3690 864 3756 tuit
893 3690 1105 3755 consuetudo.
1136 3693 1215 3756 llam
1236 3710 1297 3773 per
1320 3692 1386 3755 alia
1407 3693 1479 3756 loca
1502 3707 1603 3772 super
1623 3691 1695 3770 Ipsa
1718 3687 1851 3753 tumida
1880 3686 2069 3752 nullatenus

208 3845 328 3921 pontes
351 3853 425 3904 esec
447 3836 603 3924 debeant,

249 3987 275 4068 ²)
296 3987 383 4048 Mur.
405 3989 474 4050 XX.

248 4136 274 4216 ³)
296 4136 360 4196 Ncl
382 4137 466 4198 Mur.
492 4134 574 4216 dopo
598 4135 629 4197 le
651 4134 765 4216 parole
789 4133 910 4200 domini
931 4133 1038 4199 nostri
1061 4153 1126 4195 non
1149 4134 1178 4194 si
1202 4133 1297 4212 legge
1321 4132 1345 4193 il
1370 4151 1465 4194 nome
1489 4129 1615 4205 karoli,
1633 4131 1674 4192 ed
1690 4131 1807 4193 invecc
1832 4131 1864 4192 di
1888 4147 1929 4196 an
1949 4145 2013 4194 non
2035 4131 2066 4192 si

207 4281 318 4361 leggc:
344 4287 497 4347 autnon.
523 4282 549 4342 Il
573 4287 685 4343 nostro
709 4280 786 4343 Cod.
812 4280 975 4342 concorda
998 4279 1047 4342 col
1072 4279 1219 4352 Boluzio,
1244 4279 1306 4341 che
1330 4298 1413 4360 pure
1438 4279 1491 4339 ha:
1515 4293 1557 4340 au
1578 4293 1652 4342 non.
1752 4360 1755 4366 .

246 4427 273 4508 ⁸)
296 4429 420 4501 Questa
449 4429 546 4506 legge
570 4427 734 4490 concorda
763 4427 813 4488 col
844 4429 882 4488 N.
915 4426 1043 4488 XLVIII
1067 4426 1120 4486 dcl
1144 4425 1241 4499 Mur„
1267 4426 1290 4486 il
1314 4425 1411 4505 quale
1435 4425 1525 4486 nella
1547 4427 1630 4486 Nota
1651 4423 1703 4506 63)
1724 4441 1798 4505 pag.
1823 4425 1884 4488 lut
1906 4425 1979 4487 dice
2003 4425 2066 4486 c'lre

207 4575 377 4660 puranche
400 4581 519 4655 questa
541 4574 637 4653 legge
655 4597 670 4634 u
688 4577 895 4648 desideratur
909 4577 947 4634 in
962 4575 1057 4635 editis
1074 4573 1365 4653 Lamponbordici83
1384 4575 1527 4636 sedeam
1541 4573 1766 4652 complectitur
1783 4571 1893 4634 Codecc
1910 4572 2082 4634 Cothedr.'

208 4744 223 4780 u
247 4722 370 4816 Morte,
393 4729 424 4784 et
440 4741 504 4801 pro
525 4673 629 4783 Italic
645 4723 887 4800 promulpatom
908 4722 1023 4799 fuisse,
1048 4725 1153 4780 tectus
1175 4721 1246 4797 ipse
1269 4721 1389 4780 colnoit
1413 4741 1440 4778 n.

248 4869 274 4948 ὅ)
295 4871 332 4930 In
356 4871 421 4931 fine
445 4869 477 4949 di
503 4874 621 4947 questa
644 4867 752 4946 legge,
778 4869 839 4928 che
864 4865 1027 4928 concorda
1042 4865 1092 4926 col
1108 4867 1148 4927 N.
1165 4866 1251 4939 XXI,
1276 4866 1300 4926 il
1325 4861 1409 4927 testo
1432 4866 1655 4927 Muratoriano
1671 4866 1725 4926 ha:
1743 4865 1951 4946 ecquomodo
1966 4867 2067 4946 quod-

205 5023 271 5097 que
292 5003 527 5081 IIonasterium
549 5015 671 5079 delicat
692 5015 826 5088 habere,
850 5013 936 5077 uude
958 5012 1074 5074 rivere
1096 5009 1212 5090 possit,
1238 5030 1255 5072 e
1280 5031 1356 5073 non:
1381 5012 1595 5093 ecquomodo
1624 4963 1877 5094 unumquodque
1900 5013 2065 5078 Itonastc·

206 5163 296 5226 rium
318 5152 358 5226 dc
380 5164 480 5228 rebus
501 5163 624 5226 habere
647 5161 792 5236 videtur,
816 5161 901 5226 unda
922 5158 1039 5224 rivcrc
1062 5156 1177 5238 possit,
1196 5162 1340 5219 siccome
1365 5156 1473 5218 hanno
1498 5157 1508 5217 i
1533 5157 1646 5220 Codici
1670 5159 1811 5220 Estensc
1836 5159 2064 5234 elllodenese‚

208 5307 263 5368 nel
288 5309 349 5370 che
375 5307 581 5371 concordano
605 5307 655 5369 col
679 5319 802 5368 nostro.

250 5454 274 5534 ⁶)
296 5456 369 5517 Mur
390 5455 490 5516 XXII.

250 5602 273 5682 ⁷)
294 5603 321 5664 II
344 5609 430 5666 testo
452 5604 675 5666 Muratoriano
697 5604 751 5664 ha:
776 5619 812 5667 cc
834 5599 1067 5676 commodandi¹
1085 5621 1103 5662 e
1121 5619 1184 5660 non
1209 5617 1300 5662 come
1325 5599 1354 5659 si
1377 5598 1472 5676 legge
1497 5599 1555 5660 nei
1578 5597 1691 5661 Codici
1715 5598 1904 5670 Modcnesi,
1930 5600 1985 5662 nel
2003 5603 2067 5663 Be·

55 5721 56 5724 Ἴ
87 5797 91 5802 .
207 5748 294 5812 luzio
318 5771 336 5812 e
361 5751 415 5812 nel
439 5758 562 5822 nostro,
586 5768 623 5815 ae
645 5747 945 5815 commendandum.
972 5773 988 5809 u
1012 5751 1052 5812 Se
1074 5751 1175 5812 alicui
1198 5748 1424 5814 commendare
1447 5755 1518 5810 erat
1539 5747 1741 5828 beneficium,
1767 5751 1824 5812 hoc
1846 5757 1893 5810 eat
1913 5751 2062 5832 feudum,

207 5917 223 5955 <r
250 5897 289 5958 ab
312 5897 422 5977 alieno
443 5901 597 5979 recipere,
622 5905 653 5960 ct
675 5897 862 5966 concedenti
885 5906 1051 5978 tamquam
1065 5899 1189 5960 seniori
1204 5895 1446 5961 sacramentum
1467 5896 1635 5976 fidelitatis
1652 5904 1837 5978 proestare:
1861 5897 1932 5960 Hoc
1953 5905 2066 5962 tamen
