5310 7080
609 523 655 592 oo
1255 515 1428 588 deunx
1462 516 1727 590 CAVENSIS

560 741 718 830 testatis
743 746 781 810 et
804 741 963 810 hibidem
987 735 1125 807 adesset
1149 739 1263 826 ipsum
1287 744 1408 824 petrus
1432 739 1586 808 iudicem
1602 742 1717 811 etalii
1741 743 1890 830 nobiles,
1915 760 2021 829 quem
2043 760 2090 810 ex
2113 745 2265 827 utraque
2289 745 2409 828 partes

559 895 855 981 commeabimus,
886 912 949 980 per
973 896 1066 961 bona
1089 892 1350 962 combenientia
1374 912 1436 979 per
1461 896 1554 962 hanc
1577 895 1808 963 scribtionem
1830 892 2121 962 commutationis
2145 892 2271 960 ordine
2296 892 2410 961 tradi-

560 1051 676 1118 dimus
699 1050 766 1118 tibi
790 1049 923 1119 maioni
949 1049 1140 1137 presbiteri
1171 1053 1208 1117 et
1238 1048 1376 1136 abbati,
1402 1067 1472 1118 una
1496 1052 1612 1115 tecum
1636 1053 1728 1116 esset
1752 1048 1952 1118 romoaldus
1976 1048 2224 1117 adbocatorem
2248 1049 2408 1114 nostrum

561 1203 623 1289 qui
646 1209 700 1270 est
723 1220 837 1270 comes
869 1207 904 1270 et
929 1221 1040 1270 unum
1063 1201 1106 1268 de
1129 1201 1277 1268 dominii
1303 1201 1460 1287 predicte
1486 1199 1656 1285 ecclesie,
1687 1202 1724 1267 et
1747 1199 1810 1267 alii
1837 1198 1986 1266 dominii
2011 1197 2126 1285 ipsius
2149 1196 2322 1284 ecclesie,
2347 1217 2411 1284 pro

560 1375 645 1440 pars
668 1359 704 1422 et
728 1355 805 1422 bice
829 1354 986 1441 predicte
1010 1353 1182 1420 hecclesie
1206 1355 1323 1420 sancti
1354 1351 1505 1420 maximi
1531 1352 1658 1420 inclita
1682 1351 1888 1438 supradicta
1913 1355 2019 1440 rebus
2043 1351 2155 1418 nostri
2179 1351 2409 1436 monasterii,

559 1505 621 1592 qui
646 1511 713 1592 est,
736 1508 829 1574 sicut
853 1507 1026 1590 diximus,
1049 1509 1148 1573 terra
1171 1525 1250 1572 cum
1274 1507 1419 1573 arbusto
1440 1508 1475 1570 et
1491 1504 1745 1573 abellanietum
1768 1509 1804 1571 et
1827 1505 2056 1589 quertictum,
2081 1507 2193 1572 toturn
2218 1503 2257 1570 in
2284 1521 2408 1588 unum,

561 1679 623 1746 per
646 1662 711 1726 hec
735 1661 818 1726 finis
843 1665 877 1727 et
895 1659 1086 1725 mensurio.
1114 1661 1244 1742 Apars
1267 1658 1462 1725 occidentis
1486 1659 1556 1725 fine
1579 1655 1639 1724 bia
1655 1657 1798 1742 antika,
1822 1660 1907 1722 sunt
1923 1655 2005 1723 inde
2029 1655 2125 1741 passi
2142 1655 2415 1742 duocentiquin-

562 1830 653 1896 que:
679 1832 702 1880 a
724 1830 808 1898 pars
832 1810 979 1879 meridie
1003 1811 1073 1876 tine
1097 1809 1248 1894 predicti
1272 1811 1505 1896 monasterii,
1533 1809 1614 1876 inde
1638 1811 1732 1896 passi
1756 1815 1898 1877 centum
1925 1807 2097 1893 sedecim,
2121 1811 2157 1874 et
2181 1811 2227 1875 ab
2252 1809 2333 1876 inde
2358 1829 2411 1877 re-

562 1964 725 2032 bolbente
742 1964 779 2028 in
796 1982 879 2048 pars
895 1961 1157 2048 septemtrionis
1172 1962 1264 2048 passi
1283 1960 1414 2047 biginti
1432 1965 1468 2026 et
1485 1961 1653 2046 medium,
1671 1965 1706 2027 et
1721 1963 1766 2027 ab
1784 1959 1867 2026 inde
1883 1959 2086 2026 robolbente
2103 1959 2142 2026 in
2159 1977 2243 2044 pars
2259 1960 2410 2028 orientis

561 2133 623 2200 per
648 2115 718 2182 llne
742 2113 852 2199 ipsius
876 2111 1082 2180 monasterii
1108 2116 1143 2179 ct
1165 2113 1403 2200 coniungente
1428 2111 1465 2178 in
1491 2111 1590 2177 ribus
1613 2115 1648 2178 et
1665 2129 1727 2197 per
1752 2109 1827 2196 ipso
1848 2110 1951 2208 ribus
1975 2112 2206 2180 asscendonte
2232 2130 2342 2197 usque
2370 2113 2408 2180 in

559 2261 633 2353 bia,
648 2266 708 2352 qui
725 2266 868 2334 deducit
884 2284 984 2332 secus
1000 2267 1077 2352 ipsa
1101 2266 1263 2352 fontana,
1280 2285 1343 2352 per
1361 2266 1430 2333 ista
1445 2265 1515 2332 fine
1532 2266 1627 2352 passi
1645 2264 1790 2367 tricenti
1808 2264 1941 2350 biginti
1957 2283 2068 2330 unum
2085 2287 2092 2330 :
2119 2286 2142 2333 a
2156 2284 2240 2350 pars
2257 2266 2409 2333 orientis

557 2421 629 2488 sine
652 2419 810 2506 predicta
835 2419 919 2504 bia,
944 2417 1025 2484 inde
1049 2418 1143 2502 passi
1168 2418 1359 2506 sexaginta
1382 2424 1480 2505 octo,
1504 2423 1540 2486 et
1564 2419 1768 2486 rebolbente
1793 2419 1831 2485 in
1856 2421 1981 2484 subtus
2007 2438 2118 2504 usquc
2143 2420 2181 2485 in
2206 2438 2315 2486 unum
2339 2425 2408 2489 ter-

559 2571 690 2640 minem
713 2571 806 2658 passi
831 2572 1007 2638 decernet
1031 2569 1209 2654 medium,
1241 2575 1276 2636 et
1307 2571 1437 2636 iterum
1467 2571 1701 2639 descendente
1731 2590 1793 2656 per
1818 2570 2005 2639 terminem
2036 2569 2073 2636 in
2099 2591 2183 2657 pers
2207 2573 2407 2643 occidentis

559 2744 678 2810 passos
694 2729 836 2792 centum
853 2725 1093 2811 quadraginta
1117 2743 1241 2808 unum,
1259 2727 1295 2790 et
1312 2727 1356 2792 ab
1373 2725 1455 2792 inde
1472 2725 1675 2791 rebolbente
1699 2723 1737 2788 in
1753 2741 1837 2808 pars
1861 2725 2126 2808 septemtrionis
2145 2726 2239 2812 passi
2257 2732 2404 2794 centum

558 2882 650 2963 octo,
668 2877 793 2944 deindo
811 2877 1046 2944 descendente
1064 2877 1101 2943 in
1118 2895 1200 2962 pars
1216 2875 1408 2943 occidentis
1423 2895 1534 2960 usque
1551 2875 1590 2940 in
1607 2875 1683 2961 ipsa
1695 2875 1754 2942 bia
1767 2875 1895 2944 antika
1912 2879 2009 2962 passi
2026 2879 2192 2944 duocenti
2211 2880 2408 2966 sexaginta

555 3049 631 3115 sen,
655 3034 767 3097 totum
792 3034 1035 3097 mensuratum
1052 3030 1097 3096 ad
1115 3029 1206 3094 iusto
1222 3048 1363 3115 passum
1378 3029 1528 3114 homini;
1546 3032 1610 3097 hec
1626 3032 1746 3097 autem
1771 3033 1846 3098 tota
1860 3035 1896 3098 et
1912 3031 2040 3100 inclita
2065 3031 2271 3116 supradicta
2296 3034 2406 3101 rebus

556 3201 623 3266 per
641 3181 846 3267 supradicte
863 3179 996 3258 finiset
1012 3177 1204 3263 mensurio,
1221 3179 1314 3246 sicut
1325 3182 1490 3264 superius
1502 3180 1646 3266 legitur,
1659 3183 1696 3248 in
1710 3181 1891 3270 integrum
1907 3184 1989 3251 illut
2005 3183 2072 3251 tibi
2090 3185 2255 3254 iamdicto
2272 3186 2405 3256 maioni

558 3335 746 3419 presbiteri
769 3339 803 3400 et
828 3333 966 3418 abbati,
992 3352 1065 3400 una
1088 3336 1204 3398 tecum
1222 3334 1336 3418 ipsum
1354 3334 1553 3401 romoaldus
1576 3354 1690 3402 comcs
1706 3337 1951 3404 adbocatorem
1975 3343 2145 3424 vestrum,
2170 3359 2234 3425 pro
2259 3359 2344 3427 pars
2369 3351 2405 3409 et

558 3488 634 3555 bice
658 3488 816 3574 predicte
842 3491 957 3554 vestre
982 3488 1154 3554 hecclesic
1177 3489 1292 3556 sancti
1318 3488 1468 3554 maximi
1493 3487 1729 3574 tradidimus,
1760 3508 1842 3555 cum
1865 3489 1985 3558 omnia
2007 3492 2104 3560 infra
2127 3512 2163 3560 se
2188 3495 2403 3562 habentibus

554 3645 591 3707 et
615 3639 688 3707 suis
712 3615 965 3727 pertinentiis,
991 3643 1128 3707 etcum
1154 3640 1229 3706 bice
1254 3640 1296 3705 de
1322 3638 1395 3725 ipse
1420 3640 1477 3707 bie
1500 3645 1535 3706 et
1559 3643 1636 3708 bico
1667 3641 1765 3709 vobis
1789 3643 1948 3711 dedimus
1971 3646 2014 3712 de
2037 3645 2116 3732 ipsa
2140 3647 2288 3716 fontana
2311 3667 2404 3734 aqua

557 3791 640 3862 inde
664 3794 891 3880 auriendum,
916 3797 1093 3880 quantum
1117 3793 1214 3859 vobis
1238 3812 1421 3860 necessum
1438 3795 1546 3860 suerit
1562 3801 1597 3862 et
1614 3799 1728 3862 vestre
1752 3795 1949 3864 hutilitatis
1974 3797 2069 3866 iusta
2093 3799 2232 3868 ratione
2256 3799 2334 3868 hibi
2351 3803 2402 3870 sa-

556 3948 733 4016 ciendum.
760 3950 804 4016 Et
827 3967 890 4035 pro
913 3948 1194 4016 confirmandam
1217 3952 1252 4015 et
1268 3947 1559 4015 stabiliscendam
1583 3949 1676 4015 banc
1700 3953 1824 4016 nostra
1840 3951 2126 4038 commutatione,
2152 3973 2215 4040 per
2238 3955 2311 4022 alia
2326 3973 2404 4024 car-

556 4101 634 4168 tula
656 4119 726 4187 que
750 4105 838 4187 aput
859 4119 924 4166 nos
948 4100 1083 4168 scribta
1106 4099 1326 4186 retinemus,
1356 4100 1553 4186 recepimus
1576 4121 1599 4169 a
1622 4104 1682 4167 bos
1705 4101 1851 4170 exdicta
1873 4105 1979 4170 rebus
2002 4106 2159 4190 predicte
2184 4111 2299 4176 vestre
2324 4113 2419 4180 hee.

553 4253 659 4322 clesic
683 4253 799 4322 sancti
823 4253 998 4339 maximi,
1024 4253 1085 4339 qui
1109 4259 1162 4322 est
1186 4258 1285 4320 terra
1309 4271 1390 4318 cum
1415 4253 1523 4320 binea
1547 4259 1582 4320 et
1606 4256 1758 4320 bacuum
1781 4259 1818 4322 et
1840 4256 1968 4343 pomis,
1993 4259 2054 4343 qui
2078 4264 2145 4345 cst,
2171 4265 2210 4328 ut
2234 4261 2402 4348 diximus

552 4425 576 4473 a
591 4407 685 4475 foras
699 4412 735 4474 et
751 4406 949 4493 propinquo
973 4409 1067 4474 hanc
1091 4407 1290 4492 cibitatem,
1315 4406 1402 4472 hubi
1425 4405 1470 4474 ad
1495 4406 1570 4492 ipso
1585 4405 1780 4474 birideario
1795 4406 1943 4494 dicitur,
1968 4409 2060 4478 sicut
2075 4411 2118 4478 do
2134 4411 2176 4479 de
2193 4413 2308 4480 tribus
2323 4433 2403 4500 par-

554 4557 649 4626 tibus
673 4558 897 4626 concluditur
922 4559 991 4646 bie,
1016 4562 1052 4627 et
1069 4580 1091 4628 a
1107 4577 1191 4645 pars
1215 4558 1364 4626 orientis
1388 4559 1482 4625 sicut
1505 4557 1617 4626 medio
1641 4557 1742 4625 ribus
1760 4560 1908 4627 faustini
1925 4561 2133 4649 disscernit3
2159 4585 2266 4650 quam
2291 4567 2399 4636 etiam

555 4716 591 4780 et
607 4712 805 4798 recepimus
820 4732 841 4780 a
856 4713 918 4777 bos
942 4730 1005 4796 pro
1029 4712 1105 4778 bice
1129 4711 1294 4778 iamdicte
1319 4714 1434 4778 vestre
1458 4711 1630 4778 hecclesic
1654 4712 1943 4781 sanctimaximi
1964 4715 2077 4783 bicem
2093 4724 2129 4784 et
2145 4722 2400 4803 pertinentiam

552 4865 596 4930 de
620 4865 698 4950 ipsa
722 4883 818 4949 aqua
840 4864 882 4930 de
905 4863 1006 4930 ribus
1030 4863 1179 4930 faustini
1204 4863 1305 4930 etde
1330 4863 1407 4950 ipsa
1431 4883 1526 4949 aqua
1542 4865 1749 4950 palumbara
1764 4872 1800 4936 et
1816 4868 1858 4936 de
1874 4871 2039 4956 aquario,
2065 4873 2158 4940 unde
2182 4875 2401 4942 consuetudo

552 5023 607 5086 est
629 5039 724 5104 aqua
747 5019 824 5104 ipsa
848 5035 996 5104 pergere
1021 5017 1066 5086 ad
1090 5017 1168 5102 ipsa
1193 5020 1317 5103 curte,
1353 5017 1446 5102 quod
1476 5017 1578 5086 nobis
1600 5018 1746 5088 dedistis
1770 5019 1835 5088 hin
1859 5039 1899 5088 oc
1923 5023 2071 5111 ordine,
2097 5031 2137 5093 ut
2161 5026 2342 5097 licentiam
2367 5033 2402 5096 et

553 5174 764 5257 potestatem
789 5173 958 5239 abeamus
982 5188 1045 5237 nos
1068 5169 1269 5268 nostrisque
1293 5171 1553 5238 successoribus
1577 5175 1612 5237 ot
1635 5189 1718 5257 pars
1734 5173 1885 5258 predicti
1902 5177 2015 5242 nostri
2038 5179 2246 5247 monasterii
2274 5201 2400 5266 aquam

553 5327 666 5413 ipsam
690 5323 733 5392 de
756 5321 832 5410 ipso
855 5325 956 5391 ribus
981 5321 1130 5392 faustini
1153 5322 1247 5390 etde
1272 5323 1349 5408 ipsa
1364 5342 1459 5408 aqua
1475 5324 1681 5409 palumbara
1697 5325 1816 5395 lebare
1839 5327 2037 5398 incursum
2063 5331 2178 5417 ipsum
2205 5353 2399 5421 aquarum,

554 5478 593 5546 in
615 5496 685 5564 quo
713 5477 817 5546 solita
840 5480 893 5543 est
920 5495 1003 5563 pars
1028 5480 1144 5543 vestre
1171 5475 1344 5544 hecclesic
1370 5477 1485 5545 sancti
1512 5477 1662 5548 maximi
1685 5499 1814 5566 aquam
1840 5479 1955 5568 ipsam
1980 5485 2170 5552 lebaudum
2196 5493 2244 5572 ¹),
2275 5494 2312 5556 et
2341 5509 2402 5574 per

573 5665 1023 5680 —ffl——ss-

594 5782 618 5860 ¹)
639 5782 824 5850 ledendum,
851 5776 938 5837 idest
960 5777 1147 5836 tollendum.
