5376 7094
984 499 1389 577 nrrconxrrous
2028 501 2075 582 29

264 727 441 810 homines,
466 727 676 810 potestatem
699 724 848 789 aberent
871 720 959 807 illis;
981 727 1017 791 et
1041 743 1103 810 per
1126 725 1304 794 vindemie
1326 731 1483 814 tempore
1507 729 1645 798 faciant
1668 729 1742 798 illis
1767 730 1859 799 scire
1882 749 1938 798 me
1961 730 2017 800 vel
2034 749 2120 820 pars

262 879 376 967 ipsius
399 877 546 946 ecclesie
570 875 687 943 sancti
710 876 876 963 maximi,
900 876 940 941 ut
965 875 1096 944 ibidem
1120 876 1321 964 dirigamus
1344 878 1491 945 missum
1515 883 1690 966 nostrum,
1708 882 1744 947 et
1767 879 1841 948 illis
1866 881 1950 950 abto
1965 883 2124 968 tompore

262 1050 321 1100 eos
344 1029 628 1114 bindemiarent,
651 1032 688 1096 et
711 1026 787 1112 ipso
810 1025 935 1093 vinum
961 1026 1080 1112 ibique
1103 1026 1149 1094 ad
1171 1027 1391 1113 palmentum
1422 1032 1458 1096 et
1480 1046 1602 1096 omnes
1630 1047 1736 1117 poma
1765 1029 1897 1098 exinde
1922 1031 2125 1103 dividerent

263 1206 327 1276 per
350 1184 588 1252 medietatem:
614 1200 680 1269 ego
703 1181 759 1248 vel
782 1198 866 1268 pars
889 1179 1003 1267 ipsius
1026 1179 1173 1246 ecclesie
1197 1178 1363 1246 tollamus
1379 1177 1458 1244 illos
1474 1178 1715 1266 medietatem,
1738 1183 1775 1248 et
1790 1177 1865 1248 illis
1881 1179 2122 1270 medietatem3

262 1337 317 1405 sic
340 1341 476 1422 tamen,
501 1339 541 1403 ut
564 1335 643 1421 ipsa
666 1335 821 1402 sortione
844 1331 887 1400 de
911 1334 988 1418 ipso
1010 1331 1147 1416 vinum,
1171 1328 1263 1415 quod
1287 1328 1419 1398 exinde
1446 1329 1607 1398 ebenerit
1635 1331 1725 1398 mihi
1756 1331 1812 1400 vel
1836 1332 1876 1399 in
1899 1349 1983 1418 pars
2008 1333 2122 1419 ipsius

267 1491 416 1558 ecclesie
440 1489 557 1557 sancti
581 1487 752 1574 maximi,
777 1486 850 1556 illis
874 1488 1059 1573 portarent
1081 1481 1183 1550 illum
1206 1482 1252 1549 sd
1275 1481 1421 1550 cellario
1453 1479 1602 1566 predicti
1635 1482 1751 1548 sancti
1774 1483 1926 1550 maximi
1951 1501 1973 1551 a
1997 1485 2121 1550 subtus

266 1645 397 1730 parieti
422 1641 518 1710 infra
543 1642 619 1728 ipso
642 1641 758 1708 locum
779 1641 942 1726 nuceria,
959 1643 995 1706 et
1010 1639 1199 1705 micterent
1222 1633 1324 1701 illum
1348 1633 1387 1699 in
1403 1648 1576 1718 organea,
1600 1630 1692 1716 quod
1717 1631 1848 1699 ibidem
1870 1651 1936 1720 ego
1959 1636 2014 1702 vel
2037 1655 2121 1722 pars

264 1801 379 1890 ipsius
402 1796 548 1864 ecclesie
571 1794 624 1860 eis
646 1792 982 1878 adsingaberimus,
1014 1791 1050 1854 et
1072 1803 1134 1873 per
1158 1782 1232 1851 illis
1255 1782 1353 1849 siant
1376 1796 1574 1864 organeum
1599 1778 1715 1862 ipsum
1739 1779 1944 1849 concinium
1974 1783 2120 1869 bonum3

263 1962 300 2025 et
324 1956 355 2022 si
379 1952 523 2018 boluero
546 1963 612 2032 ego
635 1943 691 2010 vel
712 1960 798 2028 pars
822 1942 934 2028 ipsius
955 1937 1117 2023 ecclesie,
1141 1937 1308 2004 daremus
1330 1949 1453 2000 eorum
1476 1949 1673 2017 organeum
1698 1933 1853 2019 bonum,
1879 1934 2042 2002 utillum
2066 1954 2120 2003 re·

264 2111 376 2196 ponat
400 2105 439 2171 in
462 2105 541 2187 ipsa
563 2115 648 2167 casa
671 2093 764 2181 qnod
788 2093 860 2160 illis
882 2093 1033 2160 fecerint
1056 2090 1153 2158 infra
1177 2089 1256 2174 ipsa
1278 2063 1404 2170 rebus,
1430 2085 1502 2181 illis
1532 2103 1729 2172 organeum
1753 2087 1869 2173 ipsum
1892 2088 2060 2156 tollerent
2084 2095 2120 2158 et

265 2259 474 2328 conciarent
496 2256 642 2334 bonum,
667 2251 703 2316 et
725 2248 939 2333 reponerent
962 2240 1063 2310 illum
1087 2243 1127 2310 in
1151 2241 1228 2327 ipsa
1252 2257 1348 2328 casa,
1372 2241 1408 2306 et
1430 2237 1510 2322 ipsa
1530 2237 1686 2304 sortione
1709 2239 1752 2304 de
1776 2239 1851 2324 ipso
1875 2240 2000 2306 vinum
2026 2240 2119 2325 quod

267 2412 351 2480 inde
374 2407 536 2477 ebenerit
559 2402 648 2470 mibi
672 2401 728 2468 vel
753 2398 791 2463 in
815 2413 900 2484 pars
922 2397 1034 2483 ipsius
1057 2393 1216 2476 ecclesie,
1241 2389 1344 2457 illum
1369 2387 1500 2456 ibidem
1525 2387 1715 2455 micterent
1730 2391 1766 2454 et
1783 2388 1924 2456 salbum
1948 2391 2052 2457 illurn
2068 2393 2119 2461 la·
2195 2375 2200 2390 '

265 2566 402 2649 cerent,
425 2561 535 2628 donec
560 2557 640 2625 illut
666 2554 748 2622 inde
771 2553 973 2636 tulerimus,
998 2549 1131 2632 absque
1153 2542 1429 2630 degeneratione
1451 2543 1487 2608 et
1511 2541 1636 2625 ingne3
1652 2543 1688 2607 et
1703 2539 1814 2606 donec
1830 2541 1963 2608 ibidem
1979 2545 2118 2611 steterit

267 2719 343 2803 ipso
366 2713 513 2780 missum
538 2712 699 2776 nostrum
723 2698 1055 2791 pro'recipiendurn
1079 2699 1158 2783 ipsa
1181 2693 1336 2761 sortione
1359 2693 1402 2760 de
1419 2692 1495 2778 ipso
1510 2690 1646 2776 vinum,
1665 2689 1737 2756 illis
1760 2707 1842 2758 eum
1866 2693 2006 2760 nutrire
2023 2694 2118 2760 iusta

269 2869 460 2954 rationem,
485 2871 521 2934 et
543 2866 673 2933 darent
695 2861 730 2928 ei
754 2854 1010 2944 palmentatica
1034 2851 1130 2916 iusta
1154 2845 1408 2914 consuetudine
1432 2845 1475 2910 de
1499 2843 1576 2929 ipso
1600 2842 1728 2927 locum;
1744 2847 1780 2909 et
1802 2842 1844 2910 de
1868 2843 1959 2928 quod
1983 2843 2055 2910 illis
2080 2847 2118 2912 in

267 3025 346 3110 ipsa
370 3023 475 3089 rebus
499 3013 771 3099 seminaberint,
795 3011 923 3078 darent
945 3003 1077 3074 exinde
1099 3017 1237 3084 semper
1253 2997 1466 3066 terraticum
1481 2993 1571 3060 mibi
1588 2992 1643 3060 vel
1658 2993 1704 3062 ad
1719 3012 1803 3080 pars
1819 2995 1955 3080 prefate
1971 2997 2118 3064 ecclesie

268 3173 463 3245 secundum
487 3167 741 3240 consuetudine
764 3163 808 3230 de
831 3162 906 3248 ipso
931 3159 1066 3240 locum;
1090 3156 1127 3220 et
1151 3171 1173 3220 a
1196 3169 1265 3236 quo
1289 3150 1368 3234 ipsa
1392 3149 1497 3214 rebus
1521 3145 1594 3212 illis
1625 3149 1747 3212 tenere
1771 3149 1835 3213 aut
1858 3149 2021 3218 laborare
2045 3169 2118 3218 non

267 3327 452 3417 potuerint
475 3328 514 3394 in
536 3321 694 3410 predicto
718 3317 864 3402 ordine,
888 3311 1015 3381 inclita
1046 3310 1153 3377 rebus
1183 3305 1262 3392 ipsa
1285 3303 1450 3370 laborata
1473 3305 1509 3368 et
1532 3299 1669 3367 cultata
1695 3303 1731 3368 et
1754 3300 1855 3369 clusa
1886 3305 2119 3372 remicterent

269 3487 344 3554 illis
368 3480 414 3551 ad
438 3495 521 3566 pars
544 3475 659 3562 ipsius
681 3467 828 3538 ecclesie
851 3465 967 3533 sancti
991 3461 1158 3546 maximi,
1181 3461 1218 3526 el
1241 3456 1315 3524 illis
1338 3454 1452 3522 licead
1475 3455 1558 3522 inde
1580 3457 1682 3524 exire
1705 3475 1786 3522 cum
1810 3457 1925 3524 omnis
1950 3477 2017 3527 sua
2046 3475 2119 3524 mo-

271 3641 361 3708 bilia
385 3634 477 3724 quod
502 3631 554 3699 ibi
577 3626 734 3708 abuerit,
758 3624 890 3705 absque
915 3617 993 3702 ipsa
1016 3631 1101 3682 casa
1123 3614 1159 3679 et
1176 3612 1250 3697 ipso
1265 3608 1498 3695 pulmentum.
1515 3609 1558 3676 de
1573 3627 1645 3694 qua
1660 3627 1723 3693 per
1739 3626 1831 3677 vona
1853 3611 2119 3679 combenientia

266 3810 334 3882 pro
352 3805 436 3879 pars
454 3785 623 3855 iamdicte
637 3776 786 3849 ecclesie
803 3773 938 3862 guadia
961 3768 1051 3836 mihi
1074 3765 1172 3834 dedit
1187 3765 1261 3850 ipse
1277 3779 1396 3846 ursus,
1413 3766 1449 3830 et
1464 3760 1699 3829 mediatorem
1715 3761 1803 3827 mihi
1820 3762 1920 3847 posui
1935 3781 1972 3829 se
1988 3763 2118 3848 ipsum,

266 3951 303 4014 et
327 3948 443 4032 ipsam
467 3933 765 4008 combenientiam
789 3925 961 4012 obligavit
977 3940 1014 3989 se
1037 3936 1169 4006 suoque
1192 3917 1328 3986 eredes.
1353 3915 1447 4002 quod
1470 3916 1501 3983 si
1524 3913 1647 3984 taliter
1670 3919 1737 3983 etc.
1763 3915 1933 4000 Sequitur
1954 3918 2119 3999 forsnnlc

227 4160 231 4168 .
272 4099 455 4182 consuetu,
473 4093 613 4162 statuta
627 4087 742 4154 multo
756 4080 889 4167 oiqinti
903 4075 1097 4145 solidorum
1111 4070 1501 4142 constantiniccorum.
1519 4071 1554 4136 et
1570 4084 1642 4134 unc
1657 4068 1801 4136 brebem
1814 4065 1940 4154 scripsi
1952 4083 2018 4152 ego
2030 4067 2119 4135 alfa-

264 4269 337 4320 nus
359 4246 535 4316 notarius.

315 4374 345 4490 †
371 4403 446 4487 Ego
468 4398 530 4484 qui
553 4413 664 4482 snpra
687 4394 808 4479 petrus
833 4383 941 4452 iudex

311 4531 341 4647 †
367 4557 441 4644 Ego
464 4548 695 4641 grimoaldus.
