5376 7104
680 549 748 618 272
1317 541 1488 614 CODEX
1522 541 1784 617 cavensis

627 769 768 840 decima
792 770 1000 841 indictione.
1027 771 1178 857 Ideoque
1202 788 1268 858 ego
1290 769 1420 857 prandi
1443 767 1538 836 filius
1563 767 1743 855 quondam
1767 766 1843 834 ursi
1869 769 1969 838 terra
1992 763 2151 849 vindica,
2177 763 2270 831 sicut
2293 763 2381 832 mibi
2396 782 2469 832 con·

627 942 760 1012 gruum
784 929 850 1013 est,
875 943 955 995 mea
978 923 1121 1013 quidem
1144 940 1237 993 vona
1259 921 1456 992 bolumtate
1481 924 1566 989 ante
1588 919 1775 989 mirandus
1799 917 1910 988 iudex
1932 920 1969 986 et
1992 916 2058 986 alii
2083 915 2276 1002 subscripti
2292 919 2397 983 testes
2413 935 2469 1002 per

629 1095 698 1146 ano
724 1077 902 1146 cartulam
927 1075 1157 1146 benumdedit
1180 1073 1246 1142 tivi
1272 1072 1497 1160 ingnelfreda
1521 1072 1691 1158 congnati
1716 1089 1794 1140 meo
1817 1070 1893 1139 filio
1925 1069 2077 1139 iohanni
2109 1071 2277 1154 quartam
2307 1070 2407 1154 parte
2431 1069 2468 1137 de

627 1232 731 1300 terra
757 1249 838 1298 cum
863 1247 947 1299 casa
970 1229 1104 1297 fravita
1127 1226 1299 1312 solerata,
1323 1225 1415 1311 quod
1440 1227 1527 1292 abeo
1549 1225 1648 1293 intus
1671 1224 1842 1294 firmitate
1868 1224 2018 1292 nuceria
2041 1223 2121 1310 ipsa
2145 1239 2229 1291 oasa
2253 1239 2322 1306 que
2346 1220 2469 1288 dicitur

601 1383 674 1455 ‚da
697 1383 787 1454 salco
803 1382 949 1452 lictardi
974 1400 1037 1469 per
1052 1398 1092 1450 ec
1109 1380 1201 1448 finis:
1227 1380 1273 1448 da
1297 1398 1379 1465 pars
1403 1379 1554 1446 orientis
1577 1379 1650 1447 tine
1673 1379 1809 1449 andito:
1835 1380 1878 1448 de
1902 1396 2008 1466 super
2024 1379 2096 1446 fine
2111 1395 2196 1447 casa
2211 1377 2254 1445 de
2271 1375 2391 1444 eredes
2405 1395 2473 1446 ma·

627 1533 720 1606 raldi
746 1532 949 1620 camaliolu,
972 1531 1066 1600 sicut
1091 1547 1193 1597 muro
1216 1527 1436 1598 communale
1460 1527 1642 1598 discernit:
1661 1551 1782 1619 apars
1796 1531 1991 1601 occidentis
2008 1531 2079 1598 fine
2096 1530 2214 1599 medie
2230 1529 2405 1598 stractola:
2430 1528 2467 1598 de

628 1689 754 1756 subter
778 1686 849 1752 fine
873 1701 958 1752 casa
982 1681 1132 1750 iohanni
1157 1679 1361 1784 trecentese,
1386 1679 1480 1748 sicut
1503 1680 1587 1748 inde
1610 1681 1724 1750 medio
1747 1702 1849 1751 muro
1865 1683 2050 1771 discernit,
2067 1686 2104 1750 et
2121 1679 2363 1769 coniungente
2379 1698 2413 1748 se
2427 1679 2466 1748 ad

629 1842 708 1929 ipso
732 1837 896 1908 anditum
920 1835 1038 1922 priore
1063 1833 1166 1918 fines3
1190 1833 1233 1901 de
1256 1851 1296 1901 ec
1320 1849 1402 1899 vero
1426 1836 1526 1901 terra
1549 1853 1630 1901 cum
1654 1855 1738 1904 casa
1761 1835 1894 1905 fravita
1917 1836 2089 1922 solarata,
2108 1833 2266 1921 qualiter
2283 1833 2469 1900 modocon·

629 1994 728 2062 ciata
751 1995 787 2060 et
811 1990 977 2058 edificata
1000 1991 1054 2056 est
1077 2005 1140 2073 per
1164 1985 1332 2054 iamdicte
1355 1985 1454 2072 flniS,
1473 1985 1600 2056 inclita
1615 1993 1744 2074 quarta
1759 1993 1862 2074 parte
1880 1988 1944 2056 tivi
1961 1977 2141 2056 nominati
2158 1984 2382 2073 ingnellrede
2398 2003 2469 2051 cum

628 2146 751 2214 omnia
775 2162 841 2214 sua
865 2141 1096 2229 pertinentia,
1120 2143 1259 2207 etcum
1283 2137 1360 2208 vice
1383 2139 1426 2205 de
1451 2137 1527 2224 ipso
1551 2139 1688 2226 andit0,
1713 2139 1807 2206 unde
1831 2137 1968 2207 nullam
1990 2137 2101 2226 mibi,
2125 2156 2191 2206 nec
2214 2142 2345 2225 quarta
2375 2137 2467 2205 uxori

630 2315 721 2383 mee,
745 2312 812 2362 nec
835 2292 969 2379 cuique
983 2289 1208 2376 bominibus
1233 2287 1289 2356 vel
1313 2288 1352 2354 in
1375 2289 1502 2374 quavis
1525 2291 1701 2376 partibus,
1726 2290 1858 2359 nichili
1881 2291 1965 2358 inde
1988 2291 2135 2376 restitit,
2161 2292 2224 2359 aut
2247 2288 2400 2358 dicimus
2422 2307 2469 2357 re-

631 2465 780 2518 manere
804 2445 1008 2529 sortionem3
1034 2445 1101 2527 set,
1125 2442 1219 2508 sicut
1242 2441 1415 2527 diximus
1440 2439 1570 2509 inclita
1594 2441 1672 2527 ipsa
1695 2443 1863 2526 quartam
1894 2444 1997 2527 parte
2026 2440 2069 2509 de
2100 2440 2272 2510 iamdicta
2302 2458 2384 2510 casa
2413 2439 2470 2507 tivi

629 2599 809 2667 nominati
834 2594 1084 2682 benumdedit,
1117 2613 1160 2662 ac
1191 2593 1363 2660 securiter
1387 2595 1423 2662 et
1447 2593 1598 2662 firmiter
1623 2595 1747 2663 amodo
1777 2598 1813 2663 et
1835 2612 1974 2682 semper
2004 2599 2045 2662 tu
2069 2595 2212 2681 tuisque
2235 2595 2400 2684 eredibus
2421 2613 2471 2662 eos

633 2753 824 2839 abendum,
840 2749 1105 2835 dominandum,
1122 2747 1385 2834 possidendum,
1404 2746 1526 2816 omnia
1543 2749 1676 2817 exinde
1693 2749 1897 2818 faciendum
1913 2750 2006 2836 quod
2021 2752 2217 2838 volueritis
2234 2753 2370 2838 absque
2386 2753 2473 2819 omni

628 2911 756 2976 nostra
778 2910 815 2973 et
841 2905 884 2973 de
908 2903 1038 2970 nostris
1061 2899 1241 2986 eredibus,
1266 2905 1330 2968 aut
1352 2899 1487 2988 cuiqua
1511 2901 1691 2970 ominibus
1714 2907 1970 2975 contrarietate
1995 2905 2051 2974 vel
2076 2905 2324 2992 requisitione.
2350 2909 2392 2976 Et
2413 2925 2469 2994 pro

629 3058 912 3128 confirmandam
936 3061 972 3124 et
997 3054 1287 3124 stauiliscendam
1310 3072 1378 3123 ano
1401 3059 1525 3122 nostra
1548 3053 1767 3122 vindictione
1791 3076 1814 3124 a
1837 3058 2011 3144 presentis
2035 3059 2170 3145 recepit
2193 3079 2215 3127 a
2238 3063 2275 3126 te
2294 3059 2355 3145 qui
2373 3077 2472 3146 supra

629 3213 712 3310 auri
739 3213 811 3282 tari
836 3211 918 3279 boni
943 3214 1019 3312 octo
1043 3208 1081 3274 in
1104 3207 1220 3274 omnis
1242 3207 1520 3293 deliveratione,
1554 3208 1647 3275 sicut
1676 3207 1771 3274 inter
1795 3226 1860 3276 nos
1883 3209 2082 3296 comvenit3
2107 3212 2149 3280 de
2172 3231 2244 3298 que
2266 3229 2335 3299 ego
2357 3230 2469 3300 supra-

629 3365 750 3436 dictus
772 3365 902 3452 prandi
929 3383 991 3451 per
1016 3381 1109 3433 vona
1132 3361 1397 3430 comnenientia
1419 3361 1554 3448 guadia
1576 3360 1643 3428 tivi
1668 3361 1837 3431 iamdicto
1862 3364 2090 3450 ingnelsreda
2113 3365 2224 3452 dedit,
2251 3371 2290 3434 et
2314 3367 2471 3436 mediato·

633 3538 709 3587 rem
734 3516 803 3586 tivi
828 3517 944 3603 posuit
970 3517 1144 3583 iohannes
1167 3513 1262 3580 filius
1287 3512 1379 3580 idem
1404 3511 1553 3582 iohanni
1577 3514 1690 3600 basei3
1714 3519 1750 3582 et
1773 3532 1835 3600 per
1860 3515 1936 3602 ipsa
1959 3515 2092 3604 guadia
2115 3516 2234 3604 obligo
2256 3537 2315 3587 me
2338 3523 2373 3587 et
2393 3519 2471 3587 meis

626 3673 715 3741 filiis
738 3676 774 3739 et
798 3671 920 3738 eredes
944 3669 1067 3739 amodo
1091 3673 1127 3736 et
1151 3686 1289 3754 semper
1314 3667 1410 3734 omni
1436 3671 1592 3753 tempore
1617 3665 1817 3736 defensems
1838 3666 1931 3736 tuivi
1955 3663 2079 3754 tuique
2094 3669 2259 3738 eredibus
2277 3669 2466 3740 inclitssu-

605 3911 607 3914 Ι
628 3825 795 3912 predicta
819 3828 942 3892 nostra
957 3821 1129 3889 vindictis
1145 3839 1225 3888 cum
1242 3819 1339 3886 omni
1358 3837 1425 3886 sua
1441 3818 1676 3906 pertinentia,
1693 3825 1730 3888 et
1745 3838 1826 3887 cum
1842 3820 1921 3890 vice
1936 3823 1979 3890 de
1995 3823 2070 3909 ipso
2086 3823 2223 3910 andito,
2240 3845 2262 3893 a
2279 3843 2364 3912 pars
2379 3828 2470 3895 uxori

627 3995 705 4044 mee
728 3983 764 4046 et
787 3977 833 4045 da
856 3975 972 4043 omnis
996 3975 1131 4042 omines
1155 3973 1322 4059 omnique
1346 3971 1522 4057 partibus.
1548 3971 1645 4046 Quod
1669 3973 1700 4040 si
1724 3972 1861 4061 taliter,
1886 3978 1926 4042 ut
1948 3976 2114 4061 superius
2141 3976 2292 4064 legitur,
2316 3978 2396 4048 illut
2409 3979 2466 4046 tiri

625 4130 751 4217 tuique
776 4127 940 4198 eredibus
963 4144 1035 4194 non
1051 4125 1366 4210 defensaberimuS,
1385 4128 1421 4191 et
1436 4122 1570 4210 aliquit
1588 4123 1671 4192 inde
1687 4128 1868 4196 remobere
1883 4131 1947 4196 aut
1962 4132 2128 4197 contrane
2144 4130 2395 4219 quesierimus
2411 4151 2467 4220 pro

625 4283 754 4368 quavis
777 4281 890 4350 modis
912 4280 966 4349 vel
991 4280 1192 4366 ingenium,
1217 4280 1304 4345 tunc
1326 4275 1481 4363 primum
1506 4275 1664 4344 omnium
1688 4278 1827 4363 questio
1850 4282 1886 4348 et
1909 4283 2073 4350 causatio
2096 4289 2219 4352 nostra
2234 4287 2270 4352 et
2287 4285 2332 4354 de
2346 4285 2468 4354 nostris

626 4437 793 4506 eredibus
817 4435 988 4504 adbersus
1010 4451 1072 4500 uos
1095 4434 1142 4500 sit
1165 4430 1296 4499 exinde
1319 4430 1431 4497 tacita
1455 4433 1491 4496 et
1515 4431 1644 4519 baoua,
1668 4435 1706 4500 et
1729 4450 1938 4519 componere
1963 4434 2082 4523 obligo
2105 4455 2161 4504 me
2184 4441 2221 4505 et
2248 4439 2339 4507 meis
2361 4438 2465 4506 eredi-

623 4592 692 4657 bus
716 4607 778 4676 per
802 4591 882 4675 ipsa
906 4586 1042 4674 guadia
1066 4585 1132 4652 tivi
1157 4585 1281 4669 tuique
1305 4580 1438 4669 biginti
1464 4581 1545 4650 auri
1570 4583 1699 4651 solidos
1721 4587 2044 4675 constantinianos,
2061 4593 2112 4676 et,
2128 4589 2221 4658 sicut
2242 4591 2406 4678 superius
2422 4592 2463 4656 le·

623 4743 740 4830 gitur,
765 4741 848 4810 illut
871 4742 969 4808 vobis
992 4739 1230 4824 defensemus,
1254 4741 1290 4804 et
1312 4736 1450 4823 questio
1474 4741 1509 4804 et
1531 4739 1690 4806 causatio
1714 4745 1837 4808 nostra
1860 4739 1991 4808 exinde
2014 4742 2128 4811 tacita
2149 4748 2185 4811 et
2208 4743 2336 4814 bacua.
2363 4746 2404 4814 Et
2420 4749 2466 4812 ta·

625 4896 709 4963 liter
733 4894 889 4962 scribere
914 4893 1120 4994 rogavimus
1145 4893 1181 4958 te
1206 4887 1409 4956 romoaldus
1432 4889 1608 4976 notariae,
1633 4896 1752 4959 actum
1778 4893 1859 4959 uius
1882 4892 2045 4963 nuceria.

669 5025 700 5141 †
726 5054 801 5140 Ego
824 5049 885 5136 qui
910 5068 1019 5135 supra
1042 5047 1231 5116 mirandus
1254 5045 1364 5113 iudex

668 5179 700 5295 †
724 5207 799 5294 Ego
822 5206 996 5272 iohannes
1018 5199 1172 5270 clericus

668 5333 701 5450 †
726 5364 799 5450 Ego
823 5361 982 5463 ioannes
