5334 7098
913 521 917 529 ’
978 560 1381 630 0111001110(το
1991 559 2059 630 lm

258 781 344 848 lecit
366 779 497 847 exinde
520 800 586 866 ego
611 783 684 849 tres
707 781 824 869 sertis,
851 802 924 850 una
949 785 1032 852 lecit
1056 793 1147 852 essct
1171 785 1208 850 in
1231 804 1314 872 pars
1339 787 1499 872 01100110,
1524 798 1559 854 et
1575 789 1648 856 alia
1673 789 1710 854 in
1735 805 1818 872 pars
1841 785 2050 871 occidentia,
2070 797 2105 850 et

255 934 334 1018 ipsa
358 932 457 1002 halla
481 933 519 1001 in
544 933 700 1002 medium
723 935 818 1002 inter
842 938 945 1005 ambe
970 938 1044 1024 ipse
1069 942 1188 1026 sortis3
1214 942 1291 1027 ipsa
1314 940 1469 1008 sortione
1494 942 1540 1009 da
1563 942 1700 1008 oriente
1716 943 1769 1008 est
1792 958 1855 1026 per
1871 942 1937 1006 hec
1962 939 2097 1004 110100(

253 1088 495 1156 mensuria.A
519 1108 602 1174 pars
625 1091 888 1176 septemtrionis
913 1053 983 1160 line
1007 1093 1286 1180 archiepiscopio
1309 1093 1544 1180 salernitane,
1568 1095 1662 1162 sicut
1684 1093 1818 1160 termiti
1844 1093 1916 1161 ficti
1940 1100 2039 1176 sunt,
2064 1099 2100 1156 et

254 1241 336 1308 inde
360 1244 454 1326 passi
481 1247 623 1311 centum
647 1245 835 1330 quantuor.
860 1249 890 1313 A
913 1265 998 1332 pars
1021 1246 1169 1314 orientis
1193 1247 1264 1313 fine
1288 1245 1346 1314 bia
1372 1246 1527 1331 pulbica,
1552 1251 1587 1314 et
1610 1247 1814 1313 rebolbente
1840 1246 1877 1310 in
1902 1264 1984 1330 pars
2008 1245 2102 1312 occi-

253 1395 369 1462 ‹lentis
392 1415 454 1481 per
478 1395 549 1463 fine
572 1397 685 1482 ipsius
710 1398 982 1484 archiepiscopii
1006 1404 1041 1466 et
1064 1399 1303 1486 coniungente
1333 1404 1371 1468 at
1397 1402 1476 1486 ipsa
1499 1401 1655 1466 sortione
1679 1398 1856 1466 mediana.
1877 1401 1907 1463 A
1931 1417 2014 1484 pars
2043 1415 2100 1462 oc-

254 1547 407 1616 cidentis
431 1549 501 1617 fine
526 1551 604 1636 ipsa
628 1551 794 1619 modiana
818 1557 924 1638 sorte,
943 1553 1021 1640 ipsa
1038 1555 1192 1621 sortione
1212 1557 1258 1622 ab
1274 1556 1352 1641 ipsa
1377 1575 1459 1640 pars
1483 1555 1675 1621 occidentis
1699 1572 1760 1640 per
1778 1556 1842 1620 hec
1859 1553 1941 1618 finis
1957 1557 1992 1620 et
2008 1569 2107 1618 men-

256 1703 367 1771 soria.
387 1707 416 1770 A
440 1723 525 1789 pars
548 1703 813 1790 septemtrionis
836 1703 906 1772 llne
931 1705 1043 1792 ipsius
1075 1707 1375 1795 archiepiscopii,
1400 1709 1492 1776 sicut
1514 1708 1648 1776 termiti
1681 1708 1755 1775 ficti
1780 1711 1885 1792 sunt,
1910 1705 1993 1772 inde
2017 1719 2097 1772 sunt

259 1859 353 1939 passi
378 1857 577 1944 nonaginta
601 1862 689 1924 octo:
716 1877 739 1924 a
762 1878 846 1945 pars
869 1860 1017 1927 meridie
1041 1860 1110 1927 line
1134 1862 1248 1947 ipsius
1271 1861 1565 1948 archiepiscopii,
1590 1867 1625 1928 et
1649 1859 1731 1926 inde
1756 1863 1893 1926 rectum
1917 1876 2106 1925 mensura-

260 2018 337 2076 tum
363 2009 460 2098 passi
484 2013 684 2098 nonaginta
707 2032 784 2098 sex3
810 2012 887 2099 ipsa
911 2015 1066 2082 sortione
1084 2014 1249 2083 mediana
1265 2034 1327 2101 per
1343 2017 1408 2081 hec
1432 2014 1514 2080 finis
1536 2019 1571 2081 et
1594 2012 1788 2080 mensoria.
1806 2017 1835 2079 A
1852 2031 1935 2098 pars
1958 2014 2109 2097 septem-

260 2165 388 2232 trionis
412 2167 482 2232 fine
508 2165 619 2250 ipsius
654 2165 947 2255 archiepiscopii,
972 2168 1065 2235 sicut
1088 2167 1224 2236 tormiti
1250 2171 1323 2238 ficti
1348 2175 1450 2256 sunt,
1476 2175 1510 2238 et
1534 2171 1615 2236 indo
1639 2173 1722 2236 sunt
1745 2167 1839 2256 passi
1863 2171 2006 2234 centum
2029 2166 2114 2232 duo-

265 2320 378 2387 decim
393 2343 402 2406 3
436 2343 456 2388 a
480 2339 563 2405 pars
593 2323 741 2389 meridie
765 2324 834 2389 fine
860 2324 971 2410 ipsius
995 2323 1264 2410 archiepiscopii
1297 2323 1541 2390 mensuratum
1567 2327 1715 2406 10010111,
1741 2323 1822 2388 inde
1846 2321 1940 2406 passi
1966 2325 2110 2387 centum

268 2471 423 2560 triginta
448 2494 511 2542 sex
534 2476 577 2542 de
602 2477 805 2563 longitudo:
832 2481 902 2545 tote
926 2478 999 2564 ipse
1023 2479 1130 2543 sortis
1155 2483 1239 2544 sunt
1270 2477 1512 2562 unnsquisque
1536 2477 1582 2543 da
1606 2476 1675 2541 line
1701 2475 1811 2560 ipsius
1836 2473 2109 2560 archiepiscopii

270 2631 333 2712 qui
358 2635 410 2698 est
434 2632 471 2697 in
495 2651 580 2718 pars
603 2633 764 2720 orientis,
790 2641 825 2700 et
847 2651 957 2720 usque
983 2633 1062 2718 ipsa
1086 2631 1186 2700 halla
1209 2633 1279 2697 fine
1305 2631 1415 2716 ipsius
1439 2629 1710 2716 archiepiscopii
1735 2628 1796 2714 qui
1820 2630 1928 2696 estin
1945 2646 2028 2713 pars
2051 2645 2110 2692 oc-

273 2785 444 2870 11001110,
468 2791 504 2851 01
528 2788 789 2854 reserllabimus
813 2787 872 2854 bia
896 2788 1094 2854 comuniter
1118 2785 1212 2853 inter
1235 2802 1299 2850 nos
1321 2796 1356 2851 et
1379 2783 1511 2851 nostris
1535 2784 1700 2850 eredibus
1723 2785 2026 2866 omnitempore.
2049 2833 2055 2846 .
2077 2833 2113 2848 ..

268 2957 332 3022 per
357 2941 428 3006 tote
454 2937 530 3024 ipse
554 2941 660 3007 sortis
691 2939 729 3004 in
755 2959 837 3026 pars
862 2939 1008 3006 meridie
1033 2959 1119 3025 erga
1144 2939 1220 3024 ipsa
1243 2940 1313 3004 fine
1338 2940 1450 3024 ipsius
1473 2935 1758 3022 archiepiscopii,
1783 2937 1828 3002 da
1854 2935 1930 3020 ipsa
1955 2937 2112 3024 010001-

271 3089 348 3160 oica
373 3093 435 3176 qui
461 3099 516 3160 cst
542 3093 580 3159 in
604 3113 688 3179 pars
711 3095 871 3182 orientis,
896 3113 1005 3180 usquc
1031 3095 1068 3160 in
1093 3093 1167 3179 ipso
1192 3089 1397 3159 ballimonio
1420 3091 1464 3158 ad
1490 3089 1762 3176 ingrediendum
1786 3095 1821 3156 et
1837 3089 2112 3174 regrediendum

266 3263 331 3312 nos
355 3260 390 3315 et
413 3247 545 3316 nestris
560 3249 724 3316 eredibus
741 3248 870 3318 exinde
895 3268 975 3315 cum
999 3246 1114 3313 omnis
1138 3259 1257 3313 nostre
1273 3245 1511 3332 congruitatis
1529 3243 1624 3312 iusta
1641 3243 1829 3328 rationem,
1847 3248 1999 3329 quantes
2017 3244 2112 3309 vices

274 3400 502 3469 uoluerimus
528 3403 625 3468 t'nde
650 3403 719 3488 ipsi
743 3402 816 3468 thio
839 3410 874 3468 et
897 3405 1041 3488 nepotes
1058 3402 1268 3486 comuniter,
1285 3401 1456 3488 quomodo
1473 3401 1646 3467 sortiones
1663 3398 1701 3464 in
1716 3399 1840 3467 eadem
1857 3401 1962 3466 rebus
1986 3402 2114 3484 abunt,

268 3561 584 3642 compreenserunt
608 3558 645 3622 in
669 3562 763 3623 sorte
789 3555 866 3640 ipsa
891 3555 1044 3623 sortione
1067 3559 1113 3624 ab
1136 3557 1213 3642 ipsa
1236 3576 1320 3644 pars
1343 3557 1504 3641 01100110,
1523 3559 1558 3622 01
1576 3555 1652 3640 ipsa
1677 3555 1774 3622 halla
1798 3555 1951 3622 sortione
1968 3557 2014 3621 ab
2031 3553 2110 3638 ipsa

269 3731 352 3797 pars
376 3711 570 3777 occidentis
594 3731 655 3796 per
680 3711 844 3779 iamdicto
868 3712 951 3778 finis
975 3722 1010 3778 et
1033 3710 1225 3796 mensoria,
1242 3717 1277 3776 et
1293 3711 1366 3778 illis
1390 3727 1453 3796 pro
1477 3707 1597 3776 taliter
1623 3709 1699 3775 vice
1717 3727 1795 3774 mea
1812 3715 1846 3774 et
1862 3707 1937 3774 rice
1954 3706 2108 3774 balsamo

269 3865 370 3930 uxori
397 3883 474 3932 mec
500 3865 724 3932 tradiderunt
748 3865 849 3932 nobis
867 3865 905 3932 in
921 3871 1015 3931 sorte
1038 3867 1117 3951 ipsa
1140 3865 1295 3932 sortione
1320 3863 1486 3930 mediana
1503 3881 1564 3948 per
1581 3861 1748 3928 iamdicto
1766 3861 1848 3926 finis
1863 3865 1899 3927 et
1916 3861 2108 3928 mensurie:

268 4022 331 4084 lieo
356 4019 464 4084 sortis
490 4017 583 4084 inter
608 4038 671 4084 nos
695 4019 843 4085 fecimus
857 4068 866 4104 ,
891 4019 984 4084 sicut
1007 4036 1069 4104 por
1093 4021 1212 4102 partes
1244 4017 1338 4084 inter
1371 4016 1473 4082 nobis
1505 4013 1742 4104 complacuit,
1766 4021 1801 4081 et
1825 4014 1905 4082 illut
1929 4014 2023 4080 inter
2048 4032 2110 4079 nos

267 4172 494 4258 tradidimus
521 4177 678 4260 qualiter
703 4175 866 4260 superius
888 4175 1023 4240 dictum
1047 4177 1113 4257 est,
1138 4193 1220 4239 cum
1244 4173 1321 4240 bice
1345 4174 1388 4240 de
1412 4175 1472 4239 bia
1497 4172 1572 4258 ipsa
1596 4169 1776 4255 quainter
1801 4187 1864 4234 nos
1887 4186 2036 4233 comune
2060 4167 2113 4232 di-

268 4328 440 4416 11110110υο,
466 4337 504 4397 at
527 4331 701 4399 securiter
725 4339 760 4398 et
784 4331 937 4398 firmiter
962 4331 1086 4398 amodo
1111 4337 1146 4396 et
1170 4347 1307 4414 semper
1323 4345 1386 4394 nos
1410 4332 1445 4392 ct
1470 4326 1601 4391 nostris
1625 4323 1790 4390 eredibus
1815 4323 1896 4388 illut
1920 4322 2110 4408 abendam,

265 4485 532 4570 dominandum,
557 4485 817 4571 possidendum,
842 4491 877 4552 et
900 4484 1020 4552 omnia
1043 4483 1173 4550 exinde
1198 4482 1398 4550 laciendum
1424 4480 1665 4566 unusquisque
1689 4478 1732 4544 de
1749 4496 1815 4545 sua
1838 4476 2009 4560 sortione,
2026 4496 2115 4562 qua-

268 4640 348 4706 liter
371 4637 431 4705 ille
454 4657 679 4724 compreense
702 4640 861 4722 abemus,
885 4635 1006 4703 omnia
1030 4637 1122 4721 quod
1145 4635 1376 4720 uoluerimus,
1407 4653 1540 4721 apsque
1572 4633 1669 4698 omni
1693 4630 1949 4698 contrarietate
1973 4629 2028 4695 vel
2062 4650 2115 4694 10-

266 4792 461 4880 quisitione
484 4795 526 4861 de
553 4813 624 4862 una
647 4813 732 4880 pars
756 4793 870 4862 altera
896 4794 990 4862 inter
1014 4811 1077 4859 nos
1100 4797 1135 4858 et
1158 4791 1289 4857 nostris
1320 4789 1503 4872 eradium,
1531 4793 1594 4854 aut
1618 4787 1785 4872 cuiquam
1817 4785 2008 4867 ominibuS,
2032 4803 2112 4850 cum

269 4953 343 5018 llice
367 4951 409 5017 de
435 4949 512 5034 ipsa
536 4949 596 5015 bia
619 4968 696 5016 sua.
721 4949 818 5016 Unde
843 4966 906 5033 pro
930 4946 1051 5014 taliter
1076 4963 1138 5032 per
1163 4946 1255 5010 bona
1287 4940 1548 5008 combenientia
1581 4940 1658 5005 rice
1689 4955 1769 5004 mea
1799 4941 1836 5003 ot
1865 4937 1943 5003 vice
1971 4935 2014 5002 de
2039 4939 2117 5023 ipsa

270 5125 377 5174 uxore
401 5125 480 5174 mea
503 5105 636 5193 guadia
661 5105 749 5171 mihi
781 5103 849 5190 ipsi
881 5106 1003 5190 petrus
1026 5107 1060 5170 ct
1085 5098 1306 5170 landenollus
1337 5095 1526 5177 dederunt,
1551 5099 1586 5162 et
1610 5095 1842 5161 mediatorem
1873 5092 1960 5158 milii
1992 5111 2115 5176 posue-

270 5270 354 5330 runt
378 5263 564 5350 iaquinms
588 5261 683 5330 filius
707 5262 866 5349 potelrit3
891 5265 926 5327 et
950 5279 1012 5346 per
1037 5259 1116 5344 ipsa
1141 5254 1275 5341 guadia
1299 5255 1363 5319 etc.
1390 5253 1537 5319 Statota
1555 5253 1690 5320 medela
1704 5247 1963 5334 quinquaqinta
1991 5246 2113 5312 solido·

271 5441 351 5486 rara
370 5423 456 5486 0011
469 5421 856 5488 0010010011010001001.
876 5418 992 5484 etheo
1009 5412 1113 5481 sortis
1130 5412 1223 5478 inter
1242 5428 1305 5476 nos
1320 5415 1355 5476 et
1372 5407 1504 5475 nostris
1529 5404 1694 5473 creditus
1718 5401 1814 5468 omni
1839 5407 1993 5485 tempore
2010 5399 2111 5464 firme

270 5586 304 5644 ot
327 5577 456 5647 stabile
479 5576 710 5662 permanead,
734 5574 826 5641 sicut
849 5570 1013 5656 superius
1038 5565 1208 5634 diximus.
1235 5564 1490 5632 Verumtamen
1515 5577 1555 5624 oc
1579 5573 1827 5639 memoramuS,
1852 5553 1967 5618 omnis
1990 5569 2118 5636 supra-

273 5733 405 5820 scripta
429 5730 612 5798 mensoria
636 5733 842 5796 mensurata
866 5723 933 5791 fuit
957 5723 1000 5791 ad
1027 5725 1117 5790 iusto
1140 5736 1283 5805 passum
1307 5716 1429 5782 omini.
1449 5714 1491 5780 Et
1509 5733 1577 5781 unc
1596 5714 1736 5780 brebem
1754 5707 1879 5796 scripsi
1898 5725 1963 5794 ego
1979 5709 2118 5774 cicerus

272 5889 431 5959 notarius
454 5889 516 5975 qui
541 5888 701 5956 interlui.

424 6046 491 6103 'lon
516 6063 550 6102 11.
1932 6021 1968 6078 23
