5376 7104
619 558 688 629 248
1256 555 1426 628 CODEX
1460 557 1721 631 unvhltsls

571 781 691 868 cripta
714 783 871 851 transire
895 783 1200 869 presumserimus,
1224 785 1288 850 aut
1311 781 1389 867 ipsa
1412 776 1572 866 predicta
1595 780 1712 866 cripta
1735 779 1834 846 vobis
1859 779 1915 846 vel
1940 783 1978 847 at
2002 780 2130 848 vestris
2147 779 2337 850 heredibus
2352 781 2418 850 tol-

570 934 643 1002 lere
667 934 897 1021 voluerimus,
922 951 1129 1020 componere
1152 931 1393 1019 promittimus
1415 948 1480 998 nos
1503 935 1539 999 et
1561 930 1676 998 nostri
1700 930 1830 1016 posteri
1855 931 2067 999 successoris
2096 932 2195 1000 vobis
2224 935 2260 1001 et
2288 937 2328 1002 at
2357 951 2416 1003 ve·

568 1087 661 1153 stris
683 1085 875 1155 heredibus
899 1085 979 1155 auri
1002 1083 1104 1152 solidi
1128 1088 1270 1152 centum
1292 1056 1480 1170 bitiantei,
1507 1085 1544 1151 et
1566 1086 1632 1151 hec
1655 1083 1821 1154 chartula
1843 1082 1891 1152 sit
1914 1084 2017 1154 firma
2048 1085 2087 1152 in
2110 1088 2332 1172 perpetuum.
2357 1086 2415 1154 So-

569 1236 745 1305 lummodo
768 1235 1003 1322 reclaramus,
1027 1239 1067 1303 ut
1090 1233 1120 1302 si
1144 1233 1372 1321 perdideritis
1395 1250 1456 1300 vos
1479 1232 1534 1299 vel
1558 1231 1686 1301 vestris
1708 1232 1897 1302 heredibus
1921 1233 2066 1321 aliquod
2090 1237 2132 1304 de
2157 1236 2234 1323 ipsa
2250 1235 2412 1323 predicta

568 1391 821 1478 hereditatem,
845 1410 954 1477 quam
976 1387 1075 1456 vobis
1097 1386 1198 1454 modo
1223 1385 1400 1472 dedimuS,
1425 1385 1542 1454 redire
1566 1386 1664 1453 vobis
1695 1386 1853 1455 debeatis
1881 1391 1920 1456 at
1950 1389 2029 1478 ipsa
2059 1389 2220 1477 predicta
2247 1407 2411 1477 compara

462 1609 464 1614 ,
567 1543 809 1632 suprascripti
833 1543 942 1611 vestri
965 1540 1150 1629 genitoris.

613 1669 645 1785 †
670 1713 735 1783 ego
758 1698 933 1764 iohannes
956 1694 1052 1761 filius
1075 1691 1193 1760 niceto
1216 1694 1497 1779 protospatharii
1520 1695 1623 1764 testis
1645 1713 1724 1764 sum

610 1820 643 1936 †
666 1847 732 1928 Εγο
754 1844 901 1927 μιλελιτος
920 1842 1027 1925 pallor
1049 1842 1210 1928 προὸχυρω
1234 1841 1256 1922 ¹)

611 1972 643 2087 †
668 1998 758 2084 (Epo
779 1993 947 2060 miletitus
970 1992 1073 2058 ntulit
1097 1991 1223 2072 testor)

611 2125 644 2240 †
669 2152 743 2237 Ego
767 2145 907 2234 sergius
930 2143 1027 2211 filius
1049 2139 1266 2210 constantini
1290 2141 1384 2208 filius
1408 2142 1507 2210 leone
1530 2143 1573 2211 de
1596 2145 1824 2214 constantino
1848 2146 1976 2216 comite
1999 2149 2103 2218 testis
2126 2167 2206 2216 sum

612 2278 644 2392 †
668 2305 743 2389 Ego
767 2299 939 2366 iohannes
963 2295 1080 2362 serina
1105 2295 1199 2362 filius
1223 2294 1364 2382 pulcari
1390 2293 1533 2381 scripsi.

1250 2549 1727 2564 Ἣ

1225 2927 1229 2936 ,
1293 2841 1657 2923 DCLXXXII.
1699 2842 1700 2846 ‘

1343 3099 1392 3176 D.
1422 3101 1476 3176 A.
1507 3099 1628 3178 1014.

609 3337 646 3476 †
669 3389 709 3454 ln
732 3387 875 3453 nomine
900 3383 1034 3452 domini
1059 3387 1225 3453 vicesimo
1249 3391 1350 3456 sexto
1374 3389 1495 3454 hanno
1518 3387 1742 3474 principatus
1765 3387 1885 3456 domni
1911 3387 2022 3456 nostri
2039 3389 2237 3476 guaimarii
2254 3390 2407 3480 glorioso

568 3541 745 3627 principe,
769 3559 890 3609 mense
913 3541 1111 3626 december,
1135 3539 1382 3608 tertiadecima
1406 3539 1612 3608 indictione.
1638 3540 1787 3626 Ideoque
1811 3558 1875 3608 nos
1898 3539 2027 3608 mulier
2043 3542 2187 3610 nomine
2203 3546 2315 3615 senda
2331 3547 2406 3616 illia

567 3695 683 3764 selicti
707 3695 837 3764 relicta
858 3694 1015 3781 iaquinti
1040 3693 1106 3762 filii
1130 3694 1353 3780 machenolfl,
1377 3699 1413 3762 et
1436 3695 1528 3762 mari
1553 3693 1649 3760 illius
1672 3694 1830 3780 ipsorum
1854 3695 2025 3782 iaquinti,
2040 3699 2077 3764 et
2092 3697 2203 3767 senda
2225 3699 2407 3770 clarefeci-

571 3868 650 3916 mus
674 3847 871 3918 comuniter
896 3851 1002 3916 abere
1026 3865 1099 3915 una
1122 3847 1223 3932 pecia
1246 3846 1288 3913 de
1311 3851 1410 3914 terra
1433 3850 1555 3914 nostra
1578 3865 1658 3914 cum
1682 3847 1838 3916 arbustis
1861 3848 1997 3937 vitatis,
2015 3850 2077 3916 ubi
2101 3850 2146 3918 ad
2169 3855 2403 3924 catamaurici

568 3998 717 4086 dicitur,
741 4018 822 4066 cum
845 3998 1063 4086 grimoaldus
1085 4002 1277 4085 cognatum
1301 4001 1336 4064 et
1359 3996 1434 4063 thio
1449 4001 1619 4064 nostrum
1643 4017 1705 4084 per
1728 3999 1794 4066 hec
1819 3997 1900 4066 finis
1922 4004 1958 4068 et
1982 4002 2175 4072 mensurio:
2200 4023 2223 4072 a
2245 4025 2329 4093 pars
2351 4027 2407 4076 oo·

567 4153 724 4222 ridentis
747 4154 818 4220 fine
841 4153 915 4239 via,
939 4157 1023 4220 sunt
1046 4151 1129 4219 inde
1152 4150 1248 4238 passi
1274 4149 1406 4237 viginti
1430 4154 1465 4218 et
1488 4149 1656 4219 medium:
1682 4171 1704 4220 a
1726 4152 1987 4237 septemtrionis
2016 4153 2087 4222 fine
2116 4157 2159 4224 de
2188 4161 2409 4230 consortibus

565 4306 720 4392 nostris,
745 4309 828 4372 sunt
851 4305 934 4372 inde
957 4303 1053 4390 passi
1077 4301 1341 4390 quinquaginta
1364 4320 1499 4368 unum:
1525 4304 1577 4376 ab¹
1593 4303 1730 4370 oriente
1752 4303 1824 4371 fine
1848 4308 2038 4390 nostraque
2061 4313 2176 4376 mater
2205 4313 2242 4377 et
2271 4311 2408 4402 tilium,

566 4464 652 4529 sunt
674 4458 827 4546 indeque
852 4457 948 4544 passi
972 4456 1102 4545 viginti
1127 4473 1252 4523 unum:
1277 4475 1300 4524 a
1323 4455 1472 4523 meridie
1496 4455 1566 4526 fine
1589 4455 1753 4524 similiter
1769 4456 1811 4524 de
1827 4457 2048 4526 consortibus
2063 4462 2207 4549 nostris,
2223 4472 2309 4534 sunt
2322 4467 2404 4536 inde

567 4611 667 4698 passi
691 4610 757 4682 alii
780 4610 1046 4698 quinquaginta
1070 4627 1199 4696 unum,
1222 4611 1336 4676 totum
1359 4607 1405 4675 ad
1428 4607 1520 4674 iusto
1544 4623 1687 4694 passum
1710 4607 1845 4674 homini
1869 4616 2139 4700 mensuratum3
2163 4615 2206 4682 de
2228 4617 2293 4685 hec
2317 4637 2400 4688 vero

570 4764 674 4852 pecia
698 4764 740 4832 de
763 4767 864 4834 terra
886 4779 948 4851 per
972 4761 1139 4831 iamdicte
1162 4759 1246 4828 finis
1269 4765 1304 4830 et
1325 4761 1505 4828 mensurio
1529 4761 1630 4829 nobis
1645 4761 1706 4848 qui
1722 4781 1833 4848 supra
1850 4767 1964 4831 mater
1980 4767 2015 4832 et
2030 4763 2145 4834 fllium
2163 4767 2246 4838 inde
2261 4775 2317 4840 est
2331 4791 2409 4860 per-

567 4917 728 4986 tinentes
751 4917 989 5003 medietatem,
1013 4920 1049 4983 et
1075 4913 1185 5000 ipsius
1208 4913 1398 5000 grimoaldi
1422 4913 1586 4983 similiter
1601 4914 1839 5002 medietatem3
1862 4921 1899 4985 et
1921 4935 2119 5006 congruum
2144 4925 2197 4991 est
2211 4924 2313 4992 nobis
2329 4927 2405 5014 ipsa

571 5073 697 5139 nostra
720 5069 911 5138 medietate
933 5067 1065 5136 donare
1087 5067 1200 5156 ipsius
1222 5065 1411 5154 grimoaldi
1434 5069 1623 5154 cognatum
1647 5071 1683 5136 et
1704 5067 1780 5136 thio
1803 5073 1975 5138 nostrum.
2001 5073 2047 5140 Et
2070 5072 2162 5163 ide0,
2189 5073 2281 5146 sicut
2306 5083 2407 5150 nobis

571 5243 772 5314 congruum
795 5230 869 5312 est,
893 5226 984 5292 bone
1008 5227 1127 5291 nostre
1149 5220 1356 5308 voluntatis,
1380 5225 1499 5291 tamen
1522 5239 1587 5310 ego
1610 5221 1793 5292 nominate
1816 5223 1945 5294 mulier
1967 5243 2031 5312 per
2054 5245 2267 5299 consensum
2289 5238 2328 5303 et
2357 5253 2413 5303 vo·

568 5377 742 5449 luntatem
766 5377 877 5466 ipsius
900 5377 992 5447 mari
1017 5376 1113 5446 tilius
1135 5395 1254 5463 meus,
1277 5376 1317 5444 in
1339 5377 1441 5445 cuius
1463 5375 1651 5444 mundium
1675 5393 1731 5445 me
1753 5378 1938 5448 subiacere
1960 5381 2189 5472 polemicam,
2218 5391 2303 5456 ante
2331 5406 2407 5476 pre·

607 5811 631 5888 ¹)
652 5811 734 5872 Vide
759 5810 938 5871 sac-simile
963 5811 995 5869 in
1020 5811 1084 5870 line
1103 5807 1172 5868 Vol.
