5318 7102
926 559 1107 632 REGUM
1137 557 1464 630 FRANCOlthl
2049 549 2071 614 9
2141 553 2146 562 ’

251 777 384 849 11111111
411 801 505 866 vero,
527 803 593 873 que
612 781 770 852 ecelesiis
789 780 925 852 noviter
943 781 1103 876 imposita
1121 787 1215 866 sunt,
1236 779 1455 875 amputanda,
1475 786 1510 849 et
1527 801 1596 847 non
1625 777 1753 846 maiora
1771 797 1873 867 quam
1899 768 2115 844 consuetudo

301 939 453 1024 lucrant,
483 937 684 1032 accipienda
710 937 896 1010 sensimus.

249 1097 298 1168 De
324 1096 470 1169 decimis
497 1119 592 1183 veru,
621 1119 707 1189 quae
726 1121 745 1166 a
762 1095 889 1191 populo
907 1095 1114 1190 implebibus
1141 1097 1195 1168 vel
1221 1097 1475 1168 bastismalium
1494 1095 1674 1168 aecclesiis
1691 1091 1853 1180 11111111,
1878 1091 1974 1166 11111
1991 1090 2115 1164 exinde

297 1279 375 1350 pars
402 1255 543 1326 maioris
569 1255 759 1327 aecclesiae
786 1253 841 1324 rel
869 1255 1030 1349 episcopo
1057 1255 1256 1349 inponatur.

251 1415 421 1487 Volumus
448 1414 572 1508 primo,
595 1423 631 1485 ut
650 1436 763 1506 neque
790 1411 940 1498 abbates,
969 1416 1036 1485 hut
1061 1414 1257 1509 presbiteri,
1279 1437 1389 1510 neque
1416 1415 1568 1501 diaconi,
1589 1437 1701 1508 neque
1729 1411 1891 1510 quislibet
1917 1414 1959 1488 de
1985 1395 2113 1498 cleros,

301 1573 343 1644 de
370 1573 528 1667 personis
547 1571 634 1658 suis,
656 1572 698 1642 ad
716 1571 865 1666 publica,
886 1572 941 1642 vel
960 1573 1002 1644 ad
1020 1573 1191 1646 secularia
1209 1573 1339 1648 iudicia
1355 1583 1526 1662 traantur,
1555 1576 1611 1646 vel
1629 1574 1896 1668 distringantur,
1925 1572 1987 1644 sed
2005 1569 2115 1642 esuis

297 1733 482 1827 episeopis,
512 1741 571 1804 aut
596 1732 740 1803 iudicati
759 1733 926 1804 iustitiam
953 1735 1093 1808 1111111.
1123 1735 1160 1807 Si
1179 1745 1293 1808 autem
1312 1737 1354 1844 de
1374 1735 1651 1832 possessionibus
1670 1732 1937 1807 aecclesiasticis
1955 1754 2017 1803 seu
2036 1753 2114 1826 pro-

298 1891 397 1986 priis,
427 1914 530 1985 super
556 1916 615 1962 eos
642 1893 772 1963 clamor
798 1894 840 1964 ad
857 1893 1010 1965 iudicem
1028 1895 1176 1982 venerit,
1205 1895 1317 1968 mittat
1336 1897 1443 1972 iudex
1460 1898 1648 1967 clamantes
1674 1917 1753 1964 cum
1772 1891 1878 1964 misso
1898 1915 1961 1963 suo
1979 1891 2020 1961 ad
2039 1889 2113 1984 epi-

299 2073 416 2144 scopa,
447 2059 485 2124 ut
511 2050 613 2122 faciat
631 2050 663 2120 ei
681 2075 741 2146 per
759 2051 922 2125 abbocato
937 2053 1104 2125 iustitiam
1123 2055 1312 2150 percipere.
1334 2057 1371 2128 Si
1389 2079 1471 2127 vero
1488 2053 1568 2128 talis
1586 2053 1733 2150 aliquam
1747 2052 1839 2122 inter
1853 2072 1912 2121 eos
1926 2046 2073 2121 intentio
2087 2050 2113 2144 Ι)

300 2210 399 2283 horta
425 2211 532 2282 luerit
557 2233 621 2306 que
648 2234 707 2306 per
726 2234 762 2283 se
781 2211 956 2306 pacificam
974 2237 1043 2284 non
1062 2214 1173 2302 vellit,
1202 2218 1268 2288 Aut
1285 2240 1354 2287 non
1373 2217 1519 2310 possint,
1550 2213 1648 2283 Tunc
1666 2233 1726 2306 per
1752 2208 1933 2281 abbaeatus
1960 2206 2112 2303 episcopi

301 2371 398 2467 quale
425 2371 581 2459 iusserit,
602 2371 675 2467 ipsa
693 2397 796 2444 eausa
822 2382 900 2445 ante
919 2377 1051 2461 11111111,
1072 2377 1127 2446 rel
1145 2375 1260 2448 iudice
1279 2375 1407 2460 ueniat,
1429 2382 1462 2444 et
1481 2372 1528 2444 ibi
1543 2372 1736 2444 secundum
1755 2370 1923 2441 iustitiam
1943 2368 2112 2440 rationem

300 2532 440 2604 finiatur
467 2541 546 2604 1111
573 2533 648 2604 eius
675 2537 786 2628 posito
813 2557 958 2629 persona
984 2534 1206 2620 elericorum,
1235 2532 1325 2605 siout
1353 2527 1455 2627 sdpra
1482 2533 1614 2604 dictum
1641 2537 1693 2600 est
1718 2531 1754 2624 ²).

250 2692 294 2763 Ut
319 2694 361 2763 de
387 2692 539 2778 clericis,
561 2717 623 2765 seu
641 2696 802 2766 monaehi
821 2703 997 2790 uagantes,
1018 2695 1091 2766 sive
1110 2695 1152 2765 de
1171 2694 1243 2787 ipsa
1261 2690 1456 2787 parrochia,
1477 2713 1538 2761 seu
1556 2688 1696 2760 aliunde
1715 2686 2014 2782 supervenientes,
2035 2685 2111 2758 sine

301 2875 510 2924 eonsensum
538 2853 688 2948 episcopi
715 2876 759 2924 nc
786 2854 1032 2948 suscipiantur.

179 2992 182 2997 ⁸
250 3012 294 3084 Ut
321 3013 500 3084 aecclesiis
525 3013 739 3108 baptismalis
766 3011 806 3083 ab
833 3013 886 3082 his
905 3013 962 3107 qui
980 3010 1119 3096 debent,
1139 3017 1392 3096 restaurentur,
1421 3009 1464 3079 ut
1490 3008 1637 3102 singulis
1655 3015 1756 3102 prout
1776 3005 1985 3102 possibilitas
2003 3005 2110 3079 luerit

296 3173 526 3259 restaurandi,
556 3196 625 3244 non
644 3197 746 3267 supra
763 3179 955 3268 reputetur.
984 3172 1053 3242 llec
1079 3169 1157 3240 ideo
1176 3169 1324 3240 dicimus
1341 3167 1465 3262 quibus
1483 3165 1519 3235 in
1534 3164 1741 3259 quibusdam
1759 3165 1845 3237 locis
1864 3167 2029 3261 quosdam
2047 3187 2109 3262 per

294 3331 477 3423 pecuniam
496 3332 795 3405 consentientibus
813 3331 983 3429 magistri,
1003 3331 1073 3403 Sed
1092 3324 1376 3401 subtrahentibus
1394 3325 1565 3418 magistri,
1594 3322 1875 3395 subtrahentibus
1894 3324 2105 3410 audivimus;

295 3487 374 3561 ldco
401 3491 560 3564 homines
586 3491 842 3564 ecclesiasticos
868 3514 928 3586 per
955 3489 1143 3561 aecclesiae
1170 3487 1365 3560 ministerio
1394 3485 1554 3556 ordinare
1581 3492 1726 3578 oportet.

246 3650 291 3722 Ut
317 3649 441 3743 placita
465 3651 614 3745 publica,
643 3653 698 3723 rel
724 3651 907 3736 secularia,
936 3672 1046 3745 neque
1073 3649 1213 3733 comite,
1242 3669 1307 3717 nec
1332 3644 1430 3716 nullo
1458 3645 1636 3714 ministros
1662 3665 1757 3728 suos,
1777 3641 1837 3714 ,vel
1865 3640 2013 3728 iudices,
2041 3663 2106 3716 nec

296 3813 332 3882 in
359 3779 684 3886 aecclesiasticum
710 3812 916 3898 iacentibus,
944 3809 1000 3883 vel
1026 3808 1283 3894 coherentibus,
1311 3808 1511 3880 nullatenus
1536 3811 1696 3877 teneatur
1721 3802 1758 3898 ³).

244 3972 291 4044 Ut
316 3973 406 4044 servi
432 3975 602 4061 aldiones,
622 3974 786 4046 libellarii
804 3972 936 4067 antiqui
954 3971 1008 4045 rel
1027 3970 1079 4042 illi
1097 3969 1260 4042 noviliter
1278 3967 1358 4040 11111
1376 3965 1414 4063 ⁸),
1436 3967 1493 4061 qui
1511 3987 1581 4036 non
1599 3961 1732 4050 lraude,
1753 3983 1818 4034 nec
1835 3985 1895 4056 per
1913 3963 1980 4035 alio
2008 3963 2105 4060 inge·

285 4638 308 4718 1)
332 4661 346 4696 u
370 4638 524 4714 Intentio,
548 4657 629 4718 quae
652 4639 770 4718 1111111·
792 4641 829 4699 in
851 4638 975 4707 edictis,
1000 4637 1088 4697 idem
1109 4635 1186 4696 oli-ru
1207 4629 1413 4712 siqnificubat
1441 4635 1536 4710 atque
1559 4625 1726 4692 contentio
1744 4647 1772 4686 u.
1790 4624 1919 4705 (Murat.
1943 4643 2016 4705 pag.
2040 4626 2103 4691 105

242 4787 328 4850 11111
349 4787 411 4866 11).

284 4933 306 5013 ²)
327 4933 412 4996 Mur.
435 4932 546 4996 XCIX.

282 5081 306 5163 ⁸)
326 5081 411 5143 Mur.
437 5080 531 5142 CXX.

279 5229 303 5310 ι)
327 5252 341 5285 u
365 5225 452 5290 nloii
472 5232 538 5290 stae
559 5223 714 5290 Aldiones
735 5231 804 5286 tarn
824 5224 962 5285 musculi
984 5239 1082 5300 quarn
1102 5220 1246 5299 feminae
1268 5215 1555 5296 distinguebantur
1577 5233 1598 5276 α
1613 5212 1751 5291 proprie
1781 5211 1956 5289 appellatis
1984 5211 2098 5274 seruis.

240 5399 255 5432 «
279 5377 330 5436 Ad
351 5377 510 5456 quasdam
530 5393 656 5453 operas,
680 5373 807 5434 rurales
824 5371 1033 5448 praesertim,
1053 5367 1272 5447 praestandas
1294 5383 1326 5427 se
1348 5364 1561 5444 ohbtiqubont,
1588 5369 1622 5423 at
1641 5361 1780 5422 ruiniaco
1796 5359 1835 5420 ab
1852 5358 1989 5420 arbitrio
1999 5358 2100 5435 pleno

240 5545 255 5580 1
280 5523 484 5584 docrinarum
501 5521 697 5600 pendebunt,
722 5519 843 5597 qnippe
866 5517 904 5580 ab
926 5517 970 5578 iis
985 5515 1059 5596 iarn
1081 5517 1195 5596 aliqua
1216 5515 1376 5578 libertatis
1397 5514 1503 5592 specie
1525 5511 1650 5574 dortati.
1666 5545 1707 5554 -
1722 5509 1755 5590 (†
1777 5508 1826 5568 Du
1855 5508 1964 5583 Gange
1987 5503 2096 5568 Gloss.

241 5693 254 5726 1
279 5691 310 5732 r.
334 5669 458 5737 Aldius.
474 5707 515 5716 -
529 5667 718 5744 1111111111,
743 5668 829 5728 servi
847 5685 910 5745 per
930 5665 1100 5740 Libellum,
1123 5683 1180 5727 seu
1196 5683 1260 5743 per
1282 5665 1431 5726 chartam
1451 5659 1660 5722 manumissi.
1685 5655 1858 5720 Libellarii
1881 5657 2023 5733 antiqui,
2047 5653 2099 5714 111

242 5841 256 5874 1
280 5819 408 5880 nouiter
428 5819 522 5898 sacti.
544 5863 551 5877 .
572 5863 578 5877 .
599 5863 606 5877 .
626 5837 655 5876 a.
679 5812 738 5895 (Id.
764 5811 810 5873 ib.
834 5831 864 5872 v.
888 5807 1082 5890 libellarii).

475 5965 546 6023 Tou.
567 5979 604 6021 11.
1851 5951 1867 6006 1
