5310 7080
980 521 1384 595 lllPLOMthCUS
1992 519 2055 590 lit

250 746 297 816 da
320 746 558 817 coniunctura
581 745 754 814 defluvio
777 745 896 816 alento
919 751 956 817 et
978 747 1036 816 riu
1060 750 1187 836 curbu,
1211 749 1382 836 quomodo
1405 747 1565 818 ascendit
1586 766 1650 836 per
1665 745 1825 835 predicto
1840 745 1947 814 lluvio
1963 742 2103 813 alento:

249 919 273 968 a
289 917 375 986 pars
392 899 541 969 meridie
564 919 678 988 usque
700 898 762 968 ubi
786 900 899 970 mittit
921 903 997 990 ipso
1020 901 1162 971 ballone
1185 903 1247 996 qui
1268 901 1466 970 desscendit
1489 920 1513 970 a
1534 917 1619 987 pars
1641 897 1791 968 orientis
1815 915 1921 984 super
1943 895 2024 982 ipsa
2049 912 2105 962 ec-

249 1048 358 1120 clesia
372 1055 409 1119 et
425 1051 597 1139 quomodo
620 1052 800 1122 asscendit
822 1072 886 1141 per
909 1052 1067 1141 predicto
1081 1051 1235 1122 ballone:
1252 1073 1275 1123 a
1290 1071 1375 1140 pars
1397 1053 1546 1121 orientis
1570 1069 1682 1138 usque
1706 1052 1745 1118 in
1761 1050 1839 1137 ipso
1855 1045 2103 1136 gualdizzulu:

249 1202 420 1290 desuper
452 1225 475 1274 a
498 1223 585 1292 pars
609 1206 926 1294 septentrionalis,
958 1206 1129 1295 quomodo
1159 1205 1338 1274 asscendit
1368 1222 1432 1290 per
1455 1202 1656 1291 predictum
1677 1201 1903 1290 gualdizzulu
1927 1219 2040 1286 usque
2066 1201 2106 1269 in

250 1355 327 1442 ipsa
351 1375 453 1428 serra
477 1361 514 1426 et
539 1359 733 1448 coniunget
755 1360 795 1428 in
817 1361 889 1431 fine
912 1360 956 1430 de
972 1361 1048 1449 ipso
1064 1359 1282 1428 monasterio
1306 1359 1422 1426 sancti
1446 1353 1683 1426 ianuarii:de
1704 1353 1954 1441 alienamque
1978 1353 2106 1441 latere,

250 1509 422 1594 quomodo
436 1510 619 1580 deseendit
639 1531 663 1581 a
682 1531 767 1617 pars
789 1511 983 1582 occidentis
1004 1530 1068 1600 per
1084 1511 1247 1600 predicta
1263 1511 1335 1578 fine
1349 1509 1465 1580 sancti
1490 1508 1649 1578 ianuarii
1665 1525 1776 1596 usque
1793 1507 1832 1575 in
1847 1507 1907 1574 riu
1923 1510 2052 1594 aurbu,
2068 1513 2106 1577 et

250 1663 424 1748 quomodo
447 1663 646 1734 desecendit
673 1685 737 1753 per
767 1666 843 1754 ipso
867 1668 925 1736 riu
948 1669 1063 1736 curbu
1085 1669 1122 1736 et
1145 1664 1331 1752 coniungit
1353 1667 1392 1734 in
1416 1667 1493 1752 ipso
1515 1665 1621 1732 llubio
1645 1663 1764 1734 alento
1786 1663 1906 1751 priore
1930 1663 2013 1730 llne.
2038 1682 2103 1750 per

249 1815 416 1886 iamdicte
441 1818 525 1886 finis
548 1838 629 1887 cum
653 1821 729 1907 ipso
752 1819 967 1890 monasterio
989 1825 1129 1890 etcum
1151 1820 1272 1890 omnia
1295 1817 1392 1887 inha
1425 1837 1464 1887 se
1487 1818 1700 1888 habentibus
1732 1817 1899 1888 inclitum
1931 1816 2014 1885 illut
2036 1817 2105 1904 ipsi

249 1969 440 2037 comitibus
462 1942 564 2038 nobis
586 1975 623 2040 ct
647 1973 693 2041 ad
716 1991 800 2061 pars
823 1973 992 2043 iamdicta
1014 1979 1135 2046 nostre
1156 1976 1329 2046 hecclesie
1353 1977 1469 2046 sancti
1494 1975 1619 2060 magni
1644 1973 1975 2055 confirmaberunt3
1998 1988 2108 2055 quam

250 2123 359 2192 etiarn
383 2129 420 2192 et
441 2125 748 2196 confirmaberunt
763 2129 865 2196 nobis
881 2131 917 2197 et
934 2129 973 2196 in
996 2129 1159 2216 predicta
1180 2133 1304 2200 nostra
1327 2129 1503 2200 hecclesia
1525 2132 1602 2219 ipse
1624 2134 1721 2199 terre
1744 2131 1807 2215 qni
1831 2132 1916 2196 sunt
1939 2124 2005 2195 illa
2022 2145 2108 2213 pars

250 2275 329 2362 ipso
352 2275 494 2347 ballone
518 2281 579 2366 qui
604 2283 659 2348 est
684 2279 723 2348 in
746 2284 850 2368 parte
874 2283 1023 2352 orientis
1045 2283 1108 2371 qui
1131 2283 1318 2370 pertinunt
1341 2287 1380 2353 in
1403 2283 1562 2371 predicto
1585 2281 1802 2352 monasterio
1828 2285 1951 2350 sancte
1974 2278 2102 2351 marie.

247 2429 312 2497 hec
330 2431 453 2500 omnia
476 2434 724 2522 suprascripta
739 2436 847 2504 rebus
869 2441 906 2506 et
927 2436 1200 2541 monasterium,
1225 2437 1318 2506 sicut
1340 2435 1477 2505 dictum
1501 2441 1569 2522 est,
1593 2437 1696 2504 nobis
1718 2441 1754 2504 et
1775 2436 1815 2503 in
1838 2435 2002 2522 partibus
2023 2452 2103 2521 pre·

247 2580 341 2651 dicte
364 2587 485 2653 nostre
500 2585 678 2655 hecclesie
701 2589 819 2656 sancti
842 2587 964 2676 magni
982 2587 1050 2676 ipsi
1074 2588 1264 2658 comitibus
1287 2589 1592 2659 confirmaberunt
1613 2591 1831 2660 trasactibus
1854 2587 1996 2657 nomine
2018 2591 2100 2657 eta

248 2737 423 2826 unditus,
448 2758 528 2806 cum
552 2740 630 2808 bice
654 2742 698 2811 de
721 2741 779 2811 bie
803 2761 865 2811 sue
887 2747 924 2812 et
946 2763 1028 2812 eum
1051 2743 1171 2812 omnia
1196 2742 1292 2812 infra
1316 2762 1354 2812 sc
1376 2743 1591 2813 habentibus
1620 2748 1657 2813 et
1680 2742 1757 2812 suis
1780 2741 2025 2830 pertinentiis,
2048 2742 2096 2811 ad

247 2892 420 2960 securiter
443 2899 480 2962 et
501 2897 654 2964 firmiter
678 2896 803 2966 amodo
825 2901 862 2967 et
885 2915 1022 2984 semper
1045 2917 1111 2984 ego
1135 2897 1326 2969 iamdictus
1349 2898 1504 2968 andreas
1526 2897 1637 2965 abbas
1661 2899 1697 2964 et
1719 2897 1809 2964 meis
1832 2895 2096 2964 successoribus

246 3048 281 3113 et
294 3063 380 3129 pars
394 3047 561 3116 iamdicta
584 3053 706 3117 nostre
721 3049 894 3119 hecclesie
910 3051 1027 3120 sancti
1050 3053 1172 3140 magni
1199 3051 1282 3120 illut
1305 3049 1522 3135 habendum,
1539 3047 1806 3134 dominandum,
1830 3048 2098 3134 possidendum,

245 3197 361 3263 omnis
384 3202 505 3265 nostre
521 3199 720 3268 hutilitatis
735 3201 812 3268 hibi
828 3200 1044 3288 laciendum,
1067 3203 1221 3289 qualiter
1245 3201 1475 3288 voluerimus,
1492 3205 1529 3268 ct
1545 3201 1710 3270 abbatem
1732 3202 1944 3286 potestatem
1966 3202 2095 3270 abeam

244 3363 308 3434 ego
324 3351 360 3415 et
376 3353 535 3434 posteros
558 3370 666 3439 meos,
684 3355 747 3438 qui
762 3353 912 3423 ecclesia
934 3355 1013 3442 ipsa
1028 3357 1145 3424 sancti
1166 3356 1292 3441 magni
1308 3354 1482 3440 tenuerit,
1497 3353 1536 3420 in
1553 3353 1629 3441 ipso
1644 3352 1860 3422 monasterio
1877 3355 2002 3420 sancte
2018 3371 2095 3422 ma-

244 3499 296 3567 rie
319 3500 500 3590 ordinare,
519 3505 624 3591 quale
640 3506 871 3592 boluerimus;
887 3511 922 3576 et
938 3511 1148 3594 potestatem
1164 3510 1359 3577 habeamus
1374 3509 1413 3575 in
1430 3509 1536 3575 rebus
1555 3504 1668 3592 ipsius
1685 3503 1894 3573 monasterii
1912 3505 2092 3591 heminae,

245 3653 367 3738 quales
390 3659 426 3722 et
449 3661 602 3742 quantos
626 3662 759 3728 habere
781 3661 1015 3747 potuerimus,
1033 3659 1083 3727 ibi
1101 3659 1243 3727 mittere
1266 3663 1303 3728 ct
1321 3657 1490 3726 ordinare
1513 3655 1559 3724 ad
1584 3655 1819 3725 laborandum
1843 3661 1879 3724 ct
1902 3661 2093 3743 pastenan-

243 3807 338 3894 dum3
362 3813 399 3875 et
422 3807 452 3876 si
467 3815 641 3899 potemus,
654 3812 794 3882 casales
809 3812 884 3880 sibe
900 3830 1025 3900 unum,
1043 3810 1098 3879 vel
1114 3811 1249 3899 plures,
1264 3812 1341 3879 hibi
1357 3811 1545 3894 saciamuS,
1562 3796 1598 3878 ct
1615 3810 1684 3896 ipsi
1710 3811 1872 3880 homines
1888 3813 1954 3879 snb
1970 3817 2093 3882 nostro

243 3961 403 4032 dominio
427 3968 614 4033 teneamus
628 3969 665 4034 et
679 3965 891 4054 iudicemus,
914 3968 967 4036 ita
991 3969 1031 4032 ut
1053 3965 1289 4035 ministeriale
1304 3964 1361 4032 rel
1376 3963 1502 4036 comite
1517 3964 1560 4032 de
1575 3963 1732 4034 maliano
1756 3967 1891 4037 nullam
1906 3969 2090 4054 pertinen·

243 4113 328 4184 tiam
351 4116 512 4185 habeant
534 4117 573 4186 in
598 4117 667 4204 ipsi
690 4119 867 4206 homines,
887 4135 950 4186 seu
973 4121 1008 4186 et
1031 4117 1223 4187 sortionem
1237 4119 1450 4204 potestatem
1465 4120 1640 4188 abeamus
1657 4118 1701 4188 de
1716 4120 1794 4208 ipsa
1817 4122 1923 4188 rebus
1944 4122 2088 4191 tradere

241 4271 276 4336 et
301 4269 515 4339 confirmare
537 4269 583 4338 ad
605 4269 658 4336 illi
683 4271 889 4338 hominibus
913 4273 975 4357 qui
999 4269 1044 4338 ad
1067 4270 1327 4359 pastenandum
1342 4270 1425 4339 inde
1440 4272 1605 4358 tulerint3
1629 4273 1838 4358 strumen,
1862 4275 1903 4339 ut
1926 4290 1998 4339 non
2021 4273 2087 4343 flat

240 4418 461 4507 haliquando
484 4423 704 4493 monasterio
728 4425 803 4510 ipso
827 4426 1067 4493 substractum
1091 4423 1134 4493 de
1157 4424 1323 4493 comitato
1345 4423 1517 4512 mellanc,
1541 4429 1595 4493 set
1617 4443 1754 4511 semper
1777 4443 1843 4513 ego
1859 4426 1914 4493 vel
1930 4429 2090 4514 posteros

239 4589 334 4640 meos
363 4572 485 4641 demus
514 4575 559 4644 ad
591 4577 661 4664 ipsi
685 4577 897 4665 comitibus,
927 4578 983 4646 vel
1007 4577 1053 4646 ad
1076 4576 1225 4664 posteris
1247 4595 1369 4644 eorum
1400 4577 1605 4664 peremnis
1636 4593 1772 4644 annum
1803 4595 1914 4646 unum
1940 4597 2092 4648 aureum

239 4728 311 4796 tari
332 4731 477 4797 bonum.
496 4730 539 4797 dc
555 4749 628 4816 qua
643 4749 705 4817 per
721 4733 815 4799 bona
831 4729 1093 4800 combenientia
1116 4730 1250 4818 guallia
1272 4730 1380 4798 michi
1398 4730 1465 4818 ipsi
1481 4732 1671 4800 comitibus
1694 4731 1881 4820 dederunt,
1904 4736 1941 4802 et
1957 4734 2095 4804 media·

240 4887 351 4952 torem
375 4883 463 4952 mihi
487 4888 683 4970 posuerunt
704 4886 826 4970 petrus
848 4901 964 4953 comes
986 4883 1083 4951 lilius
1107 4883 1285 4978 quondam
1307 4883 1401 4970 petri
1417 4883 1556 4954 comitis
1571 4885 1615 4955 de
1630 4889 1765 4956 matere
1779 4890 1820 4973 ¹);
1835 4891 1872 4957 et
1886 4903 1950 4974 per
1965 4887 2091 4957 eadem

239 5035 374 5126 guadia
397 5057 461 5125 per
485 5039 579 5106 bona
594 5039 858 5108 combenientia
880 5038 1132 5127 obligaberunt
1156 5055 1193 5106 se
1216 5043 1252 5108 et
1273 5036 1348 5105 suis
1370 5038 1520 5124 posteris
1551 5043 1587 5106 et
1609 5037 1774 5108 eredibus
1797 5039 1940 5109 illorum
1964 5039 2088 5110 amodo

237 5196 272 5262 et
288 5209 427 5279 semper
444 5190 692 5261 antistandum
708 5195 743 5261 et
758 5191 1014 5262 defensandum
1037 5191 1146 5261 michi
1162 5191 1303 5281 meique
1325 5197 1587 5264 successoribus
1609 5199 1646 5264 et
1668 5195 1714 5265 ad
1736 5214 1820 5284 pars
1842 5195 1999 5283 predicte
2022 5211 2086 5262 no-

238 5345 310 5412 stre
332 5343 507 5414 hecclesie
530 5344 646 5413 sancti
669 5345 794 5432 magni
819 5343 946 5413 inclita
973 5343 1180 5430 supradicta
1203 5345 1345 5416 illorum
1367 5345 1637 5418 confirmatione
1668 5349 1714 5419 da
1735 5351 1900 5418 omnibus
1932 5349 2089 5436 publicis

236 5611 393 5622 —--.---.
418 5617 425 5622 .
445 5617 468 5622 ..
489 5617 531 5624 ....
547 5615 684 5624 ..μ-...-

275 5805 295 5885 ’)
317 5805 452 5880 Mutare,
477 5827 564 5872 nunc
587 5809 725 5881 lictore,
751 5809 830 5872 urbs
854 5809 888 5870 in
913 5813 1044 5893 Apulia.

423 5957 492 6012 l'ou.
513 5973 539 6012 ιν
