5310 7080
533 554 597 624 llo
1171 557 1343 630 CODEX
1377 559 1643 632 Crtl'ENSlS

480 775 655 864 launegilt
680 779 795 867 ipsum
819 787 907 869 aput
931 801 994 850 nos
1019 803 1062 851 ea
1086 783 1225 852 ratione
1241 784 1358 872 obligo
1373 804 1429 854 me
1445 785 1506 872 qui
1522 803 1631 871 supra
1648 781 1842 850 madelmus
1866 785 1901 847 et
1925 777 2014 846 meis
2037 777 2203 846 eredibus
2227 796 2323 846 amo-

479 928 522 994 do
547 935 583 998 et
608 951 744 1020 semper
767 936 1012 1003 antistandum
1036 939 1073 1004 et
1096 937 1349 1005 defensandum
1372 937 1469 1003 vobis
1494 934 1673 1002 nominati
1700 934 1770 1000 viri
1795 936 1832 999 et
1857 933 1962 1000 uxori
1983 931 2079 1000 etad
2103 932 2230 999 vestris
2253 951 2333 1001 ere·

479 1083 582 1150 dibus
605 1089 678 1150 tota
701 1087 944 1173 suprascripta
968 1090 1090 1157 nestra
1113 1088 1304 1158 donatione
1324 1088 1369 1156 da
1384 1091 1498 1158 omnis
1513 1090 1674 1158 hemines
1699 1087 1891 1173 homnique
1917 1085 2096 1173 partibus;
2122 1090 2158 1153 et
2183 1089 2213 1155 si
2240 1087 2328 1154 illud

479 1237 662 1304 defensare
686 1256 807 1306 eorum
830 1259 900 1308 non
924 1243 1129 1328 potuerint,
1157 1242 1250 1310 sicut
1274 1246 1313 1311 in
1337 1243 1396 1310 lex
1421 1243 1721 1330 langobardorum
1752 1240 1795 1307 de
1825 1241 1957 1306 donum
1982 1242 2018 1306 et
2041 1239 2218 1324 launegilt
2242 1257 2328 1306 con-

481 1391 599 1476 tinet,
625 1391 799 1462 iustitiam
824 1414 944 1462 eorum
968 1397 1166 1482 persolbere
1189 1396 1377 1492 promisit3
1401 1401 1437 1464 et
1460 1397 1490 1462 si
1515 1394 1637 1462 taliter
1662 1412 1732 1459 nen
1757 1391 2030 1478 adimpleberint
2054 1397 2090 1459 et
2112 1392 2329 1476 qualiscum-

480 1564 548 1629 que
579 1549 802 1615 causationes
834 1547 919 1615 inde
950 1566 1071 1614 eorum
1102 1549 1347 1634 preposuerit,
1377 1547 1623 1634 quadraginta
1650 1548 1729 1614 auri
1764 1546 1892 1612 solidos
1924 1543 2169 1611 constantines
2203 1562 2325 1613 eorum

481 1715 690 1784 componere
714 1719 750 1766 se
774 1700 901 1784 suique
924 1700 1088 1767 enodibus
1103 1699 1290 1787 obligabit,
1308 1704 1344 1767 et
1361 1700 1451 1769 aliut
1467 1701 1639 1767 continet.
1657 1699 1791 1784 scripta
1814 1699 1953 1766 cartula
1976 1698 2055 1784 ipsa
2079 1714 2142 1783 per
2166 1696 2325 1764 ademari

482 1853 678 1938 netarium,
696 1857 731 1919 et
756 1853 885 1920 ibidem
908 1855 1031 1940 scripti
1056 1855 1213 1922 ademari
1242 1853 1351 1920 iudex
1373 1857 1408 1920 et
1431 1851 1655 1920 theodericus
1678 1850 1852 1918 notarius
1878 1869 1940 1917 seu
1964 1853 1999 1916 et
2025 1849 2231 1916 ostederunt
2254 1849 2323 1936 ipsi

483 2007 598 2070 mater
628 2009 664 2070 et
695 2005 769 2071 filio
799 2005 873 2072 alia
903 2005 1042 2074 cartula
1073 1979 1322 2073 bicariationis
1352 2005 1621 2073 continentem:
1655 2005 1693 2070 in
1725 2005 1867 2070 nemine
1899 2001 2034 2069 domini
2066 2002 2202 2069 decimo
2234 2023 2330 2070 anuo

481 2156 706 2242 principatus
730 2159 848 2224 domni
873 2157 986 2226 nostri
1011 2158 1180 2242 iohanni,
1209 2163 1246 2228 et
1277 2159 1403 2244 quinto
1433 2177 1529 2224 anno
1558 2157 1781 2244 principatus
1805 2157 1924 2223 domni
1948 2155 2129 2242 guaimari
2153 2155 2230 2222 eius
2253 2155 2328 2222 filio

483 2308 627 2394 gloriosi
657 2309 858 2398 priucipiS,
890 2330 1009 2376 mense
1048 2310 1190 2398 aprelis,
1222 2314 1325 2378 sexta
1357 2312 1565 2380 indictione.
1598 2312 1745 2398 ideoque
1777 2329 1842 2397 ego
1875 2311 2071 2378 madelmus
2102 2308 2196 2374 filius
2219 2324 2329 2393 quon-

486 2463 572 2531 dam
598 2463 766 2550 iaquinti,
792 2465 885 2531 sicut
907 2465 996 2532 milri
1020 2483 1217 2552 congruum
1240 2469 1306 2550 est,
1324 2467 1414 2534 bona
1430 2485 1509 2533 mea
1533 2465 1724 2534 bolumtate
1740 2471 1823 2533 ante
1846 2463 2035 2552 subscripti
2062 2463 2197 2531 idoneis
2221 2463 2332 2530 homi-

489 2617 596 2686 nibus
621 2639 682 2705 per
707 2638 775 2686 ane
807 2619 984 2686 cartulam
1015 2617 1261 2686 bicariationis
1294 2619 1441 2686 hordine
1465 2620 1678 2687 tradidimus
1709 2619 1806 2685 vobis
1837 2619 1933 2703 sergi
1958 2617 2157 2685 atrianensi
2182 2621 2332 2704 cognato

480 2791 581 2839 meus
604 2770 677 2838 filio
702 2772 878 2857 quondam
912 2775 985 2839 ursi
1011 2777 1046 2840 et
1069 2772 1289 2858 imperatisse
1313 2791 1486 2859 germana
1517 2791 1596 2838 mea
1627 2789 1737 2838 uxore
1769 2773 1901 2855 tuaque
1936 2769 2033 2857 sergi
2063 2789 2137 2838 una
2168 2769 2268 2857 pecia
2289 2771 2331 2838 de

480 2933 580 2997 terra
605 2944 789 2994 nicaeum
815 2928 942 3011 biuea,
966 2931 1002 2993 et
1024 2925 1202 3013 aliquanti
1235 2927 1379 3011 insites,
1403 2931 1439 2993 et
1463 2930 1616 2993 bacuum
1641 2944 1710 2992 uno
1736 2925 1891 2992 leniente
1924 2927 2016 3012 quod
2040 2928 2126 2992 abeo
2152 2926 2191 2992 in
2217 2925 2333 2991 locum

488 3081 734 3164 transbeneia,
761 3079 820 3145 ubi
844 3080 987 3166 proprio
1011 3079 1055 3146 ad
1080 3077 1178 3145 clusa
1200 3078 1344 3165 dicitur,
1369 3099 1432 3164 per·
1456 3100 1495 3145 ec
1519 3081 1601 3146 finis
1623 3085 1659 3147 et
1682 3082 1874 3146 mensurio:
1901 3081 1944 3147 de
1969 3099 2040 3146 una
2057 3083 2158 3164 parte
2182 3080 2252 3144 fine
2275 3099 2333 3145 ve-

482 3240 556 3304 stra
581 3235 643 3318 qui
669 3253 776 3317 supra
800 3234 870 3300 riri
896 3237 931 3298 et
955 3251 1078 3316 uxore,
1103 3237 1187 3298 sunt
1211 3233 1293 3298 inde
1317 3235 1412 3318 passi
1438 3232 1569 3319 biginti
1586 3250 1709 3299 unum:
1727 3235 1769 3300 de
1786 3232 1859 3302 alia
1875 3241 1977 3318 parte
1993 3235 2063 3298 fine
2081 3231 2231 3299 roderici
2250 3249 2333 3298 con-

482 3388 627 3454 sobrino
651 3389 797 3455 fratrem
821 3406 938 3454 meum
961 3385 1075 3452 filium
1098 3386 1265 3472 moraldi,
1282 3385 1374 3452 sicut
1398 3386 1533 3452 termiti
1557 3385 1630 3452 ficti
1648 3355 1743 3470 sunt,
1762 3391 1844 3453 sunt
1867 3385 1950 3452 inde
1967 3385 2062 3470 passi
2087 3387 2333 3471 quadraginta

483 3559 605 3608 unum:
632 3545 667 3608 et
692 3540 930 3624 coniungente
956 3537 993 3602 in
1018 3537 1077 3604 bia
1100 3556 1285 3604 commune
1309 3539 1351 3605 de
1373 3537 1447 3605 alia
1471 3543 1573 3624 parte
1597 3541 1667 3604 line
1691 3540 1768 3626 ipsa
1791 3540 1850 3607 bia
1873 3557 2073 3625 commune,
2089 3543 2125 3605 et
2141 3539 2224 3606 inde
2243 3543 2327 3604 sunt

484 3696 581 3783 passi
605 3693 666 3761 alii
693 3692 823 3778 viginti
841 3709 965 3758 unum:
990 3690 1089 3757 etde
1114 3689 1187 3758 alia
1210 3694 1311 3777 parte
1335 3692 1405 3758 line
1429 3691 1493 3758 risi
1517 3695 1725 3760 consobrino
1755 3691 1901 3760 fratrem
1924 3711 2041 3758 meum
2066 3691 2180 3758 filium
2203 3711 2331 3778 supra·

484 3849 607 3935 scripti
634 3845 798 3930 maraldi,
823 3845 916 3911 sicut
940 3842 1075 3909 termiti
1099 3842 1171 3908 ficti
1197 3846 1294 3928 sunt,
1319 3848 1354 3909 et
1377 3843 1459 3910 inde
1484 3847 1568 3910 sunt
1593 3845 1687 3928 passi
1713 3844 1776 3910 alii
1801 3843 2042 3928 quadraginta
2067 3863 2190 3930 unum,
2216 3849 2327 3910 totum

483 4003 729 4068 mensuratum
752 3998 796 4065 ad
820 4015 961 4081 passum
986 3995 1047 4080 qui
1071 3995 1254 4081 signatum
1278 4001 1330 4062 est
1347 3995 1385 4060 in
1400 3994 1586 4062 columneo
1609 4013 1807 4062 marmorea
1829 3995 1979 4063 ecclesia
2002 3997 2118 4064 sancti
2137 3998 2271 4065 mathei
2287 3997 2328 4065 de

486 4150 767 4238 archiepiscopio
791 4147 1024 4216 salernitane.
1050 4148 1127 4232 ipsa
1151 4165 1207 4212 res
1232 4151 1305 4214 teta
1321 4151 1357 4212 et
1380 4147 1506 4214 inclita
1529 4144 1684 4233 ipsorum
1701 4145 1769 4213 uiri
1788 4151 1824 4214 et
1839 4149 1942 4215 uxori
1962 4149 2000 4215 in
2016 4148 2154 4218 bicaria
2170 4151 2328 4237 dederat,

484 4310 529 4376 ad
553 4308 755 4376 laciendum
780 4305 872 4390 quod
897 4301 1050 4369 boluerit
1073 4301 1146 4366 illis
1169 4305 1204 4368 et
1227 4302 1301 4367 suis
1325 4299 1503 4386 eredibus,
1522 4305 1557 4367 et
1571 4300 1630 4366 cui
1654 4300 1794 4368 cartula
1819 4301 1898 4386 ipsa
1921 4304 1960 4369 in
1984 4321 2130 4372 manum
2154 4307 2329 4393 paruerit;

486 4469 522 4531 et
547 4466 731 4548 receperat
755 4458 829 4544 ipse
853 4455 1026 4525 madelmo
1052 4456 1098 4522 ab
1123 4452 1196 4520 illis
1219 4471 1282 4540 pro
1305 4453 1384 4539 ipsa
1407 4455 1544 4521 bicaria
1566 4459 1665 4524 terra
1687 4456 1830 4525 illorum
1861 4459 1976 4526 baoua
1998 4458 2040 4526 de
2064 4460 2162 4527 intus
2184 4478 2254 4528 ane
2277 4479 2334 4531 sa-

402 4633 404 4640 ’
485 4617 705 4684 lernitanam
729 4615 911 4682 cibitatem
934 4613 994 4697 qui
1020 4615 1110 4679 esta
1133 4612 1258 4678 subtus
1280 4608 1411 4696 platea,
1428 4610 1490 4694 qui
1515 4611 1634 4696 pergit
1649 4610 1695 4678 ad
1717 4615 1880 4677 sanctum
1904 4612 2115 4700 maximum,
2134 4618 2169 4680 et
2185 4633 2208 4682 a
2225 4633 2327 4702 super

487 4770 609 4856 platea
631 4788 700 4854 que
722 4771 842 4856 pergit
866 4788 953 4855 erga
976 4785 1056 4835 case
1080 4767 1122 4834 de
1145 4765 1265 4832 eredes
1290 4762 1498 4849 radelgrimi
1527 4761 1651 4849 iudici,
1678 4765 1771 4849 quod
1793 4761 1839 4830 da
1869 4761 1985 4849 ipsum
2010 4765 2185 4833 madelmo
2212 4787 2333 4836 eorum

488 4925 527 4990 in
550 4931 642 4992 sorte
663 4927 821 5009 benerat,
850 4911 911 5008 q'ui
938 4923 980 4989 do
1005 4941 1078 4990 una
1105 4925 1205 5006 parte
1233 4919 1442 4986 coniuntum
1467 4921 1520 4983 est
1544 4917 1590 4983 ad
1613 4917 1683 4982 fine
1707 4917 1818 5002 ipsius
1841 4916 2005 4983 madelmi
2033 4919 2126 5002 quod
2154 4919 2187 4986 ei
2212 4922 2334 4989 datum

489 5083 543 5145 est
566 5097 630 5164 per
658 5079 730 5144 riso
752 5081 788 5144 et
815 5077 972 5143 roderico
995 5081 1030 5143 et
1049 5093 1111 5160 per
1139 5073 1333 5139 musandus
1356 5067 1558 5136 consobrini
1584 5067 1689 5135 fratri
1717 5069 1786 5153 sui,
1811 5073 1846 5135 et
1872 5069 1915 5135 de
1939 5069 2012 5138 alia
2034 5077 2136 5156 parte
2161 5072 2335 5142 modicum

490 5240 666 5320 pertango
694 5231 739 5300 ad
764 5231 925 5298 anditum
950 5245 1133 5295 commune
1156 5227 1219 5311 qui
1243 5231 1296 5292 est
1319 5245 1341 5294 a
1368 5243 1452 5311 pars
1481 5222 1673 5291 occidentis
1696 5243 1757 5310 per
1781 5222 1931 5290 latitudo
1955 5225 1993 5292 in
2018 5223 2112 5291 omni
2138 5225 2212 5294 loco
2240 5231 2343 5316 pedes

490 5387 609 5454 decem
633 5388 668 5452 et
691 5381 874 5470 longitudo
895 5382 998 5469 pedes
1021 5379 1236 5464 quindecim,
1264 5377 1309 5446 ad
1325 5377 1420 5446 iusta
1436 5397 1582 5444 manum
1603 5380 1738 5444 homini
1756 5383 2012 5447 mensuratum.
2029 5400 2091 5466 per
2109 5381 2185 5467 ipse
2203 5383 2287 5450 finis
2305 5390 2338 5452 et

492 5539 685 5623 mensurio,
708 5535 862 5621 qualiter
886 5553 1006 5601 eorum
1030 5534 1068 5598 in
1092 5533 1282 5598 sortionem
1305 5532 1499 5598 obbenerat
1523 5533 1568 5598 ab
1596 5515 1709 5618 ipsum
1737 5531 1924 5619 madelme,
1952 5534 2075 5602 taliter
2100 5535 2190 5604 illud
2213 5539 2246 5605 ei
2272 5544 2341 5609 tra·

492 5691 675 5780 diderunt,
703 5709 781 5759 cum
807 5689 884 5756 biee
907 5688 1051 5754 illorum
1068 5687 1110 5752 de
1127 5684 1284 5772 predicte
1308 5685 1484 5775 anditum,
1501 5703 1581 5754 cum
1598 5685 1765 5755 sericidia
1787 5709 1809 5756 a
1829 5689 1924 5757 seras
1950 5691 2027 5776 ipsa
2050 5691 2233 5758 mensuria
2256 5693 2344 5760 ceci-

491 5846 648 5930 dentem,
676 5848 722 5915 ad
739 5845 939 5914 faciendum
968 5841 1057 5927 quod
1090 5841 1255 5926 boluerit;
1283 5844 1319 5907 et
1346 5843 1481 5926 guadia
1499 5845 1572 5930 ipse
1589 5845 1762 5913 madelmo
1778 5847 1936 5933 ipsorum
1953 5846 2048 5933 sergi
2065 5851 2100 5914 et
2119 5847 2345 5934 imperatisse
