5376 7104
629 525 699 596 246
1279 524 1452 597 CODEX
1486 523 1750 602 CAVENSIS
1803 535 1808 542 '

584 751 679 834 rent,
704 747 905 816 faciendum
930 765 998 836 que
1021 747 1218 836 b'oluerint3
1241 751 1278 816 61
1300 747 1347 816 da
1369 749 1532 837 completi
1557 750 1625 839 ipsi
1641 755 1717 821 octo
1733 753 1821 821 anni
1838 753 1877 820 16
1893 755 2000 822 66166
2015 752 2111 820 6661
2128 755 2282 840 tempore
2299 751 2372 820 illis
2396 763 2433 824 et

582 899 658 966 suis
680 899 858 986 eredibus,
883 903 918 967 et
935 899 1002 985 ipsi
1018 899 1248 988 germanibus
1271 899 1414 968 illorum
1437 907 1473 971 et
1495 902 1637 971 illorum
1660 905 1781 974 eredes
1798 909 1904 976 rebus
1923 905 2002 992 ipsa
2017 924 2080 974 sue
2097 906 2282 992 potestatis
2301 909 2425 976 tenere

582 1057 619 1120 et
641 1053 838 1142 dominare,
862 1059 898 1122 et
922 1055 1017 1122 abtis
1040 1055 1258 1142 temporibus
1280 1058 1387 1123 rebus
1411 1055 1490 1143 ipsa
1514 1057 1557 1126 de
1580 1076 1686 1146 super
1709 1063 1745 1127 et
1766 1060 1810 1129 de
1832 1062 1955 1127 subter
1984 1059 2165 1129 laboraret
2194 1063 2230 1128 et
2253 1060 2427 1146 cultaret,

580 1207 675 1275 61661
697 1207 795 1274 16666
818 1208 892 1294 1666
915 1209 1101 1296 meruerit,
1127 1211 1167 1276 ut
1190 1209 1360 1296 proficiad
1384 1214 1514 1278 61666
1537 1211 1738 1301 disperead,
1762 1216 1799 1280 et
1822 1213 2049 1301 annualiter,
2073 1213 2216 1302 quando
2239 1215 2429 1301 meruerit,

580 1365 621 1429 ut
643 1359 814 1448 proficiad
837 1364 872 1428 et
895 1379 966 1429 non
989 1359 1196 1450 disperead,
1220 1364 1255 1428 61
1277 1361 1506 1450 annualiter,
1529 1364 1671 1450 quando
1693 1365 1879 1451 meruerit,
1904 1367 2011 1433 rebus
2035 1367 2113 1452 ipsa
2136 1365 2428 1450 bindemiarent3

579 1518 616 1584 et
638 1534 701 1603 per
725 1518 883 1604 tempore
905 1515 948 1584 de
973 1516 1152 1585 bindemie
1176 1515 1293 1586 saeiad
1316 1534 1381 1584 nos
1403 1517 1459 1584 vel
1482 1534 1567 1604 pars
1589 1516 1701 1603 ipsius
1724 1518 1871 1586 66616616
1894 1518 1998 1606 scire,
2016 1523 2055 1588 ut
2074 1519 2206 1588 ibidem
2221 1519 2420 1606 dirigamus

579 1672 729 1740 missum
752 1677 926 1759 nostrum,
942 1677 978 1740 et
992 1675 1104 1740 totum
1129 1671 1205 1759 ipso
1228 1673 1367 1758 binum,
1392 1692 1496 1757 quem
1520 1674 1724 1743 annualiter
1748 1672 1831 1740 iude
1846 1673 1992 1761 exierit,
2008 1673 2128 1760 ibique
2144 1673 2189 1742 ad
2205 1673 2424 1761 palmentum

581 1831 617 1894 et
639 1844 745 1912 poma
767 1825 912 1913 exinde,
936 1827 1080 1912 quando
1102 1827 1286 1914 meruerit,
1303 1828 1341 1894 in
1359 1826 1504 1896 tertiam
1528 1831 1666 1912 partem
1689 1826 1771 1894 illut
1793 1827 1888 1894 inter
1912 1841 1949 1892 se
1972 1825 2185 1895 dibiderent:
2212 1826 2342 1894 616666
2365 1843 2426 1894 6ο-

580 1981 654 2044 ster
678 1976 788 2045 tollad
808 1977 896 2046 inde
918 1977 1064 2046 tertiam
1087 1981 1249 2064 partem,
1272 1981 1308 2045 et
1335 1977 1405 2044 illis
1427 1977 1495 2046 due
1519 1978 1640 2062 sortis;
1664 1983 1700 2048 et
1721 1976 1842 2064 ibique
1864 1996 1949 2064 pars
1972 1977 2083 2062 ipsius
2106 1978 2253 2046 ecclesie
2283 1979 2427 2046 illorum

579 2129 814 2217 adsingnaret
836 2147 994 2217 organea
1016 2130 1063 2198 da
1087 2131 1222 2216 binum,
1245 2133 1281 2197 et
1304 2129 1376 2197 illis
1399 2130 1618 2217 annualiter,
1643 2131 1784 2216 quando
1806 2133 1992 2220 meruerit,
2006 2148 2165 2218 organea
2182 2131 2259 2218 ipsa
2275 2133 2419 2201 coucia-

580 2289 664 2352 rent
687 2287 722 2352 et
745 2284 961 2372 studiarent,
987 2284 1079 2353 sicut
1101 2283 1296 2370 meruerit,
1320 2289 1356 2351 et
1378 2287 1590 2382 reponerent
1612 2283 1712 2352 11166
1735 2285 1858 2352 subtus
1881 2283 2036 2352 reditum
2060 2303 2163 2352 suum
2188 2286 2340 2371 indeque
2362 2286 2420 2355 ubi

579 2409 794 2524 abitaberit,
818 2441 854 2506 et
877 2439 1068 2506 sortionem
1091 2437 1204 2524 ipsius
1227 2437 1372 2506 ecclesie
1395 2437 1438 2505 de
1463 2440 1539 2525 1666
1565 2438 1688 2506 binum
1713 2440 1845 2508 ibidem
1868 2439 2073 2526 mitterent,
2098 2443 2133 2507 61
2156 2438 2295 2506 salbum
2320 2438 2423 2506 11166

577 2589 709 2677 saeiad,
733 2591 842 2658 donec
866 2609 948 2677 pars
971 2592 1086 2676 ipsius
1105 2592 1252 2660 66616616
1274 2589 1356 2658 11161
1381 2591 1463 2663 inde
1485 2591 1623 2678 tulerit,
1640 2593 1773 2677 absque
1796 2592 2072 2679 degeneratione
2089 2597 2124 2659 et
2140 2593 2266 2679 ingre:
2286 2594 2321 2659 et
2339 2591 2422 2658 dum

576 2743 710 2811 ibidem
743 2743 951 2812 annualiter
982 2743 1146 2812 steterint
1169 2744 1316 2811 missum
1340 2744 1454 2830 ipsius
1483 2743 1629 2810 ecclesie
1660 2759 1724 2826 pro
1749 2740 1823 2828 ipse
1847 2744 2026 2811 bindemie
2058 2743 2320 2831 reponendum,
2347 2741 2422 2810 illis

577 2901 699 2968 autem
723 2915 806 2964 666
831 2899 1011 2964 notrirent
1034 2896 1226 2963 seeundum
1253 2895 1394 2963 illorum
1418 2896 1713 2982 possibilitatem,
1737 2900 1773 2963 et
1796 2915 1858 2981 per
1882 2897 1997 2963 omnis
2019 2913 2154 2964 annum
2178 2897 2222 2964 de
2246 2898 2424 2967 bindemie

579 3069 643 3137 pro
666 3049 959 3136 palmentaticum
982 3049 1110 3117 darent
1133 3049 1172 3114 in
1196 3066 1281 3134 pars
1305 3047 1417 3133 ipsius
1440 3049 1586 3116 ecclesie
1609 3067 1721 3114 6666
1744 3049 1886 3135 parium
1909 3049 1951 3117 de
1974 3049 2087 3135 pullos
2110 3049 2218 3136 boni;
2242 3055 2278 3118 et
2301 3051 2422 3119 amodo

580 3209 615 3272 et
639 3220 797 3290 semper,
821 3204 929 3270 donee
953 3201 1082 3270 ibidem
1107 3199 1238 3284 suerit,
1262 3201 1304 3268 de
1329 3201 1403 3288 ipso
1426 3203 1666 3270 castanietum
1690 3205 1889 3290 peremnis
1913 3222 2049 3272 annum
2072 3205 2133 3272 1116
2156 3205 2366 3293 colligerent
2388 3213 2422 3275 et

579 3355 725 3425 tertiam
749 3359 886 3442 partem
909 3356 951 3423 de
976 3355 1051 3441 ipse
1074 3357 1239 3423 castanee
1263 3357 1387 3422 seeche
1410 3355 1518 3422 deant
1540 3363 1576 3424 et
1599 3356 1832 3444 adsignarent
1846 3359 1891 3426 ad
1906 3359 2052 3425 missum
2077 3359 2188 3446 ipsius
2212 3360 2426 3446 ecclesiast

579 3509 622 3577 de
646 3510 738 3596 quod
760 3509 884 3578 amodo
907 3513 943 3577 et
967 3527 1104 3595 semper
1128 3509 1336 3579 annualiter
1360 3510 1398 3576 in
1422 3509 1500 3596 ipsa
1524 3511 1630 3576 rebus
1653 3509 1884 3597 seminaberi,
1908 3510 2017 3580 deant
2041 3512 2124 3581 inde
2149 3513 2189 3580 16
2204 3529 2287 3600 pars
2311 3512 2422 3600 ipsius

579 3659 728 3731 66616616
763 3661 971 3730 annualiter
1005 3663 1214 3730 terraticum
1249 3661 1441 3729 secundum
1476 3661 1765 3730 consuetudinem
1795 3663 1838 3731 de
1861 3663 1936 3750 ipso
1966 3666 2106 3752 locum3
2130 3669 2166 3734 61
2191 3667 2237 3735 ad
2259 3665 2421 3752 completi

581 3816 704 3883 amodo
734 3816 917 3883 duodecim
948 3813 1037 3883 6661
1068 3814 1141 3882 11116
1171 3817 1207 3882 61
1236 3817 1311 3884 6616
1336 3813 1500 3882 eredibus
1523 3817 1671 3884 aberent
1693 3815 1731 3881 16
1754 3821 1828 3886 1616
1850 3819 1929 3904 1666
1952 3819 2059 3886 rebus
2090 3818 2187 3888 inira
2215 3823 2419 3909 supradicte

460 4003 462 4008 ,
579 3969 662 4035 linis
685 3973 720 4037 61
743 3970 921 4036 mensuris
944 3970 1129 4037 arbustum
1152 3969 1286 4036 sactum
1308 3968 1483 4053 bitatum,
1499 3970 1535 4035 et
1551 3966 1611 4034 ubi
1628 3969 1813 4055 meruerit,
1830 3969 1941 4054 pomis
1964 3974 2079 4038 totum
2101 3974 2246 4060 bonum,
2269 3981 2424 4063 surtum‚

578 4127 775 4210 operatum,
800 4127 835 4190 et
858 4123 1072 4208 laboratum,
1096 4125 1132 4190 61
1154 4120 1305 4208 clusum,
1330 4121 1422 4188 sieut
1446 4122 1490 4190 de
1514 4123 1633 4188 tantos
1655 4137 1768 4188 annos
1790 4124 1962 4189 meruerit
1976 4126 2012 4189 et
2026 4124 2091 4192 loci
2118 4123 2214 4194 illius
2237 4133 2421 4198 consuetu-

578 4273 644 4360 de,
670 4280 709 4343 ut
733 4277 822 4342 bene
845 4274 977 4361 paread
1000 4275 1155 4359 sactum,
1179 4277 1234 4358 et,
1258 4272 1352 4340 siout
1375 4275 1509 4342 dietum
1538 4279 1611 4361 est,
1635 4276 1732 4342 omni
1762 4279 1918 4360 tempore
1947 4274 2020 4342 illis
2041 4280 2077 4345 et
2101 4279 2176 4345 suis
2205 4281 2370 4349 eredibus
2390 4287 2423 4349 61

578 4428 649 4514 1661
675 4429 840 4514 germani
865 4429 921 4495 661
945 4431 980 4495 61
1003 4427 1146 4494 illorum
1170 4426 1292 4494 eredes
1314 4429 1419 4494 rebus
1443 4428 1521 4512 ipsa
1544 4426 1582 4493 in
1605 4425 1846 4514 suprascripto
1869 4427 1996 4496 ordine
2019 4433 2141 4498 tenere
2155 4433 2191 4498 61
2207 4430 2419 4518 laborarent;

577 4587 613 4650 61
637 4582 741 4668 quale
765 4586 921 4670 tempore
945 4581 991 4650 da
1014 4581 1179 4669 completi
1203 4580 1271 4668 ipsi
1296 4579 1479 4648 duodecim
1502 4580 1645 4648 666116
1668 4586 1776 4650 66166
1799 4581 1871 4649 11116
1885 4585 1921 4650 61
1936 4583 2011 4650 6616
2033 4583 2197 4652 eredibus
2220 4587 2326 4652 rebus
2343 4588 2418 4674 ipsa

579 4738 701 4802 tenere
717 4738 753 4802 et
768 4734 930 4803 laborare
946 4752 1018 4801 non
1034 4735 1211 4802 boluerint
1228 4734 1265 4798 in
1282 4733 1526 4820 suprascripta
1541 4732 1781 4818 ratione,tunc
1798 4733 1963 4801 inclitum
1975 4731 2057 4802 illut
2072 4737 2203 4802 bonum
2217 4735 2415 4808 laboratum

578 4890 616 4954 et
641 4887 777 4955 616666
802 4889 984 4956 remittere
1008 4889 1053 4957 ad
1076 4889 1248 4973 potestate
1272 4885 1430 4973 predicte
1453 4883 1614 4968 ecclesie,
1631 4887 1666 4951 et
1681 4903 1744 4971 per
1768 4885 1860 4954 bona
1883 4887 2143 4957 combenientia
2165 4889 2300 4976 guadia
2315 4892 2421 4960 miehi

579 5044 615 5110 et
642 5040 687 5110 ad
712 5040 872 5126 predicto
896 5039 1141 5108 aduocatorem
1164 5038 1338 5106 dederunt
1360 5055 1424 5125 pro
1448 5035 1526 5104 biee
1550 5041 1672 5105 suaet
1695 5036 1737 5104 de
1761 5037 1828 5124 ipsi
1851 5041 2016 5125 germani
2038 5040 2108 5128 sui,
2133 5045 2168 5110 61
2191 5043 2419 5114 mediatorem

577 5195 681 5264 nobis
696 5197 893 5283 posuerunt
908 5192 1049 5261 nibede
1065 5195 1140 5279 ipso
1155 5193 1270 5260 locum
1286 5197 1453 5260 muntoru
1470 5189 1584 5258 filium
1600 5191 1778 5278 quondam
1795 5193 1965 5281 iaquinti3
1982 5199 2018 5262 et
2032 5213 2095 5282 per
2111 5197 2190 5282 ipsa
2206 5197 2343 5284 guadia
2358 5202 2422 5267 eto.

584 5351 734 5419 statum
756 5351 872 5416 66116
897 5349 1054 5434 triptota
1077 5345 1268 5415 solidorum
1291 5349 1376 5414 ouri
1401 5346 1652 5433 Constantini,
1676 5349 1712 5414 61
1734 5348 1830 5416 hune
1854 5350 1996 5418 brebem
2019 5347 2146 5438 scripsi
2170 5367 2237 5438 ego
2261 5349 2419 5421 ademari

576 5504 739 5575 notarius
762 5505 825 5592 qui
849 5502 1010 5572 interlui.

607 5618 651 5746 †
676 5659 750 5745 Ego
773 5659 957 5746 iaquintus

620 5782 651 5897 †
676 5812 751 5898 Ego
773 5813 959 5906 laquintus
983 5811 1145 5882 notarius
1168 5827 1224 5879 me
1247 5805 1452 5894 subscripsi.

1283 6027 1686 6040 an--cu-—n-—u—-nu—
1694 6029 1732 6039 m-
