5310 7080
613 518 681 586 tlt
1245 517 1418 590 tobdx
1457 521 1723 598 CAVENSIS

564 739 801 827 imperatisse,
826 739 872 807 ad
895 737 1099 807 iaciendum
1121 740 1251 809 exinde
1273 740 1342 830 ipsi
1366 747 1484 814 mater
1507 752 1543 816 et
1565 749 1639 817 filio
1653 755 1689 820 et
1703 753 1825 823 eredes
1839 772 1961 823 eorum
1984 755 2026 824 de
2043 755 2171 824 inclita
2187 755 2268 842 ipsa
2283 759 2409 840 quarta

561 891 683 962 omnia
705 891 799 978 quod
820 889 1012 980 boluerint,
1036 893 1072 958 et
1094 908 1159 959 nec
1182 891 1243 962 ille
1265 911 1331 962 nec
1353 913 1435 963 suos
1457 898 1579 967 eredes
1604 900 1701 970 nulle
1725 905 1944 974 causationis
1967 906 2009 974 de
2034 903 2163 974 inclita
2189 904 2268 992 ipsa
2284 911 2410 991 quarta

563 1060 634 1109 non
654 1043 817 1112 emittere
841 1041 999 1128 ipsorum
1023 1047 1196 1114 meteret
1219 1045 1293 1114 illio
1311 1065 1378 1116 neo
1401 1048 1609 1131 adillorum
1634 1054 1769 1142 eredes,
1792 1057 1920 1144 etipse
1944 1057 2118 1126 madelmo
2142 1061 2178 1125 et
2198 1073 2280 1125 suos
2294 1057 2411 1126 eredes

562 1198 695 1266 abeant
717 1193 854 1280 relique
877 1197 950 1262 tres
974 1193 1154 1282 emtionis,
1178 1196 1224 1266 ad
1248 1198 1452 1268 faciendum
1474 1203 1567 1288 quod
1591 1205 1759 1292 boluerit‚
1783 1213 1819 1276 et
1842 1208 1911 1296 ipsi
1935 1213 2052 1278 mater
2068 1208 2194 1278 attilio
2217 1213 2254 1277 et
2270 1207 2412 1276 illorum

559 1348 682 1416 eredes
697 1346 795 1416 nulle
810 1347 990 1444 calumnie
1003 1350 1167 1418 emittere
1179 1350 1293 1436 ipsius
1308 1353 1476 1420 madelmi
1492 1358 1528 1421 et
1543 1355 1589 1423 ad
1606 1355 1703 1424 illius
1714 1359 1836 1426 eredes
1851 1359 1893 1426 de
1909 1360 1985 1446 ipse
2001 1359 2137 1444 relique
2150 1363 2224 1428 tres
2240 1358 2361 1446 sortis,
2377 1367 2410 1428 et

560 1503 603 1572 de
618 1506 794 1589 quantum
810 1503 887 1589 ipse
910 1505 1083 1572 madelmo
1106 1505 1149 1572 de
1173 1505 1251 1590 ipsa
1274 1509 1381 1574 rebus
1409 1507 1454 1576 ad
1479 1509 1740 1593 pastenandum
1757 1509 1882 1578 datum
1899 1513 1982 1580 abet
1999 1511 2170 1580 inlocum
2187 1515 2348 1581 traberse
2370 1515 2412 1582 ad

562 1656 736 1725 iohannes
748 1656 843 1724 tilius
854 1657 946 1743 petri
959 1663 994 1724 et
1010 1658 1158 1727 filiastro
1176 1660 1338 1744 stephani
1356 1663 1554 1744 scontratu,
1571 1659 1664 1727 sicut
1678 1660 1838 1727 continet
1849 1663 1993 1730 brebem
2009 1663 2140 1731 exinde
2153 1664 2413 1749 pastenationis

561 1811 624 1896 qui
638 1811 876 1896 scriptumest
892 1829 956 1897 per
970 1815 1093 1896 petrus
1109 1813 1272 1879 notarius
1288 1811 1331 1882 de
1346 1811 1593 1879 sextodecimo
1606 1830 1701 1880 anno
1713 1813 1938 1900 principatus
1954 1816 2073 1883 domni
2090 1819 2203 1885 nostri
2219 1820 2413 1908 guaimari,

561 1982 682 2032 mense
704 1965 856 2032 martius
878 1965 1034 2032 secunda
1058 1963 1266 2032 indictione.
1293 1965 1409 2050 ipsum
1434 1964 1607 2033 madelmo
1632 1966 1806 2052 partionis
1829 1966 1953 2036 ordine
1976 1969 2127 2038 tradidit
2151 1971 2196 2038 ad
2220 1975 2412 2057 pastenan-

561 2121 646 2187 dum
670 2069 783 2207 ipsius
807 2121 956 2188 iohanni
979 2118 1053 2186 filio
1077 2121 1169 2205 petri
1198 2119 1241 2186 de
1270 2123 1376 2188 rebus
1405 2121 1447 2189 de
1480 2121 1556 2209 ipso
1585 2123 1699 2192 locum
1730 2124 1957 2192 transbeneie
1987 2127 2118 2194 finibus
2142 2128 2407 2216 mitilianense,

562 2275 625 2340 ubi
646 2277 807 2341 traberse
831 2273 975 2360 dicitur,
1000 2276 1039 2341 in
1063 2273 1161 2362 plaiu
1185 2274 1317 2343 exinde
1341 2294 1404 2360 per
1427 2273 1511 2342 linis
1535 2279 1571 2342 et
1595 2275 1786 2342 mensurio:
1804 2275 1847 2343 de
1863 2293 1936 2344 una
1960 2280 2061 2362 parte
2085 2278 2156 2344 fine
2180 2278 2240 2346 bia
2264 2277 2408 2366 publica

560 2444 629 2512 que
653 2429 771 2513 pergit
795 2427 841 2495 ad
864 2447 978 2511 mare,
1004 2431 1089 2494 sunt
1116 2428 1199 2496 inde
1223 2429 1318 2514 passi
1343 2428 1545 2514 nonaginta
1569 2425 1650 2492 duo:
1667 2425 1710 2493 de
1734 2425 1807 2495 alia
1828 2431 1930 2513 parte
1946 2429 2017 2496 fine
2033 2447 2113 2515 sua,
2131 2429 2213 2498 inde
2237 2434 2333 2516 passi
2349 2433 2408 2501 alii

563 2578 783 2664 nonaginta:
809 2579 851 2646 de
875 2579 948 2647 alia
973 2597 1055 2647 vero
1079 2585 1181 2666 parte
1205 2578 1371 2646 similiter
1395 2577 1466 2644 fine
1489 2596 1577 2662 sua,
1601 2577 1683 2644 inde
1708 2577 1804 2663 passi
1832 2576 2023 2664 sexaginta
2057 2597 2168 2664 usque
2192 2581 2272 2665 ipsa
2295 2582 2407 2668 priore

562 2735 632 2801 fine
656 2732 702 2800 ad
726 2731 817 2799 iusto
839 2752 995 2819 passum3
1021 2752 1083 2820 per
1107 2735 1173 2802 iste
1197 2734 1279 2799 fluis
1302 2737 1338 2799 et
1361 2731 1542 2798 mensuris
1566 2729 1657 2796 illud
1680 2729 1713 2796 ei
1730 2730 1775 2798 ad
1799 2729 2056 2815 pastenandum
2082 2732 2189 2818 dedit,
2214 2734 2311 2802 sicut
2335 2735 2409 2822 ipso

563 2886 706 2952 brebem
731 2883 891 2951 continet
914 2886 975 2970 qui
1000 2885 1170 2970 scriptum
1196 2891 1249 2952 est
1264 2904 1326 2972 per
1341 2889 1463 2969 petrus
1486 2882 1663 2965 notarius,
1682 2879 1807 2965 inquo
1830 2881 1954 2966 scripti
1971 2888 2054 2949 sunt
2078 2888 2199 2968 petrus
2222 2889 2259 2952 et
2286 2885 2409 2954 iohan-

563 3056 628 3104 nes
650 3039 781 3106 notari.
807 3057 869 3106 seu
894 3043 929 3104 et
951 3037 1078 3105 ostedit
1107 3036 1180 3121 ipse
1205 3035 1377 3102 madelmo
1406 3035 1477 3102 alic
1508 3035 1651 3100 brebem
1682 3033 1724 3100 de
1755 3037 1857 3100 sexto
1889 3033 2025 3100 decimo
2055 3053 2151 3101 anno
2181 3037 2409 3125 principatus

565 3189 685 3255 domni
710 3189 823 3256 nostri
847 3190 1027 3276 guaimari
1052 3185 1197 3274 gloriosi
1225 3185 1412 3273 principiS,
1438 3205 1558 3253 mense
1577 3184 1714 3270 iunius,
1731 3186 1886 3253 secunda
1912 3183 2116 3254 indictione.
2143 3187 2217 3273 ipse
2241 3189 2411 3257 madelmo

563 3340 659 3406 tilius
683 3341 862 3426 quondam
886 3341 1043 3426 iaquinti
1060 3339 1099 3404 in
1114 3339 1230 3424 partio
1253 3337 1375 3404 ordine
1391 3337 1437 3404 ad
1454 3337 1716 3422 pastenandum
1742 3337 1891 3404 tradidit
1914 3338 2009 3422 petri
2034 3339 2108 3404 filio
2133 3340 2283 3407 iohanni
2300 3341 2407 3408 amal-

560 3495 671 3560 fitano
695 3513 768 3562 una
792 3493 894 3580 pecia
917 3495 960 3560 de
982 3499 1080 3560 terra
1104 3493 1220 3559 bacua
1244 3491 1281 3556 in
1307 3489 1420 3556 locum
1443 3489 1672 3556 transboueie
1696 3491 1758 3556 ubi
1782 3489 1925 3576 proprio
1949 3489 2065 3558 fabalc
2083 3493 2244 3577 bocatur,
2261 3513 2284 3561 a
2300 3511 2402 3580 super

559 3647 710 3716 ecclesia
735 3647 851 3715 sancti
876 3648 1026 3714 iohanni
1049 3663 1117 3731 que
1141 3645 1309 3712 edificata
1333 3647 1386 3710 est
1410 3644 1448 3708 in
1472 3643 1587 3708 locum
1611 3644 1722 3707 beteri
1748 3661 1811 3727 per
1835 3661 1874 3708 ec
1891 3643 1973 3708 finis
1989 3647 2025 3710 et
2050 3645 2242 3713 mensuris:
2261 3646 2305 3713 de
2320 3649 2405 3734 pede

468 3787 475 3800 '
558 3804 629 3869 fine
655 3821 720 3870 sua
743 3802 836 3868 siout
859 3798 993 3867 termiti
1018 3796 1207 3882 discernit,
1233 3796 1315 3862 inde
1338 3796 1434 3882 passi
1460 3794 1591 3881 biginti
1615 3794 1807 3879 quadtuor:
1833 3795 1875 3861 de
1900 3793 1972 3862 alia
1995 3801 2099 3880 parte
2122 3797 2193 3862 fine
2218 3815 2300 3883 sua,
2326 3798 2408 3868 inde

557 3955 742 4042 longitudo
766 3955 862 4042 passi
885 3937 1089 4038 sexaginta:
1115 3951 1158 4018 de
1182 3968 1273 4036 capu
1296 3949 1461 4017 similiter
1484 3950 1555 4016 tine
1579 3967 1664 4033 sua,
1690 3951 1785 4016 siout
1818 3949 1950 4018 termiti
1976 3949 2168 4036 discernit,
2193 3951 2279 4020 inde
2311 3953 2402 4038 passi

555 4109 724 4196 triginta:
750 4108 793 4174 de
816 4105 888 4174 alio
912 4105 986 4172 latu
1010 4103 1105 4188 passi
1128 4102 1192 4169 alii
1216 4103 1420 4188 sexaginta,
1445 4107 1694 4170 mensuratum
1710 4101 1756 4170 ad
1773 4103 1867 4169 iusto
1890 4121 2045 4190 passum3
2064 4109 2100 4171 et
2114 4104 2207 4174 aliut
2229 4105 2401 4174 continet:

555 4264 689 4348 scripta
713 4279 775 4348 per
801 4259 986 4346 iaquintus
1009 4256 1196 4342 notariuS,
1222 4261 1257 4322 et
1280 4256 1410 4323 ibidem
1435 4255 1558 4341 scripti
1584 4256 1739 4322 arechisi
1770 4259 1805 4322 et
1829 4254 2007 4340 alphanus
2038 4258 2171 4324 notarii
2197 4264 2233 4326 et
2257 4263 2405 4331 romoal-

553 4415 633 4484 dus.
659 4416 702 4483 de
726 4415 830 4483 ambo
854 4413 921 4480 iste
944 4413 1043 4500 pecie
1067 4431 1130 4498 per
1154 4409 1358 4498 supradicte
1383 4407 1576 4492 mensuris,
1600 4409 1692 4496 quod
1714 4425 1777 4494 per
1797 4407 1866 4495 ipsi
1891 4407 2011 4476 brebri
2035 4409 2132 4477 dedit
2156 4411 2202 4479 ad
2218 4417 2407 4498 pastenan·

553 4567 653 4654 dum,
680 4570 756 4655 ipse
780 4569 951 4637 madelmo
975 4569 1106 4636 abeant
1129 4565 1197 4651 ipsi
1221 4563 1441 4650 pastenatori
1464 4561 1595 4630 exinde
1619 4579 1681 4627 sue
1704 4559 1882 4645 sortioniS,
1917 4565 1952 4628 et
1977 4561 2044 4646 ipsi
2070 4567 2185 4632 mater
2209 4569 2247 4633 et
2272 4565 2345 4634 tilio
2373 4575 2407 4635 et

553 4741 675 4790 eorum
699 4725 821 4792 eredes
837 4742 919 4791 cum
936 4724 1050 4808 ipsum
1061 4719 1235 4788 madelmo
1247 4723 1283 4787 et
1297 4737 1379 4786 cum
1391 4717 1490 4784 illius
1505 4715 1627 4784 eredes
1642 4713 1857 4800 permanead
1873 4714 1911 4779 in
1924 4715 1998 4800 ipse
2015 4720 2292 4808 pastenationis,
2310 4720 2400 4790 sicut

553 4880 629 4964 ipse
654 4875 829 4946 madelmo
852 4893 1062 4962 permanere
1086 4873 1191 4939 debet
1215 4890 1277 4957 per
1300 4867 1498 4957 supradicti
1523 4869 1656 4936 brebri.
1681 4870 1821 4934 tantum
1844 4869 2107 4953 sceptuabimus
2130 4871 2173 4940 de
2191 4873 2271 4960 ipsa
2288 4877 2404 4961 rebus,

551 5050 621 5118 que
645 5031 715 5097 tuit
738 5029 851 5114 ipsius
875 5027 1030 5120 iaquinti
1054 5027 1096 5094 de
1120 5024 1208 5111 ipsis
1233 5023 1318 5090 locis
1341 5021 1403 5108 qui
1427 5020 1558 5089 dicitur
1594 5019 1710 5087 sabate
1743 5024 1778 5086 et
1802 5021 1931 5087 troccle
1961 5025 1997 5088 ct
2026 5023 2170 5108 ragitu,
2202 5028 2298 5111 quod
2331 5030 2403 5116 ipso

552 5182 727 5253 madelmo
752 5177 981 5247 benumdedit
1004 5177 1159 5245 arechisi
1182 5179 1218 5242 et
1241 5172 1396 5258 iaquinti
1420 5171 1568 5240 castaldi
1593 5171 1757 5258 germani
1782 5171 1849 5239 tilii
1873 5175 1988 5257 (deest
2012 5178 2172 5262 meren),
2197 5178 2299 5246 nulle
2323 5197 2405 5247 cau-

553 5336 709 5403 sationis
732 5335 844 5421 ipsius
868 5329 1036 5401 madelmi
1061 5328 1142 5396 inde
1166 5327 1341 5410 emittere,
1358 5325 1410 5391 vel
1428 5322 1566 5392 adeius
1590 5324 1724 5410 eredeS,
1750 5343 1814 5392 nec
1831 5326 1876 5393 ad
1893 5323 1947 5392 illi
1971 5327 2149 5395 ominibus
2172 5333 2209 5396 et
2225 5333 2403 5416 partibus,

411 5491 413 5494 ’
551 5471 614 5573 qui
638 5489 720 5556 illut
743 5487 843 5554 modo
866 5487 989 5553 tenent
1012 5488 1048 5552 et
1070 5481 1267 5550 dominant.
1293 5483 1433 5546 tantum
1456 5481 1626 5564 quartam
1656 5483 1794 5564 partem
1818 5480 1862 5548 de
1885 5479 1965 5566 ipsa
1988 5483 2096 5549 rebus
2120 5484 2213 5569 quod
2237 5485 2322 5554 inde
2347 5505 2399 5555 re-

551 5644 698 5728 mansit,
723 5661 793 5727 que
815 5641 883 5708 iuit
907 5638 1021 5732 rigale
1043 5656 1112 5725 que
1136 5637 1204 5703 luit
1227 5651 1317 5701 uxor
1343 5632 1539 5719 supradicti
1564 5631 1721 5717 iaquinti
1746 5636 1781 5698 et
1803 5635 1974 5719 genetrix
1997 5635 2157 5722 ipsorum
2188 5638 2415 5725 inperatisse·

551 5799 587 5859 et
612 5795 803 5882 madelmi,
827 5793 898 5862 tlad
922 5793 1038 5862 dibisa
1063 5791 1157 5857 iusta
1182 5788 1356 5856 rationem
1380 5788 1419 5854 in
1442 5787 1609 5870 quartam
1640 5789 1806 5870 partem:
1834 5787 1903 5873 ipsi
1926 5793 2039 5856 mater
2063 5792 2099 5856 et
2123 5789 2196 5858 tilio
2221 5797 2256 5859 et
2280 5808 2402 5858 eorum
