5310 7080
968 560 1373 636 DIPLOMATICUS
2003 569 2047 640 lt

241 779 444 850 faciendum
468 799 552 850 casa
576 781 804 871 tradidimus
827 784 920 852 sicut
943 786 1134 854 continunt
1157 788 1276 856 brebri
1292 787 1354 874 qui
1370 805 1433 874 per
1455 789 1576 874 partes
1599 785 1682 855 inde
1705 786 1915 875 retinemus3
1940 791 1994 857 set
2020 791 2094 878 ipse

241 936 328 1037 iuda
352 953 578 1024 nequaquam
594 938 670 1006 tota
686 937 765 1024 ipsa
780 941 879 1006 terra
895 955 979 1008 casa
994 938 1188 1025 edificabit,
1203 938 1295 1008 sicut
1310 939 1392 1007 inde
1408 938 1509 1006 nobis
1525 940 1704 1027 obligatus
1727 939 1808 1026 fuit,
1826 941 1920 1008 unde
1940 941 2094 1028 plurime

239 1093 460 1162 causationis
483 1093 616 1160 exinde
641 1095 737 1162 inter
761 1111 825 1161 nos
849 1094 1014 1163 abuimus
1038 1101 1225 1182 querentes
1240 1115 1317 1183 ego,
1335 1099 1375 1164 ut
1390 1096 1516 1198 inclita
1537 1097 1614 1186 ipsa
1637 1102 1735 1166 terra
1759 1096 1851 1184 quod
1876 1099 1945 1185 ipsi
1969 1101 2090 1168 brebri

239 1250 446 1336 continunt,
471 1251 620 1326 aberent
642 1269 727 1318 casa
750 1248 934 1336 edificata,
957 1249 1050 1318 sicut
1075 1249 1157 1318 inde
1180 1249 1356 1337 obligatus
1379 1249 1461 1337 fuit,
1485 1254 1539 1318 set
1561 1253 1754 1336 antequam
1776 1269 1839 1337 per
1869 1253 1984 1340 legem
2009 1253 2091 1321 illut

237 1401 334 1472 inter
358 1420 422 1470 nos
445 1403 661 1488 lineremus,
687 1401 849 1470 benimus
872 1403 955 1471 inde
978 1403 1023 1472 ad
1046 1361 1325 1470 combenientia:
1357 1421 1421 1471 nos
1443 1400 1711 1470 sublaxabimus
1742 1405 1776 1472 ei
1809 1404 1887 1490 ipsa
1920 1407 2090 1493 composi-

239 1561 336 1628 tione
360 1561 452 1646 quod
477 1560 565 1628 mihi
589 1539 783 1646 adimplere
806 1559 944 1646 debuit,
968 1563 1004 1627 et
1027 1558 1087 1626 ille
1112 1577 1174 1645 pro
1199 1557 1321 1626 taliter
1345 1576 1408 1644 per
1432 1574 1524 1624 vona
1546 1557 1808 1626 combenientia
1830 1577 1922 1628 vona
1945 1578 2011 1629 sua
2027 1563 2085 1628 bo-

238 1717 422 1784 lumtatem
438 1715 596 1784 ammisit
613 1715 658 1782 ad
674 1733 753 1782 mea
769 1716 982 1801 potestatem
999 1712 1078 1799 ipsa
1095 1715 1195 1780 terra
1212 1713 1326 1780 baeua
1342 1711 1388 1779 da
1405 1709 1483 1796 ipsa
1499 1727 1582 1778 casa
1606 1708 1644 1776 iu
1667 1729 1749 1797 pars
1773 1709 1924 1780 orientis
1947 1713 2007 1800 qui
2032 1721 2088 1781 est

238 1888 301 1957 per
318 1869 500 1938 mensoria
516 1868 668 1937 latitudo
685 1868 790 1954 pedes
805 1867 911 1950 (deest
927 1866 1111 1948 eumerus)
1128 1868 1164 1931 et
1180 1883 1242 1952 per
1260 1863 1443 1952 longitudo
1449 1914 1513 1930 .....
1531 1866 1577 1933 da
1593 1863 1671 1950 ipsa
1687 1863 1748 1932 bia
1762 1869 1799 1934 et
1816 1885 1925 1952 usque
1951 1865 1990 1932 in
2014 1868 2088 1955 ipso

236 2042 336 2091 muro
361 2021 439 2090 ulus
462 2020 622 2090 cibitatis
646 2020 810 2088 inclitum
834 2021 915 2086 illut
938 2037 1000 2106 per
1025 2020 1102 2107 ipsa
1126 2015 1309 2086 mensoria
1332 2015 1419 2084 mihi
1446 2015 1584 2084 remisit
1609 2017 1654 2084 ad
1678 2019 1891 2104 potestatem
1915 2037 2008 2105 mea,
2035 2022 2087 2090 la-

234 2179 401 2247 ciendum
426 2177 508 2245 inde
532 2195 615 2263 pars
639 2175 750 2263 ipsius
772 2173 919 2242 ecclesie
943 2175 1034 2260 quod
1058 2173 1223 2243 boluerit.
1240 2151 1275 2240 61
1289 2191 1352 2258 per
1369 2175 1462 2241 bona
1478 2171 1741 2242 combenientia
1765 2173 1979 2243 volumtarie
1995 2177 2081 2246 obli-

234 2333 337 2418 gavit
360 2350 397 2400 se
423 2331 498 2418 ipse
522 2331 605 2398 iuda
629 2333 665 2397 61
688 2347 768 2396 suos
790 2329 925 2414 eredes,
951 2331 990 2395 ut
1013 2347 1078 2396 nec
1103 2345 1165 2414 per
1188 2328 1305 2414 ipsum
1328 2329 1485 2412 brebem,
1502 2344 1616 2412 neque
1633 2344 1696 2412 per
1719 2326 1857 2394 nullam
1880 2328 2022 2398 ratione
2037 2329 2081 2396 de

234 2487 312 2574 ipsa
335 2490 433 2554 terra
458 2488 570 2554 bacua
594 2503 657 2572 per
682 2486 761 2572 ipsa·
782 2485 964 2553 mensoria
987 2481 1120 2552 nullem
1144 2477 1362 2574 causationis
1384 2480 1548 2546 emittere
1565 2479 1609 2548 ad
1627 2497 1711 2566 pars
1728 2479 1840 2566 ipsius
1862 2481 2025 2569 ecclesie,
2045 2491 2083 2554 61

233 2641 265 2709 si
289 2640 521 2726 quodcunque
545 2640 769 2707 causationes
786 2639 868 2706 inde
884 2637 930 2706 ad
945 2656 1028 2723 pars
1044 2634 1154 2722 ipsius
1178 2634 1324 2702 ecclesie
1341 2630 1562 2720 preposuerit
1587 2651 1651 2719 per
1666 2633 1914 2720 qualecunque
1941 2637 2084 2704 ratione

234 2791 447 2861 volumtarie
471 2809 546 2877 sue,
571 2809 633 2878 per
657 2794 749 2858 bona
773 2788 1036 2858 combenientia
1059 2807 1267 2875 componere
1292 2787 1465 2876 obligarit
1480 2805 1517 2854 se
1533 2789 1569 2853 et
1583 2804 1663 2853 suos
1678 2787 1799 2854 eredes
1816 2787 1854 2855 in
1870 2808 1954 2875 pars
1970 2791 2084 2876 ipsius

233 2949 378 3018 ecclesie
403 2948 532 3037 biginti
556 2946 637 3015 auri
662 2945 790 3012 solidos
813 2943 1054 3012 constantinus
1070 2949 1105 3010 et
1122 2942 1269 3010 tacitum
1293 2941 1376 3009 inde
1393 2959 1585 3010 manerem.
1611 2947 1646 3008 et
1669 2943 1764 3010 hunc
1789 2944 1931 3010 brebem
1956 2947 2083 3033 scripsi

233 3122 300 3190 ego
323 3103 495 3170 iohannes
518 3101 679 3170 notarius
702 3100 761 3186 qui
787 3099 951 3168 interlui.

279 3227 308 3344 †
332 3274 398 3344 ego
421 3254 631 3340 warimpoto

279 3380 308 3496 †
332 3428 398 3495 ego
420 3407 652 3495 grimoaldus.

1015 3917 1304 3998 DLXVIII.

1013 4180 1068 4257 A.
1096 4178 1147 4254 D.
1175 4175 1304 4257 1004.

276 4393 310 4533 †
338 4446 377 4510 ln
401 4441 547 4512 nomine
570 4437 704 4507 domini
729 4435 967 4506 sextodecimo
983 4453 1078 4505 anno
1092 4435 1315 4524 principatus
1330 4436 1450 4504 domni
1467 4437 1578 4504 nostri
1594 4435 1792 4522 guaimarii
1808 4438 1963 4524 glorioso
1981 4439 2081 4526 prin-

232 4616 329 4686 cepe,
354 4613 474 4665 mense
499 4593 624 4679 iulius,
640 4590 797 4659 secunda
813 4588 1020 4658 indictione.
1046 4590 1335 4658 Memoratorium
1360 4591 1492 4658 fa‘ctum
1508 4609 1531 4657 a
1545 4605 1600 4655 me
1618 4588 1712 4658 maio
1727 4589 1902 4675 presbiter
1918 4594 1954 4659 et
1970 4593 2080 4661 abbas

235 4749 380 4819 ecclesie
403 4747 520 4817 sancti
544 4742 711 4831 maximi,
727 4761 767 4809 eo
790 4742 882 4828 quod
907 4747 991 4810 ante
1008 4742 1188 4828 presentia
1212 4745 1303 4831 petri
1329 4721 1439 4812 iudici
1462 4743 1766 4811 combenientibus
1782 4761 1838 4811 me
1854 4761 1936 4811 cum
1952 4744 2081 4812 mulier

232 4904 372 4971 nomine
398 4902 486 4971 lieni
511 4900 625 4968 libera
648 4897 783 4966 semina
807 4895 882 4964 fllia
906 4897 1012 4964 basili
1035 4897 1150 4984 greci,
1167 4915 1231 4984 pro
1247 4897 1376 4984 quibus
1399 4897 1463 4966 illa
1485 4897 1635 4965 sociavit
1659 4895 1726 4964 sivi
1750 4897 1850 4964 modo
1875 4899 1995 4966 virum
2020 4917 2081 4966 no-

231 5059 324 5127 mine
348 5059 530 5127 martinus
552 5053 727 5124 famulum
751 5051 908 5138 predicte
931 5051 1079 5119 ecclesie
1102 5050 1215 5118 fllium
1240 5051 1399 5138 iordani,
1424 5055 1464 5118 ut
1488 5051 1612 5120 liceret
1644 5052 1724 5138 ipsa
1747 5051 1836 5120 lieni
1866 5054 1989 5122 aberet
2014 5053 2081 5120 sivi

232 5211 347 5278 virum
372 5209 489 5296 ipsum
512 5207 692 5276 martinus
715 5209 751 5274 et
767 5171 838 5273 ¹illa
860 5223 942 5270 cum
967 5222 1046 5271 eum¹
1072 5203 1110 5270 in
1134 5206 1239 5272 rebus
1262 5204 1373 5291 ipsius
1396 5204 1543 5273 ecclesie
1568 5205 1745 5292 residere,
1771 5209 1808 5274 et
1831 5204 1917 5273 filiis
1939 5206 2082 5275 filiabus

231 5363 319 5450 quod
343 5345 494 5432 fecerint
516 5361 558 5429 de
584 5361 700 5448 ipsum
723 5361 914 5444 martinus;
929 5362 965 5425 et
980 5376 1045 5425 nec
1068 5375 1146 5444 ego,
1172 5377 1238 5426 nec
1262 5377 1596 5427 meossuccessores
1619 5377 1691 5426 non
1716 5362 1902 5428 aberemus
1924 5363 2081 5446 potesta·

232 5525 301 5586 tem
324 5517 457 5588 exinde
482 5517 753 5604 compreendere
778 5515 826 5583 ad
850 5531 996 5582 manum
1021 5511 1246 5581 serbiendum
1271 5515 1394 5600 nobis,
1419 5517 1473 5581 set
1496 5513 1592 5580 omni
1617 5515 1774 5598 tempore
1798 5512 1923 5581 liceret
1948 5513 2020 5580 illis
2044 5515 2082 5581 in

239 5675 342 5742 rebus
366 5677 478 5761 ipsius
502 5673 648 5740 ecclesie
671 5671 828 5738 residere
851 5673 887 5736 et
910 5669 1063 5756 abitare,
1086 5668 1179 5736 sicut
1201 5668 1306 5736 liberi
1330 5666 1546 5754 hominibus,
1563 5667 1615 5734 sic
1640 5669 1772 5754 tamen,
1792 5673 1830 5737 ut
1846 5667 1888 5735 de
1904 5671 2081 5754 quantum

235 5826 467 5915 laboraverit,
491 5845 575 5914 pars
598 5826 757 5914 predicte
780 5822 927 5893 ecclesie
950 5821 1082 5892 exinde
1106 5825 1213 5892 abere
1237 5821 1305 5890 due
1328 5821 1456 5908 sortis,
1480 5823 1516 5888 et
1540 5819 1613 5888 illis
1637 5837 1731 5908 una,
1764 5820 1968 5890 faciendum
1991 5823 2083 5911 quod
