5376 7104
999 539 1409 616 DlPLOMllTICUS
2005 541 2076 617 alt

268 770 445 857 quomodo
468 775 505 839 et
528 769 683 858 qualiter
707 767 870 854 superius
893 768 992 835 vobis
1014 767 1255 858 benumdedit,
1279 769 1407 839 inclita
1423 771 1537 838 omnis
1553 769 1760 856 supradicta
1784 769 1939 836 sortione
1955 785 2035 838 mea
2055 787 2123 854 per

270 924 335 992 illa
359 925 515 1011 ratione,
539 923 697 1010 qualiter
720 921 885 1010 superius
908 921 1055 1007 legitur,
1080 921 1162 989 illut
1184 922 1322 991 abeatis
1345 926 1381 992 et
1405 924 1547 992 faciatis
1570 924 1691 990 omnia
1715 922 1808 1008 quod
1830 921 2029 1008 volueritis,
2055 940 2119 1009 per
2196 918 2204 932 “

268 1075 479 1162 supradicta
501 1076 637 1164 guadia
661 1079 697 1146 et
719 1075 876 1163 obligata
898 1091 1004 1162 pena;
1021 1079 1057 1142 et
1080 1075 1227 1142 fecimus
1249 1075 1379 1144 exinde
1402 1077 1558 1144 scribere
1580 1075 1648 1144 due
1664 1076 1802 1144 cartule
1817 1093 1881 1162 per
1897 1094 1968 1143 uno
1984 1075 2120 1144 tinore:

268 1227 343 1298 ista
366 1228 572 1297 remisimus
597 1234 714 1298 vestre
738 1229 946 1316 potestatis,
971 1228 1045 1296 alia
1066 1227 1139 1297 tale
1162 1227 1279 1296 simile
1303 1229 1496 1297 retinemus
1528 1232 1647 1296 nostre
1677 1227 1887 1315 potestatis,
1911 1232 1950 1296 ut
1974 1229 2013 1295 in
2037 1229 2122 1297 aliis

268 1380 382 1447 modis
404 1395 476 1446 non
500 1377 570 1449 siat
593 1382 810 1448 commutate
827 1382 891 1449 aut
906 1379 1121 1464 exemplata,
1145 1383 1181 1448 et
1196 1377 1318 1451 taliter
1342 1381 1497 1449 scribere
1520 1380 1727 1467 rogavimus
1742 1384 1778 1448 te
1795 1379 1994 1450 romoaldus
2017 1383 2124 1450 nota-

267 1531 345 1598 rius
369 1532 407 1598 in
431 1535 553 1600 aetum
575 1530 656 1598 uius
678 1533 839 1599 nuceria.

320 1659 350 1774 †
375 1704 441 1774 ego
464 1687 526 1773 qui
549 1705 657 1772 supra
673 1687 772 1753 miro
795 1685 906 1753 iudex

313 1814 344 1928 †
369 1844 444 1930 Ego
467 1841 527 1930 qui
552 1859 659 1927 supra
684 1820 869 1910 mirandus
892 1838 1013 1906 iudex.

962 2091 1411 2102 ..—..-..---.-.--—.-

1024 2381 1359 2461 DCLXXIX.

1048 2644 1102 2722 A.
1131 2643 1181 2719 D.
1210 2643 1336 2728 1014.

309 2861 410 3016 :l'ln
435 2928 582 2998 nomine
605 2930 739 2998 domini
764 2931 891 3009 domno
914 2932 1019 3005 basili
1044 2933 1168 3003 dibina
1192 2935 1314 3022 gratia
1339 2937 1531 3023 imperator
1554 2941 1721 3023 augusto,
1738 2935 1801 3002 deo
1825 2935 1991 3022 propitio,
2016 2939 2127 3022 quin

263 3083 475 3169 quagesimo
499 3085 650 3152 hoctabo
674 3102 769 3152 anno
794 3085 936 3172 imperii
960 3087 1050 3174 eim,
1075 3091 1213 3155 etcum
1238 3107 1278 3156 eo
1302 3093 1486 3176 regnante.
1501 3088 1628 3156 domno
1651 3086 1877 3156 constantino
1895 3087 2008 3157 irater
2024 3089 2120 3176 eiuS,

266 3236 506 3304 sanctissimis
527 3237 804 3324 imperatoribus
827 3239 984 3326 nostris,
1008 3257 1127 3308 mense
1151 3244 1303 3326 agusto,
1327 3240 1533 3310 duodecima
1557 3241 1764 3310 indictione.
1797 3241 1945 3325 ldeoque
1969 3259 2035 3328 ego
2059 3243 2117 3310 vir

265 3388 407 3456 nomine
430 3389 642 3458 adelmanno
665 3391 761 3458 filius
785 3392 962 3477 quondam
981 3393 1144 3478 iohanni,
1169 3397 1231 3480 qui
1258 3413 1338 3462 sum
1364 3400 1620 3465 commorantes
1653 3393 1751 3462 intus
1774 3392 1924 3462 cibitate
1955 3394 2119 3480 luceria,

264 3543 455 3612 clarefecio
478 3544 588 3630 enim,
613 3545 698 3631 quia
720 3546 961 3643 pertinentem
984 3547 1093 3616 miehi
1120 3551 1208 3616 abeo
1224 3567 1297 3619 una
1313 3569 1397 3618 casa
1419 3549 1635 3618 edificiatam
1658 3547 1819 3616 clausam
1835 3552 1871 3616 et
1887 3551 2118 3634 cohopertam

264 3695 363 3764 intus
387 3696 426 3764 in
450 3716 519 3766 ano
544 3699 705 3784 predicta
728 3701 874 3769 cibitate
892 3699 1042 3788 luceria,
1067 3720 1175 3786 quam
1192 3706 1277 3770 ante
1292 3704 1355 3769 hos
1371 3719 1486 3769 annos
1502 3705 1656 3787 emptam
1671 3701 1771 3770 illam
1786 3703 1874 3768 abeo
1890 3721 1912 3769 a
1929 3703 2027 3768 berto
2044 3701 2119 3768 filio

263 3848 440 3932 quondam
461 3851 569 3934 (deest
593 3854 745 3938 nomen),
770 3852 863 3919 sicut
887 3853 1004 3938 ipsum
1027 3855 1187 3920 nostrum
1211 3853 1369 3922 continet
1392 3855 1514 3940 brebe,
1530 3855 1592 3939 qui
1617 3851 1744 3922 isdiota
1760 3871 1844 3922 casa
1859 3853 1950 3920 mihi
1967 3852 2117 3922 bindere

262 4016 460 4086 congruum
483 4007 563 4088 est,
587 4006 624 4070 et
647 4023 726 4073 mea
755 4005 982 4092 congruitate
1014 4023 1060 4072 ex
1083 4004 1194 4072 isdem
1223 4004 1489 4091 perficiendam.
1521 4005 1634 4081 Quam
1669 4009 1705 4074 et
1727 4023 1792 4092 ego
1815 4004 1945 4073 mulier
1970 4006 2117 4075 nomine

262 4155 391 4242 maria,
415 4175 482 4242 que
506 4175 585 4225 sum
610 4177 700 4226 uxor
723 4158 801 4228 eius
824 4163 859 4228 et
881 4158 958 4227 filia
981 4159 1157 4246 quondam
1184 4158 1335 4228 iohanni
1358 4158 1500 4228 declaro
1514 4158 1624 4244 enim,
1641 4159 1726 4244 quia
1742 4157 1780 4226 in
1796 4157 1854 4227 die
1878 4158 2120 4246 copulationis

261 4312 378 4376 nostre
402 4309 444 4376 de
460 4311 626 4378 omnibus
649 4313 755 4379 rebus
779 4315 817 4379 et
843 4312 1078 4381 facultatibus
1101 4312 1176 4379 suis
1199 4317 1365 4398 quartam
1388 4315 1527 4398 partem
1549 4311 1660 4379 michi
1683 4309 1805 4379 emisit
1829 4331 1892 4397 per
1908 4330 2012 4379 suum
2028 4312 2117 4380 scri·

261 4464 362 4546 ptum
385 4464 597 4549 morgincab
622 4465 668 4531 ab
692 4461 754 4530 illo
776 4461 887 4530 michi
911 4430 1108 4533 firmatum.
1128 4465 1186 4532 Set
1210 4465 1397 4533 audientes
1422 4483 1486 4532 nos
1509 4483 1553 4534 ea
1576 4483 1644 4552 que
1662 4465 1701 4532 in
1726 4463 1833 4533 edicti
1857 4464 2012 4551 capitulo
2032 4482 2118 4531 oon-w

262 4614 379 4702 tinet,
404 4618 495 4703 quod
519 4617 650 4685 mulier
675 4617 753 4686 sine
776 4617 909 4686 notitia
933 4617 1086 4704 iudicis,
1118 4620 1183 4686 aut
1205 4617 1283 4685 sine
1306 4577 1480 4686 consensu
1510 4621 1699 4704 parentum
1722 4634 1892 4703 suorum,
1916 4616 1972 4685 vel
1995 4617 2051 4685 illi
2074 4619 2114 4685 in

260 4767 364 4836 cuius
388 4771 538 4838 mundio
562 4773 698 4858 fuerit,
721 4771 764 4840 de
786 4773 893 4839 rebus
916 4771 992 4839 suis
1014 4770 1126 4840 nichil
1151 4769 1279 4839 stabile
1301 4771 1418 4839 facere
1441 4769 1595 4857 poterit,
1619 4787 1683 4856 pro
1706 4773 1773 4838 hoc
1797 4771 2011 4839 hobsecrare
2035 4772 2113 4857 cepi

259 4924 412 4992 eundem
437 4923 492 4990 vir
515 4942 629 5012 meus,
654 4943 761 5010 quam
777 4925 814 4992 et
829 4923 1035 4992 benedictus
1058 4927 1095 4991 et
1119 4928 1218 5010 petro
1233 4924 1308 4992 veri
1331 4923 1497 5011 germani
1520 4923 1591 4992 mei
1607 4927 1643 4991 et
1658 4922 1724 4990 filii
1746 4923 1940 5010 supradicti
1959 4924 2110 4992 iohanni

258 5075 415 5164 genitori
441 5079 525 5164 mei,
549 5075 611 5162 qui
637 5079 722 5143 sunt
743 5074 928 5145 mundoalt
952 5094 1015 5143 seu
1038 5077 1343 5145 consentientibus
1366 5077 1467 5164 meis,
1483 5081 1523 5145 ut
1539 5073 1650 5144 michi
1673 5076 1832 5162 predicte
1855 5075 1999 5143 mulieri
2017 5074 2114 5146 iusta

258 5227 372 5318 legem
394 5233 496 5300 fieret
518 5228 792 5316 consentientes
809 5227 917 5298 atilli
934 5229 1045 5296 michi
1062 5229 1323 5298 consentientes
1346 5231 1504 5298 fuerunt.
1524 5230 1666 5298 Interea
1684 5247 1855 5298 unacum
1872 5229 1959 5317 ipsis
1976 5231 2110 5296 etcum

257 5385 384 5452 eodem
407 5385 464 5452 vir
487 5404 588 5454 meus
611 5386 792 5471 presentia
814 5384 950 5453 hettoni
976 5383 1104 5451 iudicis
1127 5386 1164 5451 et
1187 5382 1269 5452 aliis
1293 5381 1486 5449 nobiliores
1501 5381 1719 5468 hominibus,
1735 5380 1795 5468 qui
1814 5381 1872 5448 hio
1888 5384 2010 5450 subter
2027 5398 2113 5450 con-

257 5538 389 5626 scripti
413 5543 511 5626 sunt,
534 5543 570 5609 et
593 5541 688 5606 hanc
712 5554 857 5608 causam
880 5535 932 5604 eis
955 5554 1016 5622 per
1041 5535 1226 5603 hordinem
1251 5534 1510 5622 intimabimus,
1527 5539 1635 5622 atque
1651 5536 1728 5621 ipso
1743 5535 1900 5623 predicto
1922 5534 2034 5603 iudici
2050 5539 2111 5604 ob·

257 5695 507 5782 sacrabimus,
530 5697 572 5762 ut
595 5691 706 5761 michi
737 5691 893 5780 predicte
923 5689 1066 5758 mulieri
1099 5689 1194 5758 iusta
1223 5691 1345 5761 eadem
1369 5691 1484 5778 legem
1514 5693 1678 5776 preberet
1708 5689 1891 5759 licentiam
1921 5687 2106 5762 vindendi.

255 5848 443 5918 Predictus
466 5849 598 5936 iudex,
621 5848 705 5916 dunt
728 5850 795 5918 hoc
817 5846 1000 5934 audisset,
1023 5848 1118 5936 cepit
1141 5864 1197 5916 me
1219 5846 1411 5936 diligenter
1440 5845 1648 5934 inquirere,
1673 5861 1718 5916 ne
1742 5845 1830 5916 forte
1854 5849 1900 5917 ab
1925 5847 2002 5935 ipso
2025 5850 2105 5920 viro
