5318 7102
503 442 588 560 Υ1111
854 553 857 560 ἡ
1244 442 1607 518 unrtdtttntttn

489 664 533 736 Ut
559 664 803 759 depredatione
829 689 916 762 quae
942 675 1084 739 actenus
1111 663 1192 736 llere
1219 665 1388 752 solebant,
1416 665 1652 760 prohibemus,
1680 689 1724 738 na
1751 665 1845 754 fiant,
1875 686 1987 760 neque
2006 664 2145 736 vivente
2163 663 2339 760 pontifice,

537 845 649 916 neque
678 823 855 896 delunoto.
886 825 922 898 Si
949 825 1026 918 quis
1052 847 1134 896 vero
1161 823 1308 897 ulterius
1335 821 1399 896 hoo
1425 823 1561 911 lecerit,
1582 823 1669 898 sciat
1694 845 1731 895 se
1758 821 1862 918 legali
1888 824 2061 895 sententia
2087 842 2164 892 esse
2182 819 2348 892 condem-

539 983 721 1072 nandum,
750 1007 816 1079 que
843 993 935 1055 retro
962 991 1038 1056 aete
1065 993 1170 1069 sunt,
1198 982 1312 1079 placet
1338 983 1451 1072 nobis,
1481 992 1519 1056 ut
1543 1007 1604 1080 per
1633 984 1897 1080 dispositionem
1923 990 2076 1054 nostram
2094 979 2161 1054 liad
2188 980 2347 1077 legaliter

535 1145 715 1217 emendate
744 1149 780 1241 ¹).

487 1303 669 1392 VolumuS,
698 1307 796 1376 utin
828 1304 999 1378 electione
1030 1303 1202 1400 pontificis
1234 1304 1351 1376 nullus
1380 1312 1555 1398 presumat
1584 1303 1717 1391 venire,
1749 1325 1861 1398 neque
1888 1299 1991 1390 liber,
2011 1324 2121 1398 neque
2140 1324 2262 1374 seruus
2281 1325 2343 1396 per

534 1463 674 1558 aliquod
701 1464 948 1559 impedimento
974 1465 1091 1537 saciat.
1120 1464 1174 1534 Illi
1201 1462 1419 1536 solummodo
1445 1463 1624 1548 romanis,
1652 1461 1778 1556 quihus
1808 1461 2001 1555 antiquitus
2028 1463 2096 1534 luit
2121 1461 2341 1536 consuetudo

533 1649 614 1696 eum
642 1649 807 1698 concesso
832 1649 892 1720 per
918 1625 1164 1698 constitutione
1190 1635 1389 1698 sanctorum
1416 1632 1573 1720 patruum
1601 1622 1760 1718 elegendi
1788 1621 1997 1719 pontificem,
2019 1624 2111 1717 quod
2138 1623 2167 1695 si
2194 1624 2342 1720 quisque

532 1793 654 1856 contra
672 1785 734 1856 hoo
753 1785 943 1857 iussionem
969 1791 1126 1855 nostram
1153 1783 1265 1855 lacere
1290 1784 1552 1879 presumpserit,
1573 1783 1609 1853 in
1628 1783 1730 1854 exilio
1748 1783 1956 1879 tradatur).
1978 1782 2160 1870 Volumus,
2183 1791 2221 1856 ut
2239 1783 2338 1856 missi

532 1945 790 2017 constituantur
806 1948 849 2017 de
866 1953 960 2040 parto
988 1944 1120 2016 domini
1147 1943 1326 2038 apostolici
1353 1951 1388 2014 et
1414 1951 1531 2016 nostra
1549 1944 1610 2038 qui
1628 1942 1806 2016 annuatim
1824 1941 1924 2015 nobis
1951 1943 2159 2015 renunciare
2185 1943 2338 2031 valeant,

531 2103 701 2196 equaliter
727 2103 855 2198 singuli
883 2103 988 2176 duces
1015 2112 1049 2175 et
1075 2102 1208 2174 iudices
1235 2103 1402 2176 iustitiam
1429 2103 1557 2176 iaciant
1583 2105 1617 2175 in
1646 2103 1785 2199 populo,
1814 2112 1848 2176 et
1874 2103 2049 2195 quomodo
2075 2112 2193 2174 nostra
2211 2101 2341 2174 consti-

531 2262 622 2335 tutio
649 2263 833 2335 observent
857 2264 917 2355 qui
943 2262 1040 2334 missi
1068 2263 1310 2348 decemimuS,
1339 2264 1383 2335 Ut
1408 2261 1540 2358 primus
1567 2270 1711 2334 cunctos
1737 2263 1922 2350 clamores,
1950 2261 2009 2356 qui
2036 2285 2094 2356 per
2119 2261 2341 2356 neglegentia

533 2422 665 2495 ducum
692 2431 750 2495 aut
768 2422 924 2494 iudicum
944 2421 1061 2509 luerit,
1083 2421 1124 2494 ad
1143 2422 1302 2495 notitiam
1321 2423 1452 2496 domini
1471 2422 1650 2521 apostolici
1670 2425 1883 2511 delerentur,
1912 2432 1946 2497 et
1964 2424 2036 2519 ipsc
2063 2422 2167 2496 unius
2193 2445 2234 2492 ex
2259 2423 2347 2493 duo-

525 2580 591 2652 bus
618 2581 756 2675 dirigat,
786 2589 844 2652 aut
869 2583 984 2653 statim
1011 2605 1071 2676 per
1088 2581 1228 2653 eosdenr
1256 2581 1380 2652 missos
1406 2579 1489 2654 finnt
1508 2581 1573 2676 ipsi
1592 2581 1820 2656 necessitates
1846 2581 2041 2668 emendate,
2063 2589 2121 2653 aut
2139 2581 2168 2652 si
2187 2604 2256 2653 non
2277 2605 2340 2677 pro

526 2749 646 2812 nostra
664 2740 818 2812 iussione
837 2740 893 2813 fiat
911 2741 1009 2814 nobis
1028 2747 1162 2828 notum,
1183 2749 1221 2813 ut
1238 2763 1298 2836 per
1312 2749 1469 2812 nostrum
1485 2742 1610 2814 missos
1628 2765 1647 2812 a
1665 2741 1763 2813 nobis
1778 2741 1934 2814 directus
1953 2739 2078 2812 iterum
2092 2741 2337 2812 emendentur.

479 2899 663 2989 Volumus,
691 2913 729 2974 ut
754 2911 882 2976 contus
910 2903 1056 2999 populus
1083 2926 1246 2975 romanus
1272 2902 1518 2996 interrogetur,
1546 2900 1648 2994 quale
1674 2901 1750 2996 lege
1777 2900 1852 2973 vult
1878 2901 2009 2988 vivere,
2041 2900 2253 2987 vellibant,
2286 2900 2342 2978 illi

528 3061 588 3154 qui
615 3063 852 3148 denuntietur,
880 3064 972 3156 quod
998 3062 1064 3134 hoc
1090 3061 1327 3157 unusquisque
1353 3059 1465 3132 sciant
1489 3068 1560 3132 tam
1587 3059 1706 3147 duces,
1735 3083 1839 3154 quam
1865 3067 1900 3130 et
1926 3060 2075 3148 iudices,
2104 3064 2159 3134 vel
2186 3063 2341 3158 reliquos

529 3216 687 3316 populos,
716 3219 808 3311 quod
834 3219 863 3290 si
883 3220 918 3289 in
937 3217 1081 3292 offensio
1107 3243 1168 3291 sua
1194 3228 1314 3292 contra
1340 3219 1460 3290 eadem
1485 3218 1561 3316 lege
1580 3220 1742 3308 iecerint,
1763 3221 1875 3293 eidem
1893 3222 1963 3317 legi
1982 3223 2041 3318 qui
2060 3223 2265 3319 profitentur
2281 3249 2343 3320 per

531 3375 759 3471 dispositione
786 3374 939 3471 pontifici
966 3375 1054 3447 hano
1080 3385 1198 3448 nostra
1224 3376 1452 3450 subiacebunt
1476 3373 1514 3473 ³).

487 3669 929 3680 na———n———a-u———n

483 3903 499 3939 a
524 3882 619 3942 Anno
636 3881 848 3958 praecedenti
863 3879 932 3942 823
947 3880 983 3940 ia
999 3879 1211 3941 Patriarcht'o
1236 3877 1450 3942 Lateraaensl
1465 3889 1660 3954 excaecatos,
1680 3884 1851 3946 aedelredo
1867 3885 2050 3960 decollatos,
2068 3907 2207 3968 quartem
2220 3897 2345 3958 mentio

482 4048 498 4086 u
523 4033 569 4088 eet
591 4027 628 4087 ia
654 4026 835 4088 Annalibus
857 4023 1090 4088 Francorum?
1112 4025 1179 4087 Pro
1201 4024 1313 4090 Leonis
1334 4029 1472 4106 sortasse
1494 4030 1652 4108 scriptam
1672 4029 1832 4107 Floronia,
1855 4031 1900 4115 (il
1923 4033 1995 4096 cod.
2022 4035 2097 4098 Cau.
2130 4035 2345 4120 laterinis)

484 4173 632 4253 «Sergii
664 4193 789 4254 qaoque
820 4173 1046 4237 Secundleerii
1078 4173 1190 4236 coedes
1221 4173 1280 4236 aab
1312 4173 1461 4237 Adriano
1482 4174 1503 4237 I
1513 4177 1654 4240 circiter
1685 4177 1817 4239 Annam
1848 4177 1915 4240 779
1944 4189 2118 4244 narrator.
2149 4183 2239 4248 Haec
2268 4205 2341 4250 mea

480 4345 499 4382 a
525 4319 716 4400 conjectura
738 4343 766 4380 n.

524 4467 547 4549 ι)
568 4466 653 4528 Mur.
677 4465 805 4528 XXXV.

522 4611 546 4695 ²)
567 4613 651 4676 Mur.
676 4611 818 4675 XXXVI.

524 4760 549 4842 θ)
573 4759 697 4834 Questa
719 4757 816 4837 legge
840 4759 1055 4840 corrisponde
1082 4758 1111 4820 al
1133 4760 1175 4822 N.
1198 4755 1344 4820 XXXVII
1367 4755 1420 4818 del
1442 4757 1614 4853 Muratori.
1639 4760 1675 4822 Ci
1698 4763 1931 4840 permettiamo
1953 4763 1986 4826 di
2009 4766 2066 4844 qui
2090 4767 2283 4848 riprodurre
2308 4772 2340 4836 la

456 4906 567 4968 .Nota
587 4905 638 4986 38)
660 4923 733 4986 pag.
758 4907 830 4980 tro,
856 4907 890 4967 in
914 4906 968 4968 eui
992 4906 1015 4967 il
1039 4907 1098 4969 Ch.
1130 4903 1305 4967 Annalista
1337 4903 1534 4968 illustrando
1557 4903 1589 4967 la
1610 4905 1763 4987 predetta
1792 4907 1888 4987 lagga
1919 4909 1961 4971 37
1990 4911 2154 4976 richiama
2183 4916 2249 4980 3113
2271 4939 2340 4984 me·

482 5051 588 5114 moria
609 5068 677 5112 una
698 5052 873 5130 questione
898 5070 959 5114 con
981 5057 1073 5112 vasta
1095 5049 1287 5112 eruditione
1310 5055 1445 5111 trattata
1466 5049 1519 5112 dal
1536 5052 1650 5131 Traga.
1669 5076 1685 5112 a
1702 5053 1803 5116 Audi.
1822 5052 1899 5117 Cod.
1917 5057 2027 5119 Estote.
2044 5063 2082 5123 ut
2096 5059 2185 5140 quali
2199 5063 2342 5144 prolessi

482 5219 498 5256 a
524 5196 653 5266 fuerint
674 5196 789 5262 vivere
811 5195 901 5263 volte
923 5195 999 5278 (nel
1023 5195 1101 5260 Cod.
1126 5195 1202 5258 Car.
1226 5201 1344 5276 queste
1366 5165 1479 5278 parole
1503 5201 1684 5280 mancano)
1706 5199 1831 5266 vivant.
1860 5201 1998 5285 Illisqua
2019 5205 2065 5286 (it
2090 5206 2168 5269 God.
2194 5209 2270 5272 Car.
2296 5211 2339 5274 ha

487 5369 502 5402 «
527 5342 580 5408 illi
602 5343 672 5426 qui)
692 5343 876 5419 nuntietur,
899 5341 984 5423 quod
1005 5343 1066 5408 hoo
1088 5341 1310 5422 unusquisque
1332 5342 1435 5418 sciat,
1459 5350 1528 5409 tam
1559 5343 1665 5412 Duces
1693 5349 1853 5432 qtrarnque
1875 5358 1910 5416 et
1931 5351 2083 5430 ludices,
2107 5353 2164 5419 vel
2186 5355 2339 5438 reliquus

484 5515 499 5550 u
523 5491 678 5573 Populus,
711 5489 847 5573 quodsi
869 5499 933 5554 ete.
958 5491 996 5552 tn
1019 5491 1107 5554 dne:
1133 5489 1241 5556 eidem
1262 5488 1361 5570 Leqi,
1385 5507 1481 5572 qoam
1502 5491 1703 5573 profitentur
1724 5511 1785 5576 per
1807 5495 2054 5578 dispositionem
2085 5499 2276 5581 Pontificio,
2300 5513 2337 5572 et

483 5663 499 5697 «
523 5646 672 5705 nostram
694 5640 891 5720 subjacebit.
916 5639 1000 5721 Ergo
1023 5639 1143 5703 Rornae
1176 5657 1298 5720 qaoque
1321 5638 1484 5702 obtinebat
1504 5658 1582 5702 aeas
1604 5639 1698 5723 Lapis
1720 5643 2001 5724 Longobardicae,
2034 5649 2229 5729 Franciooe,
2253 5653 2341 5717 alia·

484 5809 501 5844 a
526 5805 663 5866 rumque
685 5785 856 5868 masrnodt·
879 5805 982 5866 aeque
1004 5783 1323 5849 coenomanorum
1344 5783 1412 5848 Laoc
1434 5791 1512 5849 tane
1534 5787 1573 5849 tn
1597 5785 1764 5860 Quiritum
1785 5792 1857 5871 foro
1879 5792 2077 5858 audiebatur
2099 5818 2128 5857 n.
