5376 7104
981 583 1384 691 urrtouxrrcus
1990 577 2058 648 111

259 801 317 870 bis
340 800 605 888 palmeutateca
628 806 824 874 secundum
847 800 1139 878 consuetudinem
1162 810 1205 878 de
1229 809 1306 896 ipso
1331 809 1457 876 locum.
1487 808 1555 876 Seu
1578 808 1614 873 et
1630 803 1842 873 terraticum
1865 800 1968 866 nobis
1991 800 2046 867 vel
2071 799 2111 865 in

258 971 347 1042 pars
370 953 483 1042 ipsius
506 955 653 1024 ecclesie
677 957 774 1024 omui
797 962 955 1046 tempore
980 959 1052 1026 illis
1073 960 1176 1028 nobis
1200 961 1321 1046 deant,
1345 961 1387 1028 de
1410 960 1503 1046 quod
1528 958 1659 1026 ibidem
1676 954 1949 1037 seminaberint,
1967 968 2109 1020 annua-

260 1105 342 1174 liter
366 1107 558 1176 secundum
583 1109 874 1178 consuetudinem
898 1112 941 1179 de
964 1111 1040 1198 ipso
1064 1115 1193 1199 locum3
1218 1117 1254 1180 et
1277 1112 1363 1180 dum
1386 1112 1518 1180 ibidem
1540 1111 1610 1196 ipsi
1631 1107 1790 1177 castanei
1806 1102 1929 1191 suerit,
1946 1107 2113 1174 castanea

259 1280 362 1346 quem
388 1263 472 1330 inde
497 1262 719 1351 collexerint,
744 1265 853 1352 deant
877 1267 1007 1336 exinde
1030 1267 1134 1336 nobis
1157 1267 1212 1336 vel
1235 1267 1275 1334 in
1297 1285 1382 1353 pars
1405 1264 1518 1352 ipsius
1541 1262 1689 1332 ecclesie
1721 1259 1928 1330 annualiter
1960 1257 2108 1327 tertiam

260 1416 399 1499 partem
426 1414 470 1480 de
494 1418 632 1501 secche,
650 1419 699 1503 et,
718 1417 812 1485 sicut
835 1417 1006 1505 diximus,
1032 1419 1129 1487 infra
1151 1422 1226 1488 tota
1250 1420 1357 1485 rebus
1381 1418 1471 1504 ipsa,
1496 1414 1557 1481 ubi
1582 1413 1766 1499 meruerit,
1791 1416 1903 1480 totum
1918 1429 1976 1478 eos
1992 1411 2110 1496 paste-

258 1583 347 1634 nare
372 1569 570 1652 arbustum,
596 1571 646 1653 et,
672 1570 734 1636 ubi
759 1569 942 1656 meruerit,
967 1569 1176 1656 plantarent
1199 1569 1469 1654 abellanietum3
1494 1569 1559 1654 sic,
1577 1571 1618 1634 ut
1635 1567 1681 1635 ad
1696 1564 1859 1652 completi
1885 1563 2009 1632 amodo
2032 1567 2111 1632 octo

257 1717 344 1784 anni
369 1718 466 1787 siant
488 1721 524 1784 et
548 1709 689 1786 abeant
704 1719 787 1787 illut
810 1723 952 1787 surtum
979 1725 1015 1790 et
1037 1725 1236 1808 operatum,
1261 1722 1354 1789 sicut
1376 1720 1477 1788 decet
1500 1719 1542 1786 de
1566 1721 1686 1787 tantos
1703 1733 1829 1802 armoe,
1845 1719 1882 1784 et
1899 1713 1958 1782 ille
1973 1717 2008 1782 et
2025 1730 2106 1780 suos

258 1869 379 1938 eredes
402 1869 498 1936 omni
523 1875 679 1957 tempore
701 1877 848 1940 teneant
871 1873 954 1941 illut
980 1875 1075 1940 omni
1104 1879 1262 1961 tempore
1289 1875 1328 1941 in
1353 1869 1598 1958 suprascripta
1614 1873 1755 1939 ratione
1772 1874 1809 1937 et
1826 1870 1942 1938 salbos
1958 1866 2037 1934 illos
2055 1867 2108 1936 fa·
2208 1875 2213 1888 ·

258 2023 370 2109 ciant;
395 2027 432 2091 et
455 2043 478 2091 a
501 2043 570 2109 quc
594 2025 640 2093 da
662 2025 730 2111 ipsi
755 2029 832 2092 octo
854 2025 942 2094 anni
967 2027 1006 2092 in
1030 2031 1152 2113 antea,
1175 2027 1206 2093 si
1231 2026 1313 2094 illut
1335 2027 1497 2096 laborare
1519 2027 1555 2093 et
1579 2030 1701 2094 tenere
1725 2042 1796 2090 non
1821 2022 2022 2106 boluerint,
2050 2022 2108 2089 in-

258 2173 384 2242 clitum
409 2176 491 2244 illut
514 2175 713 2245 laboratum
737 2182 773 2246 et
796 2177 933 2245 clusum
958 2179 1141 2249 remittere
1164 2178 1210 2246 ad
1233 2179 1407 2263 potestate
1431 2175 1544 2261 ipsius
1567 2174 1729 2260 ecclesie,
1761 2179 1797 2242 et
1827 2173 1942 2243 licead
1972 2173 2033 2242 ille
2068 2177 2106 2242 et

259 2345 343 2394 suos
367 2327 490 2394 credes
513 2327 596 2394 inde
620 2328 722 2396 exire
747 2348 825 2396 cum
850 2330 967 2396 omnis
991 2349 1056 2398 sua
1079 2347 1187 2398 causa
1209 2332 1245 2396 et
1269 2330 1335 2414 ire,
1360 2323 1420 2394 ubi
1445 2324 1638 2412 boluerint;
1671 2329 1707 2393 et
1736 2324 1765 2391 61
1799 2325 1842 2393 de
1866 2344 1908 2393 ac
1930 2330 2029 2394 terra
2051 2345 2109 2396 sa·

260 2478 441 2547 lernitana
465 2482 626 2548 exieriut
649 2499 712 2567 pro
735 2499 959 2568 quacumque
983 2500 1092 2550 causa
1116 2486 1151 2549 et
1174 2481 1271 2550 infra
1295 2485 1367 2548 tres
1391 2479 1480 2548 anni
1497 2477 1631 2546 rebersi
1647 2495 1718 2544 non
1735 2477 1859 2563 luerit,
1878 2479 1976 2548 siant
1994 2477 2033 2546 in
2051 2497 2110 2565 pc·

257 2633 387 2699 testate
410 2632 570 2720 predicte
592 2633 752 2717 ecclesie3
778 2633 864 2700 etsi
890 2633 987 2702 infra
1010 2635 1079 2719 ipsi
1102 2638 1176 2702 tres
1199 2633 1287 2702 anni
1311 2631 1445 2708 rebersi
1470 2631 1580 2700 suerit
1602 2635 1638 2700 et
1667 2630 1849 2700 boluerint
1876 2630 1958 2700 illut
1980 2635 2105 2700 tenere

257 2784 297 2850 in
320 2783 522 2869 supradicto
545 2781 682 2889 ordine,
705 2787 819 2850 totum
835 2801 894 2850 eos
908 2784 1114 2870 recolligere
1139 2784 1184 2852 ad
1200 2782 1392 2851 tenendum
1415 2784 1685 2868 omnitempore
1708 2781 1747 2850 in
1770 2782 1976 2867 supradicta
1993 2782 2106 2852 ratio-

167 2994 170 2999 .
257 2955 320 3004 ne:
347 2939 488 3005 tantum
513 2936 588 3022 ipso
613 2954 749 3004 annum
774 2935 865 3020 quod
888 2935 1076 3020 redierint,
1100 2936 1131 3003 si
1155 2934 1237 3001 illut
1260 2934 1460 3002 laboratum
1483 2933 1605 3021 fuerit,
1630 2935 1743 3004 licead
1766 2935 1828 3002 ille
1852 2935 1913 3020 qui
1937 2952 1996 3002 eos
2012 2935 2110 3003 labo-

258 3087 437 3174 raberint,
463 3087 545 3154 inde
569 3085 692 3154 tollere
716 3085 832 3152 omnis
857 3086 1016 3173 frugeus.
1040 3086 1139 3156 Unde
1162 3087 1201 3154 in
1224 3105 1265 3154 eo
1287 3086 1411 3154 ordine
1434 3105 1498 3172 per
1521 3089 1614 3155 bona
1636 3085 1899 3154 combenientia
1922 3106 1984 3174 per
2002 3089 2103 3156 abso-

258 3238 431 3306 lutionem
456 3240 498 3306 de
522 3241 598 3325 ipsu
622 3240 752 3306 abbate
775 3238 910 3324 guadia
934 3239 1036 3306 nobis
1060 3239 1136 3324 ipse
1159 3237 1395 3325 rodelgrimus
1419 3237 1515 3324 dedi,
1541 3243 1577 3306 61
1598 3239 1829 3306 mediatorem
1856 3240 1957 3306 nobis
1983 3240 2105 3327 posuit

258 3391 432 3459 iohannes
456 3391 553 3458 filius
576 3393 699 3475 amati;
723 3393 760 3457 et
783 3409 846 3476 per
870 3391 949 3476 ipsa
973 3390 1108 3476 guadia
1132 3391 1308 3478 obligabit
1332 3409 1369 3459 se
1392 3395 1429 3460 61
1452 3409 1533 3459 suos
1556 3392 1693 3479 eredeS,
1718 3397 1759 3460 ut
1783 3393 1814 3460 si
1838 3395 1961 3462 omnia
1977 3412 2106 3480 supra-

257 3545 394 3630 scripta
417 3563 480 3630 per
503 3543 706 3630 supradicto
730 3545 855 3612 ordine
879 3543 980 3610 nobis
1003 3543 1059 3612 vel
1084 3545 1123 3609 in
1146 3561 1231 3628 pars
1254 3543 1368 3629 ipsius
1391 3542 1537 3610 ecclesie
1561 3559 1632 3610 non
1648 3542 1902 3630 adinpleberit,
1918 3548 1954 3612 et
1969 3546 2101 3632 aliquit

259 3696 392 3764 exinde
415 3699 596 3765 remobere
622 3700 686 3766 aut
709 3700 875 3765 contrare
898 3695 1084 3783 quesierit,
1107 3697 1287 3782 perbona
1310 3692 1573 3761 combenientia
1594 3713 1657 3778 per
1675 3695 1753 3780 ipsa
1768 3695 1903 3781 guadia
1927 3696 2104 3784 obligabit

258 3870 296 3918 se
318 3869 467 3936 suosque
490 3850 611 3918 eredes
633 3849 678 3919 ad
702 3847 979 3934 componendum
1002 3847 1118 3934 nobis,
1143 3847 1198 3914 vel
1222 3848 1261 3914 in
1284 3865 1368 3934 pars
1392 3847 1504 3933 ipsius
1526 3846 1673 3914 ecclesie
1696 3848 1850 3935 triginta
1876 3851 1958 3918 auri
1975 3852 2106 3922 solidos

256 4005 513 4072 constantinus
538 4005 795 4071 Verumtamen
819 4017 1069 4088 memoramus,
1094 4001 1181 4085 quia
1196 4000 1240 4067 de
1255 4003 1431 4086 quantum
1454 4001 1580 4068 binum
1596 4005 1632 4069 61
1647 4000 1810 4071 abellane
1827 4003 1952 4072 amodo
1968 4009 2004 4074 et
2019 4024 2109 4074 sem·

258 4175 323 4242 per
347 4156 555 4225 annualiter
578 4155 620 4224 de
645 4158 720 4223 tota
742 4154 849 4221 rebus
872 4153 1044 4240 exierint,
1067 4153 1154 4220 dare
1176 4151 1278 4219 nobis
1293 4151 1349 4219 vel
1367 4150 1405 4217 in
1419 4170 1502 4237 pars
1519 4153 1633 4238 ipsius
1649 4154 1796 4221 ecclesie
1814 4153 1949 4242 ibique,
1965 4156 2106 4240 quando

260 4307 448 4394 meruerit,
471 4307 616 4376 tertiam
639 4309 779 4392 partem
802 4305 841 4372 in
865 4303 929 4372 illa
952 4303 1095 4372 ratione
1119 4321 1188 4390 que
1212 4301 1377 4390 superius
1399 4303 1585 4389 diximus,
1614 4309 1650 4372 et
1682 4305 1750 4372 due
1774 4307 1878 4373 sortis
1901 4305 1970 4373 sibi
1994 4309 2102 4376 abere

256 4479 321 4547 per
347 4459 555 4548 supradicta
578 4456 713 4544 guadia
736 4461 773 4546 et
796 4456 956 4544 obligata
980 4474 1086 4544 pena,
1110 4459 1148 4524 et
1170 4458 1266 4524 hunc
1289 4458 1433 4526 brebem
1456 4455 1582 4541 scripsi
1598 4475 1664 4543 ego
1679 4457 1840 4526 ademari
1856 4459 2020 4528 notarius
2034 4457 2100 4544 qui

258 4611 419 4680 inarsit.
747 4573 768 4594 ²
789 4602 799 4708 J
1747 4595 1751 4604 ’

301 4738 331 4852 †
355 4767 430 4852 Ego
453 4767 617 4835 alderissi
640 4765 805 4833 notarius
827 4782 883 4832 me
906 4761 1099 4848 subscripsi

301 4889 332 5004 †
357 4919 431 5005 Ego
453 4917 653 4986 romoaldus
676 4935 732 4984 me
755 4915 961 4983 subscribsi.
