5334 7098
1007 507 1408 578 tilmonnrrous
1924 501 1927 506 ·
2018 507 2079 579 191
2119 473 2124 482 ’

272 731 444 798 lientibus
469 729 615 816 nostris,
633 729 694 815 qui
710 747 784 798 una
807 731 990 798 nobiscum
1016 750 1160 798 mamrm
1184 731 1442 820 imposuerunt,
1459 733 1510 800 sio
1528 733 1629 800 nobis
1644 749 1842 820 congruum
1858 737 1894 801 et
1911 735 2034 802 abtum
2052 753 2132 804 esse

277 879 431 968 uidetur3
456 897 549 949 vona
572 881 703 950 etenim
728 885 850 949 nostra
873 882 1090 968 volumptate
1114 902 1176 968 per
1201 885 1294 951 hanc
1326 902 1464 970 quoque
1495 884 1662 954 videlicet
1692 885 1881 953 cartulam
1904 887 2130 956 venundedi-

272 1053 351 1102 mus
376 1033 441 1102 tibi
467 1033 554 1102 ferri
578 1034 752 1121 magistro
777 1033 957 1120 integrum
980 1037 1016 1101 et
1039 1035 1199 1103 l'unditus
1223 1038 1298 1121 ipso
1322 1039 1490 1106 iamdicto
1513 1039 1620 1108 casile
1637 1057 1704 1125 que
1722 1042 1805 1108 abet
1822 1041 1922 1107 fines.
1944 1043 1990 1108 De
2009 1043 2130 1128 prima
2212 1111 2218 1124 ,

272 1208 367 1276 pars,
392 1190 484 1276 quod
508 1194 560 1259 est
584 1210 607 1260 a
631 1191 704 1259 fine
727 1191 845 1258 sabini
870 1188 933 1255 filii
961 1190 1046 1256 ferri
1073 1190 1235 1276 magistri
1263 1197 1298 1259 et
1322 1193 1482 1262 maraldo
1506 1192 1573 1260 filii
1597 1193 1709 1279 magi,
1725 1193 1807 1262 inde
1831 1195 1977 1264 suntad
1996 1195 2130 1265 iustum

275 1347 526 1413 mensuratum
550 1344 705 1412 hominis
729 1343 917 1411 mediocris
941 1360 1118 1428 persona,
1143 1344 1299 1429 qualiter
1325 1345 1363 1412 in
1388 1347 1457 1415 ista
1481 1347 1622 1418 cartula
1645 1349 1895 1435 consignatum
1920 1353 1996 1436 est,
2023 1353 2131 1438 pedes

273 1497 394 1566 decem
417 1501 454 1565 et
478 1501 612 1584 septem
636 1501 672 1563 et
695 1515 770 1564 una
793 1495 918 1584 planta
942 1513 1082 1566 manus.
1110 1497 1156 1562 De
1179 1497 1334 1567 secunda
1356 1517 1439 1566 vero
1463 1517 1560 1586 pars,
1585 1499 1677 1585 quod
1701 1505 1753 1568 est
1778 1503 1823 1568 ab
1849 1504 1925 1587 ipsa
1951 1503 2072 1588 platea
2091 1511 2128 1573 et

271 1651 343 1718 fine
368 1650 515 1718 michali
539 1650 693 1737 comitis,
719 1651 802 1718 inde
826 1657 910 1718 sunt
934 1653 1038 1738 pedes
1062 1653 1180 1720 decem
1198 1657 1233 1719 et
1250 1657 1398 1738 septem.
1416 1654 1462 1720 De
1486 1651 1593 1720 tertia
1616 1671 1771 1738 namque
1787 1673 1883 1740 pars,
1900 1656 1992 1740 quod
2010 1661 2064 1724 est
2077 1661 2124 1724 ab

275 1803 350 1889 ipso
374 1821 476 1869 muro
499 1804 656 1890 predicte
680 1804 851 1888 cibitatiS,
875 1804 958 1870 inde
981 1809 1066 1870 sunt
1089 1804 1194 1890 pedes
1217 1805 1349 1892 uiginti
1374 1809 1543 1891 quattuor
1567 1810 1603 1874 et
1629 1825 1697 1872 uno
1720 1806 1901 1876 semmisse
1919 1827 2001 1874 oum
2017 1815 2127 1895 quat-

272 1963 353 2024 tuor
377 1957 494 2025 uncie.
519 1961 566 2026 De
590 1963 723 2045 quarta
746 1964 866 2027 autem
893 1977 988 2044 pam,
1014 1959 1105 2044 quod
1129 1965 1182 2026 est
1206 1961 1251 2026 ab
1275 1958 1420 2046 integra
1444 1960 1611 2028 trasenda
1635 1966 1670 2027 et
1685 1961 1755 2028 tlne
1780 1960 1858 2047 ipsa
1875 1981 1959 2030 oasa
1976 1964 2129 2048 predicti

271 2111 436 2181 michaeli
461 2111 612 2199 eomitiS,
636 2113 720 2180 inde
742 2117 827 2179 sunt
851 2129 961 2198 usque
988 2113 1025 2178 in
1051 2113 1191 2198 priores
1215 2113 1301 2180 fines
1329 2113 1434 2199 pedes
1457 2111 1589 2199 uiginti
1606 2117 1641 2180 et
1659 2117 1731 2180 tres
1754 2097 1836 2181 oum
1859 2132 1931 2181 uno
1947 2116 2129 2186 semmisse

272 2271 497 2353 etquattuor
521 2267 638 2334 uncie.
664 2269 759 2334 Inter
777 2268 841 2334 isle
859 2283 1012 2352 namque
1037 2267 1119 2332 finis
1143 2273 1178 2334 et
1203 2286 1379 2352 mensure,
1395 2286 1463 2352 que
1487 2268 1651 2353 superius
1674 2268 1835 2334 cernitur
1858 2275 1893 2336 et
1918 2267 2067 2357 legitur,
2085 2272 2128 2342 de

272 2423 344 2491 line
362 2423 399 2490 in
425 2423 547 2509 finem,
571 2426 747 2509 quantum
773 2422 868 2489 infra
891 2422 1089 2489 claustrum
1113 2429 1167 2490 est
1184 2423 1226 2490 de
1243 2423 1364 2491 eodem
1389 2422 1561 2508 casalino,
1580 2423 1672 2490 unde
1698 2442 1763 2491 neo
1778 2425 1894 2511 nobis,
1911 2443 1976 2492 nec
1992 2426 2036 2494 ad
2053 2445 2130 2496 ere-

272 2576 376 2644 dibus
401 2575 545 2662 nostris,
570 2593 685 2661 neque
709 2575 755 2644 ad
779 2574 919 2641 nullum
943 2575 1143 2660 quempiam
1171 2574 1350 2644 hominem
1375 2577 1425 2645 ibi
1448 2577 1570 2663 aliqua
1594 2575 1709 2664 portio
1724 2577 1988 2646 reserbabimus
2006 2583 2128 2666 requi·
2195 2575 2197 2579 ’

272 2728 388 2797 rendi.
414 2733 486 2817 Set,
511 2727 667 2817 qualiter
689 2699 909 2797 edificiatum
932 2731 986 2794 est
1009 2726 1131 2795 eadem
1155 2728 1262 2796 oasile
1287 2747 1462 2796 unacum
1486 2728 1702 2816 sedimento,
1727 2729 1818 2795 solos
1841 2733 1876 2796 et
1901 2729 2124 2815 pertinentia

271 2903 351 2970 sua,
376 2890 411 2954 et
433 2904 514 2952 cum
537 2883 687 2952 inferius
711 2887 746 2952 et
769 2883 1000 2969 superiusque
1024 2884 1110 2968 sum,
1126 2887 1161 2951 et
1177 2901 1258 2948 cum
1274 2884 1348 2950 suis
1365 2884 1528 2950 omnibus
1553 2881 1793 2969 pertinentiis,
1810 2887 1846 2948 et
1862 2901 1941 2948 cum
1962 2882 2128 2970 legitima

273 3037 436 3124 ingressa
451 3043 487 3105 et
502 3055 666 3125 regressa
681 3055 762 3124 sua,
779 3055 845 3104 neo
862 3055 932 3104 non
948 3041 984 3104 et
999 3055 1080 3104 cum
1095 3036 1216 3102 omnia
1232 3033 1329 3102 infra
1341 3053 1377 3102 se
1393 3036 1554 3120 abentes,
1571 3035 1647 3120 ipso
1663 3033 1830 3101 iamdicto
1845 3034 1954 3103 casile
1972 3055 2127 3102 vacuum

276 3189 560 3258 venundedimus
583 3189 649 3258 tibi
674 3189 863 3256 cuiusdicti
888 3189 974 3256 ferri
1000 3186 1170 3274 magister
1202 3185 1461 3273 possidendum.
1494 3187 1540 3252 De
1572 3203 1642 3272 quo
1671 3204 1735 3272 pro
1766 3185 2126 3255 constabilisoendam

271 3348 336 3414 tibi
360 3351 468 3434 atque
491 3347 771 3416 confirmandam
796 3349 891 3415 hanc
915 3351 1073 3412 nostram
1099 3342 1333 3410 vinditionem
1351 3339 1533 3408 manifesti
1557 3357 1692 3425 sumuS,
1709 3339 1801 3425 quod
1818 3361 1839 3408 a
1855 3345 2056 3426 presentem
2073 3359 2129 3406 re

273 3499 429 3586 repimus
451 3519 474 3568 a
496 3503 532 3566 te
556 3497 754 3584 predictum
778 3501 971 3583 emptorem
996 3501 1157 3565 nostrum
1183 3498 1283 3564 boeto
1301 3493 1465 3563 miliarisi
1484 3515 1531 3564 en
1547 3514 1646 3563 rame
1670 3513 1774 3562 vona:
1795 3495 1937 3562 linitum
1968 3495 2123 3562 dicimus

272 3659 358 3740 aput
373 3670 439 3719 nos
459 3655 641 3739 receptum
665 3654 771 3719 abere
796 3652 911 3738 ipsum
935 3651 1106 3736 pretium,
1122 3669 1165 3717 ea
1181 3649 1350 3716 videlicet
1374 3645 1527 3733 ratione,
1545 3649 1586 3712 ut
1611 3646 1736 3714 amodo
1753 3652 1789 3714 et
1805 3665 1942 3733 semper
1965 3649 2126 3715 eamdem

272 3810 433 3876 nostram
450 3804 687 3874 vinditionem
703 3805 895 3891 integram,
912 3803 1009 3872 velut
1025 3802 1236 3890 prelegitur,
1251 3804 1357 3870 abere
1370 3806 1405 3866 et
1420 3799 1597 3885 possidere
1613 3799 1760 3866 baleatis
1776 3803 1812 3868 et
1826 3801 1968 3868 faciatis
1980 3801 2125 3888 exinde,

272 3961 580 4048 quemammodum
602 3959 669 4028 tibi
693 3961 748 4028 uel
764 3963 801 4031 at
824 3959 896 4028 tuis
921 3959 1107 4026 heredibus
1135 3957 1329 4045 placuerit,
1355 3957 1432 4025 siue
1455 3961 1578 4024 nostra
1599 3961 1635 4026 et
1658 3958 1701 4025 de
1724 3957 1856 4026 nostris
1878 3961 2044 4026 erelibus
2070 3977 2129 4027 re÷

245 4115 248 4120 ’
272 4117 512 4202 quisitionem.
537 4115 634 4184 Unde
657 4114 793 4201 guadia
815 4114 882 4182 tibi
907 4113 1068 4180 dedimus
1092 4117 1127 4180 et
1153 4111 1385 4180 mediatorem
1401 4111 1469 4180 tibi
1486 4110 1659 4198 dedimus,
1677 4115 1713 4180 et
1727 4111 1958 4180 mediatorem
1975 4114 2041 4181 tibi
2065 4133 2126 4200 po-

272 4270 409 4336 suimus
432 4267 686 4356 ralcmgnardo
709 4267 825 4334 fllium
849 4266 1027 4353 quondam
1050 4267 1157 4350 (deest
1183 4267 1335 4348 nonmn);
1360 4267 1397 4332 et
1420 4263 1620 4351 obligamus
1637 4281 1700 4331 nos
1715 4269 1751 4331 et
1766 4269 1906 4331 nostros
1924 4264 2125 4351 obligamus

270 4421 395 4488 eredes
419 4423 518 4488 vobis
541 4421 738 4489 cuiusdioto
760 4421 912 4506 emptori
937 4423 1055 4488 nostro
1080 4423 1114 4485 et
1139 4422 1176 4486 at
1199 4419 1270 4486 tuis
1293 4417 1493 4502 obligamus
1516 4414 1695 4500 eredibus‚
1720 4423 1760 4484 ut
1783 4419 1876 4483 hano
1900 4419 2023 4484 nostra
2047 4418 2127 4484 vin-

274 4573 409 4641 (litione
433 4571 601 4660 integra,
624 4571 723 4638 velut
747 4569 974 4656 prelegitur,
999 4587 1063 4636 nos
1088 4569 1186 4636 robis
1210 4571 1255 4638 ab
1278 4570 1442 4660 omnibus
1465 4568 1668 4637 hominibus
1692 4569 1737 4636 ab
1760 4567 1928 4653 omnique
1952 4567 2140 4656 partibus„
2176 4547 2182 4560 ⁸

273 4725 453 4794 antistare
474 4729 512 4793 et
534 4725 722 4794 defendere
744 4725 948 4808 debeamus,
974 4722 1066 4808 quod
1090 4721 1121 4788 si
1145 4723 1377 4810 noluerimus,
1401 4725 1464 4792 aut
1489 4720 1519 4788 si
1535 4737 1598 4787 nos
1613 4720 1698 4807 ipsis
1715 4738 1776 4807 per
1793 4720 1918 4806 quavis
1936 4718 2126 4808 ingenium

273 4882 366 4948 lianc
392 4885 515 4948 nostra
539 4879 737 4947 vinditione
761 4877 860 4946 vobis
883 4881 1068 4945 retornare
1093 4881 1157 4944 aut
1180 4877 1361 4942 remobere
1385 4873 1631 4961 quesierimus,
1656 4873 1780 4960 primis
1804 4873 1962 4940 omnium
1979 4877 2119 4961 questio

276 5038 402 5102 nostra
425 5033 546 5104 inanis
568 5037 604 5103 et
627 5033 740 5103 tacita
763 5035 851 5118 sint,
876 5037 911 5100 et
935 5033 1054 5099 decem
1079 5029 1182 5098 aurei
1206 5028 1306 5095 solidi
1333 5029 1551 5097 constantini
1577 5046 1640 5094 nos
1664 5033 1700 5096 et
1724 5033 1864 5096 nostros
1880 4997 2000 5096 eredes
2019 5029 2125 5095 vobis

274 5187 474 5256 cuiusdioto
496 5187 648 5274 emptori
672 5189 792 5254 nostro
816 5184 1011 5269 vestrisque
1034 5183 1199 5250 eredibus
1222 5201 1431 5270 componere
1455 5182 1681 5271 placitamus,
1706 5188 1742 5250 et
1766 5184 1805 5250 in
1829 5188 1936 5252 antea
1958 5181 2061 5250 taciti
2087 5187 2125 5249 et

274 5343 413 5410 confusi
438 5361 647 5412 maneamus
670 5361 731 5428 per
758 5341 885 5409 invitis
907 5361 969 5428 per
994 5339 1199 5426 supradicta
1223 5338 1357 5426 guadia
1381 5343 1416 5406 et
1439 5337 1647 5408 iamdictum
1663 5337 1904 5424 mediatorem,
1922 5339 1985 5424 qui
2002 5357 2039 5407 se
2056 5327 2127 5405 tri'-

278 5497 358 5562 buit
383 5494 482 5561 vobis
506 5493 551 5562 ad
574 5493 863 5582 pingnerandum
886 5492 1004 5559 omnia
1028 5489 1205 5577 pinguem
1229 5508 1293 5559 sua
1317 5491 1479 5578 legitima
1502 5495 1538 5558 et
1562 5491 1777 5579 inlegitima:
1801 5489 1961 5576 tampdiu
1979 5508 2043 5560 nec
2060 5509 2124 5578 per

281 5648 405 5717 invitis
429 5648 688 5736 adimpleamus
712 5649 812 5715 vobis
837 5648 931 5715 iusta
956 5646 1035 5714 uius
1068 5648 1206 5714 textum
1230 5642 1388 5733 cartule,
1417 5651 1452 5713 et
1480 5647 1573 5716 hanc
1605 5646 1782 5714 cartulam
1811 5651 1929 5712 nostre
1953 5643 2128 5713 vinditio-

278 5801 333 5868 nis
357 5807 444 5888 aput
466 5820 527 5870 vos
549 5801 645 5868 omni
672 5805 829 5888 tempore
855 5801 993 5867 firmam
1017 5803 1052 5866 et
1075 5799 1240 5867 stabilem
1264 5805 1493 5885 permaneat,
1523 5818 1628 5884 quem
1664 5807 1704 5867 te·
1732 5799 1904 5866 deusdede
1936 5799 2127 5866 diaconum
