5334 7098
625 581 689 648 lus
1272 582 1444 656 donax
1476 585 1739 656 CAVENSIS

568 805 681 880 michi
704 807 766 892 qui
791 825 914 894 sopra,
939 826 1003 874 nec
1020 807 1064 875 ad
1080 809 1245 876 eredibus
1261 809 1361 895 meis,
1378 828 1443 877 nec
1459 815 1626 896 quartam
1649 813 1787 896 partem
1811 808 1941 876 exinde
1957 805 2063 875 uxori
2082 808 2172 891 mee,
2188 823 2254 872 nec
2270 805 2421 872 cuicum-

565 981 635 1047 que
655 961 760 1029 alteri
779 960 956 1030 abendmn
973 981 1043 1029 non
1060 963 1189 1049 aliquit
1205 961 1335 1032 exinde
1351 965 1562 1051 reserhabit,
1579 969 1633 1032 set
1650 967 1764 1030 totum
1781 967 1817 1030 et
1834 962 2022 1048 integrum
2041 959 2129 1026 illud
2146 957 2243 1026 infra
2259 956 2422 1025 iamdicto

569 1115 673 1199 lineS,
690 1133 763 1182 una
780 1133 860 1182 cum
876 1116 1026 1183 inferius
1042 1121 1077 1184 et
1092 1117 1267 1202 superine,
1284 1135 1366 1182 cum
1384 1117 1453 1184 biis
1469 1118 1654 1186 clauditis
1671 1117 1760 1203 suiS,
1786 1135 1849 1184 seu
1875 1134 1958 1183 cum
1976 1113 2210 1199 omnibusque
2227 1110 2302 1177 suis
2318 1112 2424 1196 perti-

571 1267 720 1352 nentiiS,
745 1267 915 1352 quomodo
938 1273 973 1334 et
996 1268 1152 1352 qualiter
1175 1285 1241 1354 ego
1263 1269 1327 1335 tibi
1348 1268 1435 1335 illud
1452 1269 1490 1335 in
1507 1269 1656 1356 pignum
1682 1267 1836 1356 positum
1862 1265 1976 1352 abuit,
1996 1265 2047 1332 sic
2063 1270 2174 1332 totum
2191 1268 2228 1332 et
2245 1264 2421 1350 integrum

570 1417 659 1484 illud
684 1417 751 1483 tibi
778 1418 942 1504 bendidi,
966 1418 1142 1487 abendum
1166 1422 1202 1484 et
1227 1417 1475 1504 possidendum
1508 1422 1545 1485 tu
1580 1417 1640 1504 qui
1672 1437 1781 1504 supra
1806 1436 1913 1503 quam
1943 1422 1979 1484 et
2001 1415 2073 1483 tuis
2096 1415 2301 1483 heredibus,
2326 1415 2421 1482 Unde

567 1591 630 1658 pro
654 1590 722 1639 auc
745 1590 825 1638 mea
851 1569 1056 1636 banditione
1087 1569 1185 1636 vobis
1208 1571 1505 1656 confirmandum,
1534 1573 1703 1638 continuo
1727 1572 1841 1657 recepi
1875 1587 1940 1656 ego
1971 1570 2054 1636 inde
2087 1573 2167 1637 ate
2192 1567 2418 1656 prefinitum

567 1742 652 1790 vero
677 1723 832 1807 pretium
856 1739 967 1786 unum
993 1717 1141 1786 solidum
1165 1717 1430 1787 constantinum
1455 1741 1603 1790 auruum
1621 1727 1751 1791 bonum
1767 1743 1964 1809 mezanum,
1982 1721 2156 1810 simulque
2172 1727 2209 1788 et
2229 1741 2299 1788 una
2317 1717 2419 1787 asina

574 1892 639 1961 pro
662 1875 901 1960 appretiatum
926 1892 1036 1939 unum
1061 1873 1172 1939 alium
1197 1873 1346 1939 solidum
1371 1877 1638 1942 constantinum
1663 1896 1811 1945 aureum
1828 1879 1958 1943 bonurn
1975 1895 2173 1962 mezanum,
2192 1881 2227 1942 et
2244 1875 2422 1959 imputabr

570 2029 681 2096 michi
708 2029 789 2095 inde
813 2049 835 2094 a
860 2031 894 2094 te
920 2027 986 2112 ipsi
1012 2025 1171 2094 iamdicti
1196 2029 1354 2113 quinque
1377 2027 1491 2113 solidi,
1509 2028 1599 2112 quod
1616 2033 1655 2096 tu
1680 2029 1786 2096 michi
1813 2035 1898 2097 ante
1919 2047 1957 2094 os
1982 2046 2095 2098 annos
2118 2029 2301 2114 prestasti,
2329 2029 2420 2093 sicut

570 2183 602 2248 ic
626 2201 733 2267 supra
757 2181 948 2266 declarabi3
974 2181 1077 2248 finita
1094 2184 1147 2247 est
1163 2181 1260 2248 enim
1278 2201 1356 2249 mea
1373 2160 1697 2269 venditionern,'Ea
1714 2184 1877 2251 videlicet
1901 2184 2051 2270 ratione,
2071 2184 2118 2250 ud
2134 2184 2257 2252 amodo
2279 2185 2317 2250 et
2335 2201 2423 2250 sem·

574 2354 637 2422 per
663 2335 806 2420 integra
829 2335 954 2403 eadem
977 2354 1056 2404 mea
1080 2333 1296 2420 benditionc,
1322 2336 1426 2404 uelud
1450 2339 1669 2426 prelegitur,
1695 2347 1769 2408 tam
1795 2346 1831 2408 tu
1855 2339 1917 2426 qui
1941 2359 2049 2426 supra
2071 2337 2221 2406 dilectus
2256 2357 2365 2424 quam
2389 2344 2421 2404 ct

573 2491 646 2557 tuis
669 2492 859 2558 heredibus
882 2494 987 2559 abere
1012 2495 1050 2556 et
1072 2490 1249 2577 possidere
1274 2493 1460 2578 securiter,
1489 2493 1620 2560 exinde
1644 2493 1843 2561 faciendum
1866 2493 1987 2562 omnia
2009 2493 2103 2579 quod
2128 2493 2330 2578 volueritis,
2348 2491 2422 2558 sine

576 2645 832 2714 contrarietate
857 2662 936 2712 mea
952 2645 1044 2710 etde
1062 2645 1149 2710 meis
1173 2643 1338 2711 eredibus
1362 2649 1397 2713 et
1420 2644 1498 2712 sino
1521 2647 1774 2732 erriuscumque
1798 2645 2081 2732 requisitionem.
2099 2645 2196 2714 Unde
2214 2645 2422 2731 repromitto

487 2866 489 2876 ,
577 2805 614 2866 et
639 2798 757 2885 obligo
780 2817 835 2865 me
859 2816 924 2883 ego
949 2795 1023 2882 ipse
1049 2796 1227 2882 ademari,
1252 2801 1287 2863 ot
1311 2797 1429 2894 obligo
1453 2797 1539 2864 mois
1564 2798 1754 2864 heredibus
1779 2799 1844 2865 tibi
1870 2799 1933 2884 qui
1959 2816 2068 2884 supra
2091 2797 2212 2864 dilecti
2237 2801 2273 2863 el
2289 2797 2338 2864 ad
2357 2795 2426 2864 tuis

581 2952 772 3021 heredibus
798 2952 919 3020 eadem
943 2968 1021 3018 mea
1045 2949 1284 3016 uenditionem
1319 2953 1357 3017 iu
1388 2953 1587 3039 integrum,
1620 2955 1713 3020 sicut
1738 2954 1956 3041 prelegitur,
1990 2954 2114 3021 amodo
2138 2955 2175 3020 et
2199 2968 2339 3036 semper
2365 2967 2425 3016 nos

565 3105 676 3170 robis
701 3103 789 3171 illud
814 3103 990 3171 antistare
1011 3107 1046 3169 et
1060 3101 1246 3169 defendere
1270 3077 1525 3192 promittimus,
1542 3111 1613 3172 tarn
1631 3125 1653 3173 a
1669 3112 1769 3190 parte
1785 3105 1889 3173 uxori
1914 3123 2006 3189 mee,
2024 3124 2131 3191 quam
2147 3109 2183 3172 et
2199 3107 2245 3173 ab
2260 3107 2424 3172 omnibus

581 3256 786 3325 hominibus
811 3259 856 3324 ab
880 3257 1045 3342 omnique
1069 3253 1245 3342 partibus;
1270 3257 1362 3341 qued
1380 3257 1409 3323 si
1427 3255 1514 3323 illud
1539 3255 1687 3324 minime
1711 3258 1809 3325 vobis
1834 3259 2009 3326 antistare
2035 3261 2070 3324 et
2091 3257 2279 3326 defendere
2304 3256 2424 3324 nolue-

581 3413 694 3479 rimus
718 3415 875 3478 autnon
900 3411 1133 3498 potuerimus,
1151 3410 1206 3478 rel
1230 3409 1259 3476 si
1287 3417 1437 3496 egeant
1461 3409 1548 3477 meis
1572 3411 1760 3478 heredibus
1776 3411 1817 3478 de
1834 3431 1879 3479 ex
1897 3411 2056 3498 predicta
2080 3429 2160 3479 mea
2184 3409 2426 3478 venditionem

578 3573 694 3632 tecum
720 3571 783 3632 aut
806 3583 886 3630 cum
911 3566 983 3632 tuis
1007 3565 1194 3632 heredibus
1217 3583 1280 3650 per
1302 3564 1569 3649 qualiscumque
1594 3565 1741 3632 iuuenta
1765 3565 1905 3632 ratione
1937 3583 2087 3632 causare
2118 3568 2182 3632 aut
2206 3564 2422 3631 contendere

577 3717 887 3804 presumserimus,
912 3716 1097 3784 volendum
1119 3717 1251 3785 exinde
1276 3717 1373 3784 vobis
1397 3717 1526 3803 aliquit
1553 3718 1695 3804 tollere,
1720 3723 1783 3786 aut
1806 3723 1983 3805 contrare,
2009 3717 2063 3785 vel
2087 3720 2314 3787 amminuare
2328 3769 2338 3805 ,
2364 3727 2423 3787 aut

578 3871 609 3936 si
634 3889 673 3936 oc
698 3856 886 3938 returnare
911 3875 974 3938 aut
996 3872 1176 3936 remobere
1199 3871 1447 3955 quesierimus,
1465 3872 1543 3938 ideo
1559 3876 1641 3939 ante
1665 3873 1785 3940 omnia
1802 3871 1937 3957 questio
1953 3876 1987 3938 et
2003 3870 2163 3940 causatio
2179 3876 2304 3940 nostra
2323 3872 2427 3940 exin-

576 4024 621 4092 de
645 4024 814 4093 aduersus
837 4041 896 4090 ros
921 4024 1119 4090 omnimodo
1143 4029 1177 4090 et
1200 4021 1312 4091 tacita
1334 4023 1420 4108 sint,
1445 4028 1480 4091 et
1502 4023 1648 4109 duplum
1665 4025 1775 4092 totum
1798 4023 2041 4110 supradictum
2065 4021 2233 4108 pretium,
2259 4029 2335 4090 tam
2358 4039 2421 4108 ego

578 4197 687 4263 quam
710 4186 746 4244 et
769 4176 856 4244 meis
880 4176 1069 4243 heredibus
1091 4173 1157 4242 tibi
1181 4174 1284 4259 eique
1306 4174 1426 4241 dilecti
1452 4176 1572 4260 tuique
1588 4173 1789 4261 heredibus,
1806 4176 1859 4243 vel
1884 4173 1981 4244 illius
2004 4175 2151 4261 homini,
2176 4175 2238 4260 qui
2255 4193 2325 4243 auc
2347 4193 2421 4243 ear-

577 4331 692 4402 tulam
717 4351 781 4418 pro
796 4337 898 4418 parte
915 4335 951 4399 et
969 4331 1045 4398 rice
1062 4335 1184 4398 nostra
1200 4330 1297 4397 uobis
1314 4328 1351 4394 in
1368 4328 1611 4398 causationem
1625 4328 1829 4414 ostender-it,
1846 4345 2055 4414 componere
2071 4328 2260 4415 obligabit3
2278 4333 2315 4396 et
2331 4327 2425 4415 quod

577 4494 666 4574 aput
689 4507 750 4556 vos
772 4487 1034 4558 remelioratam
1058 4487 1219 4575 paruerit
1241 4506 1281 4555 ec
1305 4492 1427 4554 nostra
1452 4483 1652 4554 benditione
1683 4484 1721 4550 in
1744 4483 1871 4569 quabis
1893 4488 2013 4570 parte,
2037 4486 2104 4552 sub
2126 4485 2355 4554 estimatione
2379 4489 2420 4556 de

578 4647 679 4714 bonis
702 4645 903 4714 hominibus
926 4663 989 4711 nos
1011 4646 1109 4712 vobis
1132 4643 1321 4711 restituere
1345 4643 1555 4729 placitamus
1580 4640 1745 4729 pretium3
1768 4642 1811 4710 de
1834 4643 1985 4713 colludio
2009 4659 2107 4730 vere,
2122 4645 2154 4712 si
2171 4662 2194 4712 a
2211 4663 2270 4712 vos
2286 4645 2417 4732 pulsati

579 4800 750 4868 fuerimus
773 4801 818 4868 ad
842 4801 898 4868 dei
922 4800 1121 4888 evangelia,
1139 4818 1202 4867 nos
1217 4800 1318 4868 nobis
1341 4798 1470 4868 exinde
1494 4797 1633 4884 legibus
1656 4795 1932 4865 satisfaciamus.
1951 4799 2066 4874 Quam
2088 4801 2122 4867 te
2148 4800 2337 4886 laquintus
2353 4797 2420 4868 cle·

580 4954 678 5021 ricus
701 4959 735 5022 et
758 4956 921 5022 notarius
943 4953 1063 5021 taliter
1087 4953 1241 5021 scribere
1266 4954 1402 5041 rogahi.
1428 4955 1554 5020 Actum
1580 4955 1836 5037 monte-aperto
1861 4951 2024 5022 feliciter.

625 5079 656 5195 †
680 5125 746 5195 ego
769 5108 831 5192 qui
856 5123 964 5190 supra
987 5104 1154 5190 iaquintu
1178 5106 1355 5192 presbiter

625 5233 747 5349 †eg0
770 5260 867 5329 aldu.
