5376 7104
583 561 654 636 268
1229 556 1405 630 donax
1438 551 1703 626 GAVENSIS

540 808 559 852 c
585 803 624 854 se
648 783 769 869 Maio,
793 777 1065 866 decimaquarta
1088 779 1298 848 Indictione.
1323 780 1408 848 Silio
1423 776 1520 844 filius
1543 775 1691 846 lldoaldi
1715 779 1834 846 terras
1857 797 1938 845 cnm
1962 779 2068 849 vinea
2092 782 2188 868 apud
2211 783 2349 872 Nolam,
2374 803 2399 854 a

541 958 560 1002 c
586 936 764 1006 Gennamo
788 933 862 1000 fllio
885 929 1083 1018 Romoaldi,
1109 933 1305 999 Aurestace
1328 927 1401 998 filio
1424 926 1546 995 Mundi
1570 930 1606 995 et
1628 945 1650 995 a
1674 927 1885 1012 quibusdam
1909 928 1994 996 filiis
2018 929 2171 1000 Delecati
2195 933 2282 1002 emit
2299 937 2399 1006 tare·

536 1116 555 1159 o
581 1091 639 1158 nis
662 1088 785 1158 aureis
809 1089 975 1174 quatuor.

586 1243 745 1312 Minime
766 1239 922 1326 intelligi
940 1241 1092 1324 possunt
1114 1237 1386 1320 subscriptiones
1405 1235 1543 1302 notorii
1558 1237 1590 1302 et
1608 1234 1768 1317 testinm;
1783 1251 1858 1302 orto
1874 1239 2018 1303 tantum
2033 1237 2263 1324 intelligibilis
2278 1241 2393 1312 adest.

584 1419 601 1460 o
628 1397 703 1483 Ego
726 1394 884 1462 Iohanne
907 1392 1083 1478 presbiter
1107 1407 1162 1458 me
1187 1387 1302 1455 recolo
1324 1405 1413 1456 esse.

1240 1641 1716 1650 ————--—-—---—-—-------

1324 1932 1605 2014 DGXCIV.

1312 2191 1366 2272 Α.
1395 2192 1446 2270 D.
1476 2189 1600 2271 1016.

580 2428 681 2568 †ln
705 2481 847 2549 nomine
870 2482 1004 2550 domini
1030 2483 1195 2550 bioesimo
1219 2485 1342 2551 octabo
1375 2499 1469 2551 anno
1499 2482 1722 2568 principatus
1758 2479 1877 2547 domni
1913 2479 2027 2546 nostri
2059 2477 2240 2566 guaimari
2272 2482 2309 2546 et
2334 2497 2389 2548 se-

531 2634 650 2703 cundo
666 2635 693 2719 ¹)
718 2653 813 2705 anno
836 2637 956 2704 domni
982 2638 1131 2706 iohanni
1153 2639 1231 2706 eius
1247 2637 1334 2724 filie,
1351 2637 1495 2725 gloriosi
1519 2637 1757 2724 principibuS,
1782 2655 1902 2704 mense
1926 2639 2092 2722 auguste,
2116 2635 2387 2722 quartadecima

532 2787 746 2859 indictione.
771 2791 1059 2859 Memoratorium
1083 2811 1105 2861 a
1128 2811 1184 2859 me
1207 2791 1261 2860 leo
1284 2790 1458 2878 presbiter
1482 2789 1576 2856 illius
1599 2789 1750 2881 iohanni
1773 2787 1982 2873 presbiteri,
2009 2787 2073 2874 qui
2090 2807 2169 2854 sum
2193 2792 2308 2858 rector
2331 2809 2388 2858 ec·

532 2941 661 3012 clasiae
685 2945 799 3012 sancti
825 2948 947 3033 angeli
972 2948 1172 3033 quesitum
1196 2949 1250 3013 est
1279 2945 1317 3011 in
1342 2944 1457 3016 locum
1481 2945 1718 3028 apua-monte,
1736 2939 1795 3006 ubi
1821 2938 1953 3007 dicitur
1977 2939 2022 3008 ad
2042 2939 2198 3028 lenzara,
2223 2943 2273 3009 llo
2296 2944 2387 3029 qnod

397 3089 399 3094 ’
537 3101 622 3163 ante
647 3098 820 3163 bonorum
844 3097 1049 3164 hominibus
1071 3102 1106 3165 et
1131 3097 1280 3166 iohanni
1304 3114 1419 3163 comes
1443 3095 1538 3162 illius
1561 3112 1649 3162 uene
1674 3094 1843 3160 memorie
1867 3093 1962 3160 idem
1985 3092 2134 3160 iohanni
2159 3094 2295 3182 comiti,
2319 3096 2380 3180 qui

534 3252 588 3314 est
611 3265 723 3314 unum
747 3246 789 3314 de
813 3247 946 3315 domini
970 3247 1082 3334 ipsius
1105 3247 1266 3334 ecclesie,
1291 3252 1327 3315 et
1349 3246 1469 3332 ibique
1490 3249 1574 3313 ante
1588 3262 1669 3311 eum
1686 3244 1891 3312 astantibus
1907 3247 1943 3312 et
1958 3245 2151 3330 subscripti
2168 3249 2290 3332 testes,
2315 3265 2380 3333 per

530 3395 845 3466 demandationem
871 3400 984 3486 ipsius
1008 3399 1127 3467 comiti
1151 3400 1196 3468 ad
1221 3398 1414 3466 tenendum
1438 3403 1474 3465 et
1498 3395 1731 3465 laborandum
1756 3399 1791 3462 et
1808 3396 2069 3480 pastenandum
2087 3399 2273 3465 arbustum
2289 3403 2324 3466 et
2340 3419 2379 3468 a·

533 3549 711 3638 bellanee,
744 3552 837 3638 quod
866 3551 1016 3620 tradidit
1047 3551 1196 3621 iohanni
1221 3551 1295 3618 filio
1318 3550 1479 3639 peperati
1503 3551 1546 3618 de
1569 3551 1690 3617 eodem
1714 3551 1830 3617 locum
1858 3568 1948 3638 apus
1972 3556 2090 3620 monte
2120 3551 2188 3618 dne
2217 3549 2315 3637 pecie
2339 3551 2382 3619 de

529 3707 625 3773 terre
649 3707 760 3774 bacue
786 3723 866 3772 cum
883 3705 1070 3791 aliquante
1085 3708 1255 3773 castanea
1270 3708 1306 3771 et
1321 3703 1475 3789 quartia,
1492 3701 1585 3788 quod
1601 3721 1685 3788 pars
1699 3701 1812 3788 ipsius
1828 3701 1974 3770 ecclesie
1989 3704 2098 3771 habet
2114 3704 2246 3789 inipso
2264 3705 2381 3771 locum

527 3856 567 3922 in
591 3811 665 3924 loco
689 3875 779 3943 apus
803 3863 921 3924 monte
946 3858 985 3924 in
1008 3855 1107 3943 plain
1131 3855 1174 3923 de
1198 3854 1463 3942 montecellum,
1488 3856 1549 3921 ubi
1574 3854 1717 3942 proprio
1740 3855 1871 3922 dicitur
1895 3855 1942 3924 ad
1956 3856 2105 3942 caprulu
2129 3875 2192 3942 per
2216 3859 2282 3925 hec
2298 3857 2381 3925 finis

529 4013 566 4076 et
590 4009 799 4077 mensuriis:
820 4008 936 4095 prima
960 4009 1063 4096 pecia
1087 4011 1126 4075 in
1149 4009 1236 4094 pade
1259 4029 1281 4076 a
1305 4025 1389 4095 pars
1413 3991 1562 4076 orientis
1586 4010 1657 4074 fine
1681 4008 1861 4093 domnica,
1885 4008 2036 4077 latitudo
2060 4015 2144 4077 sunt
2166 4012 2261 4096 passi
2293 4029 2384 4096 qua-

528 4159 702 4247 draginta
724 4159 807 4226 duo:
832 4180 855 4228 a
877 4177 962 4245 pars
985 4155 1135 4225 meridie
1159 4157 1230 4224 flne
1254 4155 1327 4243 bia,
1353 4177 1421 4243 quc
1446 4160 1565 4262 pergit
1587 4160 1633 4227 ad
1655 4160 1774 4246 ipsum
1800 4161 1986 4230 castellum
2010 4163 2046 4228 et
2062 4165 2234 4248 pertange
2249 4164 2288 4230 in
2305 4162 2377 4231 fine

526 4312 702 4400 domnica,
728 4311 910 4399 longitudo
925 4311 1021 4398 passi
1037 4311 1181 4377 centum
1198 4310 1391 4396 sexaginta
1408 4311 1488 4377 duo:
1511 4311 1553 4378 de
1572 4329 1679 4398 super
1695 4313 1811 4399 capite
1827 4333 1849 4382 a
1865 4331 1949 4399 pars
1966 4311 2161 4382 occidentis
2179 4314 2251 4382 fine
2269 4313 2382 4402 ipsius

526 4467 642 4534 sancti
669 4465 805 4552 angeli,
828 4465 924 4552 passi
948 4463 1101 4550 triginta
1124 4466 1305 4550 quattuor:
1331 4483 1354 4532 a
1376 4481 1461 4550 pars
1485 4467 1753 4552 septemtrionis
1777 4468 1848 4534 line
1872 4467 2038 4536 similiter
2056 4470 2169 4555 ipsius
2184 4469 2301 4537 sancti
2318 4488 2385 4538 an·

525 4618 612 4706 geli,
637 4595 821 4707 longitudo
842 4618 939 4706 passi
962 4622 1107 4686 centum
1129 4615 1261 4703 viginti
1286 4620 1477 4716 quattuor3
1504 4619 1660 4688 secunda
1683 4620 1784 4708 pocla
1808 4625 1863 4688 est
1878 4639 1941 4707 per
1958 4623 2150 4690 mensurio:
2177 4642 2301 4710 apars
2325 4591 2381 4698 cc·

530 4773 686 4842 cidentis
709 4773 780 4840 dne
803 4774 916 4858 ipsius
941 4770 1102 4858 ecclesie,
1127 4768 1313 4857 longitudo
1336 4771 1433 4856 passi
1457 4770 1687 4857 septuaginta
1712 4776 1802 4859 octo,
1828 4776 1864 4840 et
1886 4773 2093 4842 rebolbente
2117 4793 2191 4860 per
2207 4775 2287 4861 ipsa
2309 4777 2380 4843 dne

530 4926 571 4995 in
597 4943 683 5012 pars
705 4923 968 5011 septemtrionis
991 4921 1156 4990 similiter
1180 4919 1251 4989 fine
1274 4920 1317 4989 de
1341 4921 1421 5007 ipsa
1444 4922 1524 5008 bia,
1550 4922 1734 5009 longitudo
1757 4925 1851 5010 passi
1874 4925 2091 5012 sexaginta3
2116 4929 2151 4994 et
2176 4926 2381 4997 rebolbente

529 5074 568 5141 in
593 5073 851 5162 personantis
880 5072 951 5141 flne
976 5073 1088 5160 ipsius
1111 5071 1277 5160 ecclesie,
1302 5072 1399 5159 passi
1424 5071 1691 5160 quinquaginta
1714 5092 1797 5161 sen,
1832 5077 1945 5142 otest
1975 5075 2127 5144 latitudo
2159 5075 2237 5163 ipsa
2263 5079 2381 5163 prima

527 5227 632 5316 pecia
657 5229 696 5294 in
719 5225 874 5295 medinm
899 5243 962 5312 per
986 5227 1187 5294 trabersum
1211 5224 1309 5310 passi
1325 5222 1477 5310 triginta
1493 5224 1652 5312 quinque
1669 5226 1714 5295 ad
1733 5226 1824 5295 iusto
1839 5245 1983 5314 passum
1998 5228 2136 5296 homini
2153 5235 2378 5318 mensuram

523 5379 590 5446 hec
614 5381 698 5447 bero
721 5377 881 5466 predicte
904 5377 1003 5464 pecie
1034 5375 1077 5444 de
1101 5380 1198 5444 terra
1221 5393 1284 5462 per
1310 5375 1478 5445 iamdicta
1505 5377 1587 5444 finis
1612 5383 1647 5447 et
1670 5379 1850 5447 mensurio
1882 5382 2000 5448 totum
2030 5385 2067 5448 et
2101 5381 2269 5450 inclitum
2297 5383 2379 5453 illut

562 5805 587 5887 ²)
610 5809 866 5885 asumptus
890 5824 977 5868 anno
1002 5805 1149 5890 loannis.
1189 5885 1191 5890 Α
1244 5885 1248 5894 1
