<?xml version="1.0" encoding="UTF-8"?>
<!DOCTYPE html PUBLIC "-//W3C//DTD XHTML 1.0 Transitional//EN"
    "http://www.w3.org/TR/xhtml1/DTD/xhtml1-transitional.dtd">
<html xmlns="http://www.w3.org/1999/xhtml" xml:lang="en" lang="en">
 <head>
  <title>
</title>
<meta http-equiv="Content-Type" content="text/html;charset=utf-8" />
  <meta name='ocr-system' content='tesseract 3.04.00' />
  <meta name='ocr-capabilities' content='ocr_page ocr_carea ocr_par ocr_line ocrx_word'/>
</head>
<body>
  <div class='ocr_page' id='page_1' title='image "./codexdiplomatic05aragoog_0207.png"; bbox 0 0 5334 7098; ppageno 0'>
   <div class='ocr_carea' id='block_1_1' title="bbox 630 516 1756 591">
    <p class='ocr_par' dir='ltr' id='par_1_1' title="bbox 630 516 1756 591">
     <span class='ocr_line' id='line_1_1' title="bbox 630 516 1756 591; baseline 0.004 -6"><span class='ocrx_word' id='word_1_1' title='bbox 630 516 697 585; x_wconf 80' lang='lat' dir='ltr'>loo</span> <span class='ocrx_word' id='word_1_2' title='bbox 934 577 939 587; x_wconf 81' lang='grc'><em>,</em></span> <span class='ocrx_word' id='word_1_3' title='bbox 1283 520 1456 590; x_wconf 83' lang='lat' dir='ltr'><strong>CODEX</strong></span> <span class='ocrx_word' id='word_1_4' title='bbox 1489 518 1756 591; x_wconf 80' lang='lat' dir='ltr'>CAVENSIS</span> 
     </span>
    </p>
   </div>
   <div class='ocr_carea' id='block_1_2' title="bbox 508 737 2438 4505">
    <p class='ocr_par' dir='ltr' id='par_1_2' title="bbox 508 737 2438 4505">
     <span class='ocr_line' id='line_1_2' title="bbox 581 737 2430 830; baseline 0 -26"><span class='ocrx_word' id='word_1_5' title='bbox 581 742 646 806; x_wconf 88' lang='lat' dir='ltr'>bus</span> <span class='ocrx_word' id='word_1_6' title='bbox 663 758 784 808; x_wconf 91' lang='lat' dir='ltr'>eorum</span> <span class='ocrx_word' id='word_1_7' title='bbox 809 745 923 810; x_wconf 88' lang='lat' dir='ltr'>mater</span> <span class='ocrx_word' id='word_1_8' title='bbox 948 747 983 810; x_wconf 89' lang='lat' dir='ltr'>et</span> <span class='ocrx_word' id='word_1_9' title='bbox 999 742 1075 810; x_wconf 85' lang='lat' dir='ltr'>filia</span> <span class='ocrx_word' id='word_1_10' title='bbox 1100 741 1328 829; x_wconf 79' lang='lat' dir='ltr'>pertinentes</span> <span class='ocrx_word' id='word_1_11' title='bbox 1353 744 1421 810; x_wconf 84' lang='lat' dir='ltr'>luit</span> <span class='ocrx_word' id='word_1_12' title='bbox 1444 745 1549 811; x_wconf 89' lang='lat' dir='ltr'>abere</span> <span class='ocrx_word' id='word_1_13' title='bbox 1573 763 1595 812; x_wconf 92' lang='lat' dir='ltr'>a</span> <span class='ocrx_word' id='word_1_14' title='bbox 1611 761 1695 829; x_wconf 89' lang='lat' dir='ltr'>pars</span> <span class='ocrx_word' id='word_1_15' title='bbox 1718 741 1830 830; x_wconf 90' lang='lat' dir='ltr'>ipsius</span> <span class='ocrx_word' id='word_1_16' title='bbox 1846 741 2007 827; x_wconf 90' lang='lat' dir='ltr'>iohanni,</span> <span class='ocrx_word' id='word_1_17' title='bbox 2025 739 2085 826; x_wconf 93' lang='lat' dir='ltr'>qui</span> <span class='ocrx_word' id='word_1_18' title='bbox 2104 737 2173 807; x_wconf 81' lang='lat' dir='ltr'>luit</span> <span class='ocrx_word' id='word_1_19' title='bbox 2189 739 2307 806; x_wconf 91' lang='lat' dir='ltr'>virum</span> <span class='ocrx_word' id='word_1_20' title='bbox 2322 741 2357 806; x_wconf 89' lang='lat' dir='ltr'>et</span> <span class='ocrx_word' id='word_1_21' title='bbox 2372 758 2430 826; x_wconf 84' lang='lat' dir='ltr'>ge-</span> 
     </span>
     <span class='ocr_line' id='line_1_3' title="bbox 580 891 2424 981; baseline 0.002 -27"><span class='ocrx_word' id='word_1_22' title='bbox 580 893 678 960; x_wconf 90' lang='lat' dir='ltr'>nitor</span> <span class='ocrx_word' id='word_1_23' title='bbox 703 911 838 981; x_wconf 91' lang='lat' dir='ltr'>eorum,</span> <span class='ocrx_word' id='word_1_24' title='bbox 863 896 900 961; x_wconf 93' lang='lat' dir='ltr'>in</span> <span class='ocrx_word' id='word_1_25' title='bbox 927 913 1001 962; x_wconf 89' lang='lat' dir='ltr'>una</span> <span class='ocrx_word' id='word_1_26' title='bbox 1024 895 1126 981; x_wconf 90' lang='lat' dir='ltr'>pecia</span> <span class='ocrx_word' id='word_1_27' title='bbox 1148 897 1191 962; x_wconf 90' lang='lat' dir='ltr'>de</span> <span class='ocrx_word' id='word_1_28' title='bbox 1216 901 1314 964; x_wconf 92' lang='lat' dir='ltr'>terra</span> <span class='ocrx_word' id='word_1_29' title='bbox 1337 915 1451 964; x_wconf 88' lang='lat' dir='ltr'>vacua</span> <span class='ocrx_word' id='word_1_30' title='bbox 1475 915 1555 962; x_wconf 90' lang='lat' dir='ltr'>cum</span> <span class='ocrx_word' id='word_1_31' title='bbox 1579 894 1805 980; x_wconf 89' lang='lat' dir='ltr'>aliquantum</span> <span class='ocrx_word' id='word_1_32' title='bbox 1836 891 1977 980; x_wconf 89' lang='lat' dir='ltr'>pastino</span> <span class='ocrx_word' id='word_1_33' title='bbox 2009 893 2048 960; x_wconf 92' lang='lat' dir='ltr'>in</span> <span class='ocrx_word' id='word_1_34' title='bbox 2073 892 2188 958; x_wconf 89' lang='lat' dir='ltr'>locum</span> <span class='ocrx_word' id='word_1_35' title='bbox 2211 891 2341 959; x_wconf 90' lang='lat' dir='ltr'>selecta</span> <span class='ocrx_word' id='word_1_36' title='bbox 2363 893 2424 960; x_wconf 91' lang='lat' dir='ltr'>ubi</span> 
     </span>
     <span class='ocr_line' id='line_1_4' title="bbox 583 1044 2427 1137; baseline 0.001 -23"><span class='ocrx_word' id='word_1_37' title='bbox 583 1047 629 1114; x_wconf 88' lang='lat' dir='ltr'>ad</span> <span class='ocrx_word' id='word_1_38' title='bbox 654 1049 763 1135; x_wconf 79' lang='lat' dir='ltr'>longa</span> <span class='ocrx_word' id='word_1_39' title='bbox 786 1049 934 1137; x_wconf 90' lang='lat' dir='ltr'>dicitur,</span> <span class='ocrx_word' id='word_1_40' title='bbox 959 1050 1088 1118; x_wconf 84' lang='lat' dir='ltr'>finibus</span> <span class='ocrx_word' id='word_1_41' title='bbox 1110 1049 1346 1137; x_wconf 84' lang='lat' dir='ltr'>salernitane,</span> <span class='ocrx_word' id='word_1_42' title='bbox 1372 1051 1467 1120; x_wconf 84' lang='lat' dir='ltr'>infra</span> <span class='ocrx_word' id='word_1_43' title='bbox 1490 1069 1530 1117; x_wconf 90' lang='lat' dir='ltr'>ec</span> <span class='ocrx_word' id='word_1_44' title='bbox 1554 1050 1637 1116; x_wconf 89' lang='lat' dir='ltr'>finis</span> <span class='ocrx_word' id='word_1_45' title='bbox 1662 1055 1697 1118; x_wconf 91' lang='lat' dir='ltr'>et</span> <span class='ocrx_word' id='word_1_46' title='bbox 1721 1049 1925 1116; x_wconf 84' lang='lat' dir='ltr'>mensurio:</span> <span class='ocrx_word' id='word_1_47' title='bbox 1950 1067 1973 1114; x_wconf 93' lang='lat' dir='ltr'>a</span> <span class='ocrx_word' id='word_1_48' title='bbox 1996 1047 2259 1133; x_wconf 83' lang='lat' dir='ltr'>septemtrionis</span> <span class='ocrx_word' id='word_1_49' title='bbox 2275 1045 2345 1114; x_wconf 89' lang='lat' dir='ltr'>fine</span> <span class='ocrx_word' id='word_1_50' title='bbox 2368 1044 2427 1116; x_wconf 89' lang='lat' dir='ltr'>via</span> 
     </span>
     <span class='ocr_line' id='line_1_5' title="bbox 580 1199 2429 1286; baseline 0 -21"><span class='ocrx_word' id='word_1_51' title='bbox 580 1217 652 1284; x_wconf 85' lang='lat' dir='ltr'>que</span> <span class='ocrx_word' id='word_1_52' title='bbox 675 1201 848 1268; x_wconf 87' lang='lat' dir='ltr'>discernit</span> <span class='ocrx_word' id='word_1_53' title='bbox 873 1203 967 1268; x_wconf 89' lang='lat' dir='ltr'>inter</span> <span class='ocrx_word' id='word_1_54' title='bbox 992 1221 1030 1269; x_wconf 85' lang='lat' dir='ltr'>oc</span> <span class='ocrx_word' id='word_1_55' title='bbox 1055 1204 1160 1270; x_wconf 91' lang='lat' dir='ltr'>rebus</span> <span class='ocrx_word' id='word_1_56' title='bbox 1184 1208 1220 1271; x_wconf 90' lang='lat' dir='ltr'>et</span> <span class='ocrx_word' id='word_1_57' title='bbox 1242 1202 1315 1272; x_wconf 90' lang='lat' dir='ltr'>alia</span> <span class='ocrx_word' id='word_1_58' title='bbox 1337 1205 1443 1270; x_wconf 87' lang='lat' dir='ltr'>rebus</span> <span class='ocrx_word' id='word_1_59' title='bbox 1466 1201 1621 1286; x_wconf 92' lang='lat' dir='ltr'>illorum,</span> <span class='ocrx_word' id='word_1_60' title='bbox 1637 1205 1721 1268; x_wconf 91' lang='lat' dir='ltr'>sunt</span> <span class='ocrx_word' id='word_1_61' title='bbox 1737 1199 1818 1267; x_wconf 91' lang='lat' dir='ltr'>inde</span> <span class='ocrx_word' id='word_1_62' title='bbox 1835 1199 1929 1286; x_wconf 91' lang='lat' dir='ltr'>passi</span> <span class='ocrx_word' id='word_1_63' title='bbox 1946 1199 2191 1285; x_wconf 85' lang='lat' dir='ltr'>quadraginta</span> <span class='ocrx_word' id='word_1_64' title='bbox 2208 1217 2290 1266; x_wconf 85' lang='lat' dir='ltr'>sex:</span> <span class='ocrx_word' id='word_1_65' title='bbox 2309 1219 2331 1266; x_wconf 88' lang='lat' dir='ltr'>a</span> <span class='ocrx_word' id='word_1_66' title='bbox 2347 1217 2429 1283; x_wconf 90' lang='lat' dir='ltr'>pars</span> 
     </span>
     <span class='ocr_line' id='line_1_6' title="bbox 579 1350 2429 1440; baseline 0.001 -24"><span class='ocrx_word' id='word_1_67' title='bbox 579 1351 731 1419; x_wconf 89' lang='lat' dir='ltr'>orientis</span> <span class='ocrx_word' id='word_1_68' title='bbox 755 1353 825 1420; x_wconf 86' lang='lat' dir='ltr'>fine</span> <span class='ocrx_word' id='word_1_69' title='bbox 849 1353 941 1422; x_wconf 90' lang='lat' dir='ltr'>sicut</span> <span class='ocrx_word' id='word_1_70' title='bbox 966 1354 1101 1422; x_wconf 87' lang='lat' dir='ltr'>termiti</span> <span class='ocrx_word' id='word_1_71' title='bbox 1127 1358 1163 1421; x_wconf 86' lang='lat' dir='ltr'>et</span> <span class='ocrx_word' id='word_1_72' title='bbox 1187 1373 1268 1440; x_wconf 87' lang='lat' dir='ltr'>sepe</span> <span class='ocrx_word' id='word_1_73' title='bbox 1290 1353 1476 1440; x_wconf 86' lang='lat' dir='ltr'>discernit,</span> <span class='ocrx_word' id='word_1_74' title='bbox 1501 1359 1584 1422; x_wconf 88' lang='lat' dir='ltr'>sunt</span> <span class='ocrx_word' id='word_1_75' title='bbox 1608 1353 1691 1421; x_wconf 89' lang='lat' dir='ltr'>inde</span> <span class='ocrx_word' id='word_1_76' title='bbox 1714 1355 1811 1440; x_wconf 90' lang='lat' dir='ltr'>passi</span> <span class='ocrx_word' id='word_1_77' title='bbox 1834 1351 2102 1438; x_wconf 83' lang='lat' dir='ltr'>quinquaginta</span> <span class='ocrx_word' id='word_1_78' title='bbox 2116 1351 2206 1436; x_wconf 90' lang='lat' dir='ltr'>duo;</span> <span class='ocrx_word' id='word_1_79' title='bbox 2221 1355 2257 1418; x_wconf 91' lang='lat' dir='ltr'>et</span> <span class='ocrx_word' id='word_1_80' title='bbox 2273 1350 2319 1418; x_wconf 89' lang='lat' dir='ltr'>da</span> <span class='ocrx_word' id='word_1_81' title='bbox 2338 1350 2429 1418; x_wconf 89' lang='lat' dir='ltr'>unde</span> 
     </span>
     <span class='ocr_line' id='line_1_7' title="bbox 581 1503 2425 1595; baseline 0.002 -29"><span class='ocrx_word' id='word_1_82' title='bbox 581 1503 765 1588; x_wconf 88' lang='lat' dir='ltr'>complunt</span> <span class='ocrx_word' id='word_1_83' title='bbox 791 1503 859 1590; x_wconf 90' lang='lat' dir='ltr'>ipsi</span> <span class='ocrx_word' id='word_1_84' title='bbox 885 1505 1149 1592; x_wconf 84' lang='lat' dir='ltr'>quinquaginta</span> <span class='ocrx_word' id='word_1_85' title='bbox 1173 1505 1242 1572; x_wconf 92' lang='lat' dir='ltr'>duo</span> <span class='ocrx_word' id='word_1_86' title='bbox 1266 1507 1361 1590; x_wconf 89' lang='lat' dir='ltr'>passi</span> <span class='ocrx_word' id='word_1_87' title='bbox 1386 1507 1588 1575; x_wconf 87' lang='lat' dir='ltr'>rebolbente</span> <span class='ocrx_word' id='word_1_88' title='bbox 1611 1526 1698 1595; x_wconf 83' lang='lat' dir='ltr'>erga</span> <span class='ocrx_word' id='word_1_89' title='bbox 1720 1507 1796 1576; x_wconf 89' lang='lat' dir='ltr'>alia</span> <span class='ocrx_word' id='word_1_90' title='bbox 1819 1525 1899 1592; x_wconf 92' lang='lat' dir='ltr'>sepe</span> <span class='ocrx_word' id='word_1_91' title='bbox 1916 1505 1954 1571; x_wconf 90' lang='lat' dir='ltr'>in</span> <span class='ocrx_word' id='word_1_92' title='bbox 1970 1523 2054 1591; x_wconf 90' lang='lat' dir='ltr'>pars</span> <span class='ocrx_word' id='word_1_93' title='bbox 2069 1503 2219 1572; x_wconf 89' lang='lat' dir='ltr'>orientis</span> <span class='ocrx_word' id='word_1_94' title='bbox 2236 1503 2330 1589; x_wconf 88' lang='lat' dir='ltr'>passi</span> <span class='ocrx_word' id='word_1_95' title='bbox 2349 1519 2425 1587; x_wconf 83' lang='lat' dir='ltr'>sex3</span> 
     </span>
     <span class='ocr_line' id='line_1_8' title="bbox 582 1655 2428 1746; baseline 0.001 -25"><span class='ocrx_word' id='word_1_96' title='bbox 582 1659 619 1722; x_wconf 90' lang='lat' dir='ltr'>et</span> <span class='ocrx_word' id='word_1_97' title='bbox 644 1657 774 1726; x_wconf 89' lang='lat' dir='ltr'>abinde</span> <span class='ocrx_word' id='word_1_98' title='bbox 799 1660 1000 1729; x_wconf 90' lang='lat' dir='ltr'>rebolbente</span> <span class='ocrx_word' id='word_1_99' title='bbox 1024 1679 1085 1746; x_wconf 89' lang='lat' dir='ltr'>per</span> <span class='ocrx_word' id='word_1_100' title='bbox 1109 1659 1180 1726; x_wconf 88' lang='lat' dir='ltr'>tine</span> <span class='ocrx_word' id='word_1_101' title='bbox 1205 1659 1361 1744; x_wconf 88' lang='lat' dir='ltr'>illorum,</span> <span class='ocrx_word' id='word_1_102' title='bbox 1386 1659 1479 1726; x_wconf 86' lang='lat' dir='ltr'>sicut</span> <span class='ocrx_word' id='word_1_103' title='bbox 1501 1663 1678 1728; x_wconf 86' lang='lat' dir='ltr'>traversat</span> <span class='ocrx_word' id='word_1_104' title='bbox 1701 1659 1880 1726; x_wconf 90' lang='lat' dir='ltr'>labinario</span> <span class='ocrx_word' id='word_1_105' title='bbox 1895 1677 1957 1745; x_wconf 90' lang='lat' dir='ltr'>per</span> <span class='ocrx_word' id='word_1_106' title='bbox 1973 1657 2107 1726; x_wconf 89' lang='lat' dir='ltr'>termiti</span> <span class='ocrx_word' id='word_1_107' title='bbox 2136 1657 2198 1743; x_wconf 91' lang='lat' dir='ltr'>qui</span> <span class='ocrx_word' id='word_1_108' title='bbox 2223 1655 2354 1724; x_wconf 87' lang='lat' dir='ltr'>ibidem</span> <span class='ocrx_word' id='word_1_109' title='bbox 2370 1673 2428 1742; x_wconf 89' lang='lat' dir='ltr'>po·</span> 
     </span>
     <span class='ocr_line' id='line_1_9' title="bbox 508 1788 2433 1899; baseline 0.002 -27"><span class='ocrx_word' id='word_1_110' title='bbox 508 1801 518 1820; x_wconf 88' lang='lat'>&#39;</span> <span class='ocrx_word' id='word_1_111' title='bbox 582 1809 643 1876; x_wconf 87' lang='lat' dir='ltr'>siti</span> <span class='ocrx_word' id='word_1_112' title='bbox 668 1815 750 1876; x_wconf 90' lang='lat' dir='ltr'>sunt</span> <span class='ocrx_word' id='word_1_113' title='bbox 773 1829 861 1897; x_wconf 83' lang='lat' dir='ltr'>erga</span> <span class='ocrx_word' id='word_1_114' title='bbox 885 1812 965 1897; x_wconf 89' lang='lat' dir='ltr'>ipsa</span> <span class='ocrx_word' id='word_1_115' title='bbox 990 1812 1061 1879; x_wconf 87' lang='lat' dir='ltr'>fine</span> <span class='ocrx_word' id='word_1_116' title='bbox 1083 1830 1219 1896; x_wconf 86' lang='lat' dir='ltr'>eorum,</span> <span class='ocrx_word' id='word_1_117' title='bbox 1245 1815 1280 1879; x_wconf 91' lang='lat' dir='ltr'>et</span> <span class='ocrx_word' id='word_1_118' title='bbox 1303 1810 1497 1880; x_wconf 86' lang='lat' dir='ltr'>deducente</span> <span class='ocrx_word' id='word_1_119' title='bbox 1522 1814 1561 1879; x_wconf 91' lang='lat' dir='ltr'>in</span> <span class='ocrx_word' id='word_1_120' title='bbox 1585 1832 1670 1898; x_wconf 89' lang='lat' dir='ltr'>pars</span> <span class='ocrx_word' id='word_1_121' title='bbox 1694 1788 1853 1899; x_wconf 88' lang='lat' dir='ltr'>meridie,</span> <span class='ocrx_word' id='word_1_122' title='bbox 1878 1811 2031 1897; x_wconf 87' lang='lat' dir='ltr'>indeque</span> <span class='ocrx_word' id='word_1_123' title='bbox 2054 1813 2137 1878; x_wconf 90' lang='lat' dir='ltr'>sunt</span> <span class='ocrx_word' id='word_1_124' title='bbox 2161 1809 2257 1895; x_wconf 90' lang='lat' dir='ltr'>passi</span> <span class='ocrx_word' id='word_1_125' title='bbox 2280 1808 2433 1894; x_wconf 86' lang='lat' dir='ltr'>triginta</span> 
     </span>
     <span class='ocr_line' id='line_1_10' title="bbox 581 1961 2430 2050; baseline 0 -23"><span class='ocrx_word' id='word_1_126' title='bbox 581 1965 729 2046; x_wconf 88' lang='lat' dir='ltr'>septem:</span> <span class='ocrx_word' id='word_1_127' title='bbox 755 1983 777 2030; x_wconf 91' lang='lat' dir='ltr'>a</span> <span class='ocrx_word' id='word_1_128' title='bbox 800 1982 883 2048; x_wconf 91' lang='lat' dir='ltr'>pars</span> <span class='ocrx_word' id='word_1_129' title='bbox 907 1964 1055 2030; x_wconf 90' lang='lat' dir='ltr'>meridie</span> <span class='ocrx_word' id='word_1_130' title='bbox 1079 1963 1247 2032; x_wconf 88' lang='lat' dir='ltr'>similiter</span> <span class='ocrx_word' id='word_1_131' title='bbox 1272 1963 1343 2030; x_wconf 87' lang='lat' dir='ltr'>line</span> <span class='ocrx_word' id='word_1_132' title='bbox 1368 1981 1506 2050; x_wconf 89' lang='lat' dir='ltr'>eorum,</span> <span class='ocrx_word' id='word_1_133' title='bbox 1529 1963 1623 2030; x_wconf 91' lang='lat' dir='ltr'>sicut</span> <span class='ocrx_word' id='word_1_134' title='bbox 1647 1963 1717 2032; x_wconf 90' lang='lat' dir='ltr'>alio</span> <span class='ocrx_word' id='word_1_135' title='bbox 1741 1963 1919 2031; x_wconf 90' lang='lat' dir='ltr'>lavinario</span> <span class='ocrx_word' id='word_1_136' title='bbox 1935 1961 2119 2048; x_wconf 85' lang='lat' dir='ltr'>discernit,</span> <span class='ocrx_word' id='word_1_137' title='bbox 2137 1961 2220 2028; x_wconf 86' lang='lat' dir='ltr'>inde</span> <span class='ocrx_word' id='word_1_138' title='bbox 2236 1963 2321 2028; x_wconf 89' lang='lat' dir='ltr'>sunt</span> <span class='ocrx_word' id='word_1_139' title='bbox 2336 1963 2430 2046; x_wconf 88' lang='lat' dir='ltr'>passi</span> 
     </span>
     <span class='ocr_line' id='line_1_11' title="bbox 581 2113 2429 2201; baseline 0 -23"><span class='ocrx_word' id='word_1_140' title='bbox 581 2115 713 2200; x_wconf 73' lang='lat' dir='ltr'>triginti</span> <span class='ocrx_word' id='word_1_141' title='bbox 739 2133 820 2180; x_wconf 82' lang='lat' dir='ltr'>sex:</span> <span class='ocrx_word' id='word_1_142' title='bbox 847 2136 869 2184; x_wconf 91' lang='lat' dir='ltr'>a</span> <span class='ocrx_word' id='word_1_143' title='bbox 891 2135 976 2201; x_wconf 91' lang='lat' dir='ltr'>pars</span> <span class='ocrx_word' id='word_1_144' title='bbox 1000 2114 1193 2182; x_wconf 90' lang='lat' dir='ltr'>occidentis</span> <span class='ocrx_word' id='word_1_145' title='bbox 1217 2116 1288 2182; x_wconf 85' lang='lat' dir='ltr'>fine</span> <span class='ocrx_word' id='word_1_146' title='bbox 1311 2117 1371 2184; x_wconf 88' lang='lat' dir='ltr'>via</span> <span class='ocrx_word' id='word_1_147' title='bbox 1394 2133 1462 2200; x_wconf 90' lang='lat' dir='ltr'>que</span> <span class='ocrx_word' id='word_1_148' title='bbox 1479 2114 1651 2184; x_wconf 87' lang='lat' dir='ltr'>discernit</span> <span class='ocrx_word' id='word_1_149' title='bbox 1675 2115 1770 2182; x_wconf 90' lang='lat' dir='ltr'>inter</span> <span class='ocrx_word' id='word_1_150' title='bbox 1795 2133 1834 2182; x_wconf 91' lang='lat' dir='ltr'>ec</span> <span class='ocrx_word' id='word_1_151' title='bbox 1858 2116 1963 2183; x_wconf 88' lang='lat' dir='ltr'>rebus</span> <span class='ocrx_word' id='word_1_152' title='bbox 1992 2120 2028 2184; x_wconf 90' lang='lat' dir='ltr'>et</span> <span class='ocrx_word' id='word_1_153' title='bbox 2053 2113 2127 2182; x_wconf 91' lang='lat' dir='ltr'>alia</span> <span class='ocrx_word' id='word_1_154' title='bbox 2158 2115 2263 2180; x_wconf 89' lang='lat' dir='ltr'>rebus</span> <span class='ocrx_word' id='word_1_155' title='bbox 2287 2113 2429 2180; x_wconf 90' lang='lat' dir='ltr'>illorum</span> 
     </span>
     <span class='ocr_line' id='line_1_12' title="bbox 583 2255 2426 2356; baseline 0.001 -24"><span class='ocrx_word' id='word_1_156' title='bbox 583 2271 619 2333; x_wconf 90' lang='lat' dir='ltr'>et</span> <span class='ocrx_word' id='word_1_157' title='bbox 643 2267 685 2333; x_wconf 91' lang='lat' dir='ltr'>de</span> <span class='ocrx_word' id='word_1_158' title='bbox 708 2267 928 2334; x_wconf 86' lang='lat' dir='ltr'>consortibus</span> <span class='ocrx_word' id='word_1_159' title='bbox 950 2284 1085 2352; x_wconf 93' lang='lat' dir='ltr'>eorum,</span> <span class='ocrx_word' id='word_1_160' title='bbox 1109 2270 1145 2333; x_wconf 89' lang='lat' dir='ltr'>et</span> <span class='ocrx_word' id='word_1_161' title='bbox 1168 2255 1406 2352; x_wconf 69' lang='lat' dir='ltr'>coniungente</span> <span class='ocrx_word' id='word_1_162' title='bbox 1429 2267 1475 2335; x_wconf 92' lang='lat' dir='ltr'>ad</span> <span class='ocrx_word' id='word_1_163' title='bbox 1499 2269 1576 2354; x_wconf 86' lang='lat' dir='ltr'>ipsa</span> <span class='ocrx_word' id='word_1_164' title='bbox 1599 2270 1659 2338; x_wconf 89' lang='lat' dir='ltr'>via</span> <span class='ocrx_word' id='word_1_165' title='bbox 1682 2289 1750 2355; x_wconf 89' lang='lat' dir='ltr'>quo</span> <span class='ocrx_word' id='word_1_166' title='bbox 1766 2274 1820 2336; x_wconf 88' lang='lat' dir='ltr'>est</span> <span class='ocrx_word' id='word_1_167' title='bbox 1843 2271 1961 2356; x_wconf 91' lang='lat' dir='ltr'>priore</span> <span class='ocrx_word' id='word_1_168' title='bbox 1984 2268 2069 2353; x_wconf 86' lang='lat' dir='ltr'>fine,</span> <span class='ocrx_word' id='word_1_169' title='bbox 2086 2271 2169 2334; x_wconf 88' lang='lat' dir='ltr'>sunt</span> <span class='ocrx_word' id='word_1_170' title='bbox 2185 2266 2315 2334; x_wconf 84' lang='lat' dir='ltr'>exinde</span> <span class='ocrx_word' id='word_1_171' title='bbox 2332 2267 2426 2352; x_wconf 90' lang='lat' dir='ltr'>passi</span> 
     </span>
     <span class='ocr_line' id='line_1_13' title="bbox 584 2418 2432 2506; baseline 0.001 -22"><span class='ocrx_word' id='word_1_172' title='bbox 584 2423 744 2506; x_wconf 88' lang='lat' dir='ltr'>centvm,</span> <span class='ocrx_word' id='word_1_173' title='bbox 769 2425 880 2486; x_wconf 87' lang='lat' dir='ltr'>totum</span> <span class='ocrx_word' id='word_1_174' title='bbox 904 2423 1148 2488; x_wconf 90' lang='lat' dir='ltr'>mensuratum</span> <span class='ocrx_word' id='word_1_175' title='bbox 1172 2419 1217 2486; x_wconf 92' lang='lat' dir='ltr'>ad</span> <span class='ocrx_word' id='word_1_176' title='bbox 1242 2421 1334 2486; x_wconf 90' lang='lat' dir='ltr'>iusto</span> <span class='ocrx_word' id='word_1_177' title='bbox 1358 2438 1514 2506; x_wconf 77' lang='lat' dir='ltr'>passum,</span> <span class='ocrx_word' id='word_1_178' title='bbox 1540 2419 1582 2488; x_wconf 92' lang='lat' dir='ltr'>de</span> <span class='ocrx_word' id='word_1_179' title='bbox 1598 2423 1663 2488; x_wconf 89' lang='lat' dir='ltr'>hec</span> <span class='ocrx_word' id='word_1_180' title='bbox 1681 2440 1764 2489; x_wconf 90' lang='lat' dir='ltr'>vero</span> <span class='ocrx_word' id='word_1_181' title='bbox 1780 2423 1885 2489; x_wconf 90' lang='lat' dir='ltr'>rebus</span> <span class='ocrx_word' id='word_1_182' title='bbox 1902 2420 1999 2488; x_wconf 82' lang='lat' dir='ltr'>infra</span> <span class='ocrx_word' id='word_1_183' title='bbox 2014 2420 2171 2504; x_wconf 89' lang='lat' dir='ltr'>predicte</span> <span class='ocrx_word' id='word_1_184' title='bbox 2185 2418 2268 2486; x_wconf 88' lang='lat' dir='ltr'>finis</span> <span class='ocrx_word' id='word_1_185' title='bbox 2284 2423 2320 2486; x_wconf 90' lang='lat' dir='ltr'>et</span> <span class='ocrx_word' id='word_1_186' title='bbox 2338 2436 2432 2486; x_wconf 90' lang='lat' dir='ltr'>men·</span> 
     </span>
     <span class='ocr_line' id='line_1_14' title="bbox 582 2571 2430 2657; baseline 0.002 -21"><span class='ocrx_word' id='word_1_187' title='bbox 582 2572 679 2638; x_wconf 90' lang='lat' dir='ltr'>surie</span> <span class='ocrx_word' id='word_1_188' title='bbox 704 2571 829 2639; x_wconf 91' lang='lat' dir='ltr'>inclita</span> <span class='ocrx_word' id='word_1_189' title='bbox 854 2576 1019 2657; x_wconf 88' lang='lat' dir='ltr'>quartam</span> <span class='ocrx_word' id='word_1_190' title='bbox 1044 2575 1181 2657; x_wconf 87' lang='lat' dir='ltr'>partem</span> <span class='ocrx_word' id='word_1_191' title='bbox 1205 2572 1335 2639; x_wconf 83' lang='lat' dir='ltr'>exinde</span> <span class='ocrx_word' id='word_1_192' title='bbox 1359 2572 1467 2640; x_wconf 92' lang='lat' dir='ltr'>michi</span> <span class='ocrx_word' id='word_1_193' title='bbox 1491 2573 1713 2653; x_wconf 85' lang='lat' dir='ltr'>donaverunt</span> <span class='ocrx_word' id='word_1_194' title='bbox 1735 2593 1816 2640; x_wconf 92' lang='lat' dir='ltr'>cum</span> <span class='ocrx_word' id='word_1_195' title='bbox 1840 2573 1960 2642; x_wconf 90' lang='lat' dir='ltr'>omnia</span> <span class='ocrx_word' id='word_1_196' title='bbox 1983 2575 2079 2642; x_wconf 91' lang='lat' dir='ltr'>intro</span> <span class='ocrx_word' id='word_1_197' title='bbox 2110 2591 2147 2640; x_wconf 90' lang='lat' dir='ltr'>se</span> <span class='ocrx_word' id='word_1_198' title='bbox 2178 2575 2371 2642; x_wconf 89' lang='lat' dir='ltr'>abentibus</span> <span class='ocrx_word' id='word_1_199' title='bbox 2394 2577 2430 2641; x_wconf 90' lang='lat' dir='ltr'>et</span> 
     </span>
     <span class='ocr_line' id='line_1_15' title="bbox 580 2726 2431 2814; baseline 0.001 -24"><span class='ocrx_word' id='word_1_200' title='bbox 580 2727 656 2792; x_wconf 93' lang='lat' dir='ltr'>suis</span> <span class='ocrx_word' id='word_1_201' title='bbox 681 2727 923 2813; x_wconf 63' lang='lat' dir='ltr'>pertinentiis</span> <span class='ocrx_word' id='word_1_202' title='bbox 946 2735 981 2794; x_wconf 91' lang='lat' dir='ltr'>et</span> <span class='ocrx_word' id='word_1_203' title='bbox 1004 2747 1085 2794; x_wconf 90' lang='lat' dir='ltr'>curn</span> <span class='ocrx_word' id='word_1_204' title='bbox 1108 2726 1185 2794; x_wconf 90' lang='lat' dir='ltr'>vice</span> <span class='ocrx_word' id='word_1_205' title='bbox 1209 2727 1251 2794; x_wconf 90' lang='lat' dir='ltr'>de</span> <span class='ocrx_word' id='word_1_206' title='bbox 1275 2727 1350 2812; x_wconf 90' lang='lat' dir='ltr'>ipse</span> <span class='ocrx_word' id='word_1_207' title='bbox 1375 2728 1446 2813; x_wconf 91' lang='lat' dir='ltr'>vie,</span> <span class='ocrx_word' id='word_1_208' title='bbox 1469 2727 1514 2795; x_wconf 92' lang='lat' dir='ltr'>ad</span> <span class='ocrx_word' id='word_1_209' title='bbox 1537 2729 1741 2796; x_wconf 86' lang='lat' dir='ltr'>faciendum</span> <span class='ocrx_word' id='word_1_210' title='bbox 1765 2727 1895 2796; x_wconf 81' lang='lat' dir='ltr'>exinde</span> <span class='ocrx_word' id='word_1_211' title='bbox 1919 2744 1985 2814; x_wconf 84' lang='lat' dir='ltr'>ego</span> <span class='ocrx_word' id='word_1_212' title='bbox 2008 2730 2044 2795; x_wconf 87' lang='lat' dir='ltr'>et</span> <span class='ocrx_word' id='word_1_213' title='bbox 2067 2726 2125 2794; x_wconf 92' lang='lat' dir='ltr'>cui</span> <span class='ocrx_word' id='word_1_214' title='bbox 2149 2745 2212 2812; x_wconf 90' lang='lat' dir='ltr'>per</span> <span class='ocrx_word' id='word_1_215' title='bbox 2236 2745 2292 2794; x_wconf 88' lang='lat' dir='ltr'>me</span> <span class='ocrx_word' id='word_1_216' title='bbox 2308 2727 2431 2795; x_wconf 91' lang='lat' dir='ltr'>datum</span> 
     </span>
     <span class='ocr_line' id='line_1_16' title="bbox 580 2879 2427 2968; baseline 0.001 -22"><span class='ocrx_word' id='word_1_217' title='bbox 580 2879 754 2964; x_wconf 87' lang='lat' dir='ltr'>paruerit,</span> <span class='ocrx_word' id='word_1_218' title='bbox 779 2881 915 2946; x_wconf 88' lang='lat' dir='ltr'>eteius</span> <span class='ocrx_word' id='word_1_219' title='bbox 938 2879 1071 2965; x_wconf 88' lang='lat' dir='ltr'>credes,</span> <span class='ocrx_word' id='word_1_220' title='bbox 1096 2883 1131 2945; x_wconf 92' lang='lat' dir='ltr'>et</span> <span class='ocrx_word' id='word_1_221' title='bbox 1153 2879 1212 2944; x_wconf 92' lang='lat' dir='ltr'>cui</span> <span class='ocrx_word' id='word_1_222' title='bbox 1236 2879 1377 2946; x_wconf 89' lang='lat' dir='ltr'>cartula</span> <span class='ocrx_word' id='word_1_223' title='bbox 1402 2879 1479 2964; x_wconf 91' lang='lat' dir='ltr'>ipsa</span> <span class='ocrx_word' id='word_1_224' title='bbox 1503 2881 1540 2946; x_wconf 91' lang='lat' dir='ltr'>in</span> <span class='ocrx_word' id='word_1_225' title='bbox 1565 2901 1711 2949; x_wconf 89' lang='lat' dir='ltr'>manum</span> <span class='ocrx_word' id='word_1_226' title='bbox 1734 2885 1910 2968; x_wconf 89' lang='lat' dir='ltr'>paruerit,</span> <span class='ocrx_word' id='word_1_227' title='bbox 1935 2881 2055 2950; x_wconf 90' lang='lat' dir='ltr'>omnia</span> <span class='ocrx_word' id='word_1_228' title='bbox 2078 2880 2171 2966; x_wconf 91' lang='lat' dir='ltr'>quod</span> <span class='ocrx_word' id='word_1_229' title='bbox 2188 2880 2427 2967; x_wconf 90' lang='lat' dir='ltr'>boluerimus,</span> 
     </span>
     <span class='ocr_line' id='line_1_17' title="bbox 584 3032 2429 3122; baseline 0.001 -22"><span class='ocrx_word' id='word_1_230' title='bbox 584 3035 678 3103; x_wconf 89' lang='lat' dir='ltr'>sicut</span> <span class='ocrx_word' id='word_1_231' title='bbox 701 3036 861 3102; x_wconf 90' lang='lat' dir='ltr'>continet</span> <span class='ocrx_word' id='word_1_232' title='bbox 885 3036 962 3120; x_wconf 91' lang='lat' dir='ltr'>ipsa</span> <span class='ocrx_word' id='word_1_233' title='bbox 984 3033 1123 3104; x_wconf 88' lang='lat' dir='ltr'>cartula</span> <span class='ocrx_word' id='word_1_234' title='bbox 1146 3035 1238 3120; x_wconf 89' lang='lat' dir='ltr'>quod</span> <span class='ocrx_word' id='word_1_235' title='bbox 1262 3033 1371 3102; x_wconf 91' lang='lat' dir='ltr'>michi</span> <span class='ocrx_word' id='word_1_236' title='bbox 1397 3032 1480 3102; x_wconf 90' lang='lat' dir='ltr'>inde</span> <span class='ocrx_word' id='word_1_237' title='bbox 1504 3034 1713 3121; x_wconf 90' lang='lat' dir='ltr'>emiserunt,</span> <span class='ocrx_word' id='word_1_238' title='bbox 1738 3055 1806 3122; x_wconf 88' lang='lat' dir='ltr'>que</span> <span class='ocrx_word' id='word_1_239' title='bbox 1821 3036 1956 3104; x_wconf 90' lang='lat' dir='ltr'>scribta</span> <span class='ocrx_word' id='word_1_240' title='bbox 1979 3040 2033 3103; x_wconf 90' lang='lat' dir='ltr'>est</span> <span class='ocrx_word' id='word_1_241' title='bbox 2048 3052 2110 3119; x_wconf 88' lang='lat' dir='ltr'>per</span> <span class='ocrx_word' id='word_1_242' title='bbox 2127 3034 2312 3102; x_wconf 89' lang='lat' dir='ltr'>mirandus</span> <span class='ocrx_word' id='word_1_243' title='bbox 2331 3040 2429 3106; x_wconf 91' lang='lat' dir='ltr'>nota·</span> 
     </span>
     <span class='ocr_line' id='line_1_18' title="bbox 585 3187 2428 3274; baseline 0.003 -22"><span class='ocrx_word' id='word_1_244' title='bbox 585 3188 676 3273; x_wconf 84' lang='lat' dir='ltr'>rius,</span> <span class='ocrx_word' id='word_1_245' title='bbox 701 3191 865 3255; x_wconf 87' lang='lat' dir='ltr'>roborata</span> <span class='ocrx_word' id='word_1_246' title='bbox 889 3189 1120 3254; x_wconf 84' lang='lat' dir='ltr'>sufficienter.</span> <span class='ocrx_word' id='word_1_247' title='bbox 1146 3188 1191 3255; x_wconf 88' lang='lat' dir='ltr'>Et</span> <span class='ocrx_word' id='word_1_248' title='bbox 1214 3204 1410 3274; x_wconf 79' lang='lat' dir='ltr'>congruum</span> <span class='ocrx_word' id='word_1_249' title='bbox 1435 3191 1489 3256; x_wconf 90' lang='lat' dir='ltr'>est</span> <span class='ocrx_word' id='word_1_250' title='bbox 1503 3187 1611 3256; x_wconf 91' lang='lat' dir='ltr'>michi</span> <span class='ocrx_word' id='word_1_251' title='bbox 1636 3189 1810 3256; x_wconf 90' lang='lat' dir='ltr'>nominati</span> <span class='ocrx_word' id='word_1_252' title='bbox 1834 3190 1982 3256; x_wconf 89' lang='lat' dir='ltr'>iohanni</span> <span class='ocrx_word' id='word_1_253' title='bbox 2009 3187 2090 3256; x_wconf 90' lang='lat' dir='ltr'>illut</span> <span class='ocrx_word' id='word_1_254' title='bbox 2105 3188 2238 3258; x_wconf 90' lang='lat' dir='ltr'>donare</span> <span class='ocrx_word' id='word_1_255' title='bbox 2255 3189 2428 3260; x_wconf 88' lang='lat' dir='ltr'>romoaldi</span> 
     </span>
     <span class='ocr_line' id='line_1_19' title="bbox 585 3338 2430 3430; baseline 0.003 -25"><span class='ocrx_word' id='word_1_256' title='bbox 585 3339 741 3407; x_wconf 89' lang='lat' dir='ltr'>castaldo</span> <span class='ocrx_word' id='word_1_257' title='bbox 764 3339 837 3406; x_wconf 85' lang='lat' dir='ltr'>filio</span> <span class='ocrx_word' id='word_1_258' title='bbox 861 3339 1039 3424; x_wconf 88' lang='lat' dir='ltr'>quondam</span> <span class='ocrx_word' id='word_1_259' title='bbox 1062 3341 1169 3426; x_wconf 80' lang='lat' dir='ltr'>petri3</span> <span class='ocrx_word' id='word_1_260' title='bbox 1195 3341 1239 3406; x_wconf 90' lang='lat' dir='ltr'>Et</span> <span class='ocrx_word' id='word_1_261' title='bbox 1263 3339 1343 3406; x_wconf 87' lang='lat' dir='ltr'>Ideo</span> <span class='ocrx_word' id='word_1_262' title='bbox 1357 3357 1423 3426; x_wconf 83' lang='lat' dir='ltr'>ego</span> <span class='ocrx_word' id='word_1_263' title='bbox 1446 3341 1610 3426; x_wconf 90' lang='lat' dir='ltr'>superius</span> <span class='ocrx_word' id='word_1_264' title='bbox 1632 3340 1748 3407; x_wconf 91' lang='lat' dir='ltr'>dictus</span> <span class='ocrx_word' id='word_1_265' title='bbox 1771 3338 1969 3427; x_wconf 80' lang='lat' dir='ltr'>iohanneS,</span> <span class='ocrx_word' id='word_1_266' title='bbox 1993 3341 2086 3409; x_wconf 91' lang='lat' dir='ltr'>sicut</span> <span class='ocrx_word' id='word_1_267' title='bbox 2116 3343 2206 3410; x_wconf 88' lang='lat' dir='ltr'>mihi</span> <span class='ocrx_word' id='word_1_268' title='bbox 2230 3361 2430 3430; x_wconf 84' lang='lat' dir='ltr'>congruum</span> 
     </span>
     <span class='ocr_line' id='line_1_20' title="bbox 585 3491 2433 3584; baseline 0.004 -26"><span class='ocrx_word' id='word_1_269' title='bbox 585 3497 651 3579; x_wconf 91' lang='lat' dir='ltr'>est,</span> <span class='ocrx_word' id='word_1_270' title='bbox 676 3512 755 3560; x_wconf 87' lang='lat' dir='ltr'>mea</span> <span class='ocrx_word' id='word_1_271' title='bbox 778 3492 971 3560; x_wconf 83' lang='lat' dir='ltr'>volumtate</span> <span class='ocrx_word' id='word_1_272' title='bbox 996 3509 1058 3578; x_wconf 91' lang='lat' dir='ltr'>per</span> <span class='ocrx_word' id='word_1_273' title='bbox 1083 3510 1149 3560; x_wconf 90' lang='lat' dir='ltr'>ano</span> <span class='ocrx_word' id='word_1_274' title='bbox 1173 3491 1351 3560; x_wconf 90' lang='lat' dir='ltr'>cartulam</span> <span class='ocrx_word' id='word_1_275' title='bbox 1374 3496 1459 3560; x_wconf 91' lang='lat' dir='ltr'>ante</span> <span class='ocrx_word' id='word_1_276' title='bbox 1483 3492 1672 3578; x_wconf 88' lang='lat' dir='ltr'>subscripti</span> <span class='ocrx_word' id='word_1_277' title='bbox 1697 3497 1805 3564; x_wconf 89' lang='lat' dir='ltr'>testes</span> <span class='ocrx_word' id='word_1_278' title='bbox 1828 3495 1956 3564; x_wconf 91' lang='lat' dir='ltr'>donavi</span> <span class='ocrx_word' id='word_1_279' title='bbox 1975 3495 2088 3581; x_wconf 89' lang='lat' dir='ltr'>adque</span> <span class='ocrx_word' id='word_1_280' title='bbox 2106 3496 2151 3564; x_wconf 91' lang='lat' dir='ltr'>ad</span> <span class='ocrx_word' id='word_1_281' title='bbox 2168 3515 2306 3584; x_wconf 87' lang='lat' dir='ltr'>semper</span> <span class='ocrx_word' id='word_1_282' title='bbox 2326 3501 2433 3567; x_wconf 91' lang='lat' dir='ltr'>aben-</span> 
     </span>
     <span class='ocr_line' id='line_1_21' title="bbox 587 3643 2433 3739; baseline 0.005 -30"><span class='ocrx_word' id='word_1_283' title='bbox 587 3643 672 3712; x_wconf 92' lang='lat' dir='ltr'>dum</span> <span class='ocrx_word' id='word_1_284' title='bbox 696 3647 905 3714; x_wconf 87' lang='lat' dir='ltr'>confirmavi</span> <span class='ocrx_word' id='word_1_285' title='bbox 929 3645 996 3712; x_wconf 91' lang='lat' dir='ltr'>tivi</span> <span class='ocrx_word' id='word_1_286' title='bbox 1021 3646 1188 3713; x_wconf 89' lang='lat' dir='ltr'>iamdicto</span> <span class='ocrx_word' id='word_1_287' title='bbox 1213 3644 1386 3712; x_wconf 89' lang='lat' dir='ltr'>romoaldi</span> <span class='ocrx_word' id='word_1_288' title='bbox 1402 3645 1558 3713; x_wconf 85' lang='lat' dir='ltr'>castaldo</span> <span class='ocrx_word' id='word_1_289' title='bbox 1582 3645 1709 3714; x_wconf 87' lang='lat' dir='ltr'>inclita</span> <span class='ocrx_word' id='word_1_290' title='bbox 1733 3646 1812 3734; x_wconf 91' lang='lat' dir='ltr'>ipsa</span> <span class='ocrx_word' id='word_1_291' title='bbox 1834 3649 1954 3734; x_wconf 92' lang='lat' dir='ltr'>rebus,</span> <span class='ocrx_word' id='word_1_292' title='bbox 1978 3649 2132 3732; x_wconf 90' lang='lat' dir='ltr'>qualiter</span> <span class='ocrx_word' id='word_1_293' title='bbox 2150 3650 2260 3718; x_wconf 88' lang='lat' dir='ltr'>miehi</span> <span class='ocrx_word' id='word_1_294' title='bbox 2276 3671 2342 3738; x_wconf 92' lang='lat' dir='ltr'>per</span> <span class='ocrx_word' id='word_1_295' title='bbox 2361 3651 2433 3739; x_wconf 88' lang='lat' dir='ltr'>ipse</span> 
     </span>
     <span class='ocr_line' id='line_1_22' title="bbox 588 3797 2432 3886; baseline 0.006 -24"><span class='ocrx_word' id='word_1_296' title='bbox 588 3797 758 3866; x_wconf 90' lang='lat' dir='ltr'>mulieres</span> <span class='ocrx_word' id='word_1_297' title='bbox 781 3799 952 3866; x_wconf 89' lang='lat' dir='ltr'>donatum</span> <span class='ocrx_word' id='word_1_298' title='bbox 976 3799 1044 3865; x_wconf 85' lang='lat' dir='ltr'>suit</span> <span class='ocrx_word' id='word_1_299' title='bbox 1067 3816 1130 3883; x_wconf 90' lang='lat' dir='ltr'>per</span> <span class='ocrx_word' id='word_1_300' title='bbox 1155 3799 1232 3882; x_wconf 86' lang='lat' dir='ltr'>ipsa</span> <span class='ocrx_word' id='word_1_301' title='bbox 1255 3799 1414 3864; x_wconf 90' lang='lat' dir='ltr'>cartula:</span> <span class='ocrx_word' id='word_1_302' title='bbox 1440 3799 1615 3884; x_wconf 89' lang='lat' dir='ltr'>simulque</span> <span class='ocrx_word' id='word_1_303' title='bbox 1638 3803 1674 3868; x_wconf 91' lang='lat' dir='ltr'>ot</span> <span class='ocrx_word' id='word_1_304' title='bbox 1697 3800 1842 3868; x_wconf 91' lang='lat' dir='ltr'>donavit</span> <span class='ocrx_word' id='word_1_305' title='bbox 1866 3799 1932 3867; x_wconf 88' lang='lat' dir='ltr'>tivi</span> <span class='ocrx_word' id='word_1_306' title='bbox 1955 3801 2034 3886; x_wconf 91' lang='lat' dir='ltr'>ipsa</span> <span class='ocrx_word' id='word_1_307' title='bbox 2057 3805 2197 3871; x_wconf 89' lang='lat' dir='ltr'>cartula</span> <span class='ocrx_word' id='word_1_308' title='bbox 2213 3823 2295 3871; x_wconf 91' lang='lat' dir='ltr'>cum</span> <span class='ocrx_word' id='word_1_309' title='bbox 2308 3806 2432 3876; x_wconf 91' lang='lat' dir='ltr'>omnia</span> 
     </span>
     <span class='ocr_line' id='line_1_23' title="bbox 588 3949 2435 4039; baseline 0.006 -22"><span class='ocrx_word' id='word_1_310' title='bbox 588 3970 658 4036; x_wconf 92' lang='lat' dir='ltr'>que</span> <span class='ocrx_word' id='word_1_311' title='bbox 680 3953 851 4038; x_wconf 85' lang='lat' dir='ltr'>continet,</span> <span class='ocrx_word' id='word_1_312' title='bbox 875 3951 921 4018; x_wconf 90' lang='lat' dir='ltr'>ad</span> <span class='ocrx_word' id='word_1_313' title='bbox 944 3951 1116 4018; x_wconf 89' lang='lat' dir='ltr'>securiter</span> <span class='ocrx_word' id='word_1_314' title='bbox 1131 3954 1166 4017; x_wconf 90' lang='lat' dir='ltr'>ot</span> <span class='ocrx_word' id='word_1_315' title='bbox 1183 3949 1332 4016; x_wconf 86' lang='lat' dir='ltr'>tirmiter</span> <span class='ocrx_word' id='word_1_316' title='bbox 1358 3952 1481 4018; x_wconf 88' lang='lat' dir='ltr'>amodo</span> <span class='ocrx_word' id='word_1_317' title='bbox 1505 3955 1541 4018; x_wconf 90' lang='lat' dir='ltr'>et</span> <span class='ocrx_word' id='word_1_318' title='bbox 1564 3970 1702 4039; x_wconf 88' lang='lat' dir='ltr'>semper</span> <span class='ocrx_word' id='word_1_319' title='bbox 1725 3960 1765 4022; x_wconf 93' lang='lat' dir='ltr'>tu</span> <span class='ocrx_word' id='word_1_320' title='bbox 1788 3955 1976 4024; x_wconf 88' lang='lat' dir='ltr'>iamdictus</span> <span class='ocrx_word' id='word_1_321' title='bbox 1992 3958 2191 4027; x_wconf 84' lang='lat' dir='ltr'>romoaldus</span> <span class='ocrx_word' id='word_1_322' title='bbox 2207 3965 2243 4027; x_wconf 90' lang='lat' dir='ltr'>et</span> <span class='ocrx_word' id='word_1_323' title='bbox 2258 3963 2340 4026; x_wconf 88' lang='lat' dir='ltr'>tuos</span> <span class='ocrx_word' id='word_1_324' title='bbox 2357 3979 2435 4032; x_wconf 88' lang='lat' dir='ltr'>ere-</span> 
     </span>
     <span class='ocr_line' id='line_1_24' title="bbox 587 4104 2431 4197; baseline 0.008 -27"><span class='ocrx_word' id='word_1_325' title='bbox 587 4104 650 4171; x_wconf 91' lang='lat' dir='ltr'>des</span> <span class='ocrx_word' id='word_1_326' title='bbox 679 4105 807 4174; x_wconf 87' lang='lat' dir='ltr'>inclita</span> <span class='ocrx_word' id='word_1_327' title='bbox 837 4107 1080 4192; x_wconf 89' lang='lat' dir='ltr'>suprascripta</span> <span class='ocrx_word' id='word_1_328' title='bbox 1112 4124 1191 4172; x_wconf 91' lang='lat' dir='ltr'>mea</span> <span class='ocrx_word' id='word_1_329' title='bbox 1221 4105 1413 4173; x_wconf 89' lang='lat' dir='ltr'>donatione</span> <span class='ocrx_word' id='word_1_330' title='bbox 1442 4105 1639 4194; x_wconf 89' lang='lat' dir='ltr'>abendum,</span> <span class='ocrx_word' id='word_1_331' title='bbox 1669 4106 1947 4196; x_wconf 87' lang='lat' dir='ltr'>dominandum,</span> <span class='ocrx_word' id='word_1_332' title='bbox 1977 4113 2226 4197; x_wconf 91' lang='lat' dir='ltr'>possidendum</span> <span class='ocrx_word' id='word_1_333' title='bbox 2249 4121 2285 4184; x_wconf 92' lang='lat' dir='ltr'>et</span> <span class='ocrx_word' id='word_1_334' title='bbox 2308 4119 2431 4185; x_wconf 90' lang='lat' dir='ltr'>omnia</span> 
     </span>
     <span class='ocr_line' id='line_1_25' title="bbox 586 4255 2435 4356; baseline 0.006 -31"><span class='ocrx_word' id='word_1_335' title='bbox 586 4258 718 4325; x_wconf 87' lang='lat' dir='ltr'>exinde</span> <span class='ocrx_word' id='word_1_336' title='bbox 742 4257 943 4325; x_wconf 84' lang='lat' dir='ltr'>laciendum</span> <span class='ocrx_word' id='word_1_337' title='bbox 967 4257 1059 4343; x_wconf 90' lang='lat' dir='ltr'>quod</span> <span class='ocrx_word' id='word_1_338' title='bbox 1082 4255 1287 4340; x_wconf 82' lang='lat' dir='ltr'>bolueritis3</span> <span class='ocrx_word' id='word_1_339' title='bbox 1312 4260 1348 4322; x_wconf 90' lang='lat' dir='ltr'>et</span> <span class='ocrx_word' id='word_1_340' title='bbox 1370 4274 1433 4340; x_wconf 89' lang='lat' dir='ltr'>pro</span> <span class='ocrx_word' id='word_1_341' title='bbox 1455 4275 1495 4323; x_wconf 94' lang='lat' dir='ltr'>oc</span> <span class='ocrx_word' id='word_1_342' title='bbox 1519 4256 1651 4325; x_wconf 90' lang='lat' dir='ltr'>donum</span> <span class='ocrx_word' id='word_1_343' title='bbox 1675 4260 1892 4329; x_wconf 86' lang='lat' dir='ltr'>firmandum</span> <span class='ocrx_word' id='word_1_344' title='bbox 1918 4263 2092 4351; x_wconf 85' lang='lat' dir='ltr'>launegilt</span> <span class='ocrx_word' id='word_1_345' title='bbox 2108 4285 2130 4334; x_wconf 92' lang='lat' dir='ltr'>a</span> <span class='ocrx_word' id='word_1_346' title='bbox 2145 4271 2181 4334; x_wconf 88' lang='lat' dir='ltr'>te</span> <span class='ocrx_word' id='word_1_347' title='bbox 2199 4267 2282 4335; x_wconf 89' lang='lat' dir='ltr'>inde</span> <span class='ocrx_word' id='word_1_348' title='bbox 2297 4270 2435 4356; x_wconf 91' lang='lat' dir='ltr'>recepit</span> 
     </span>
     <span class='ocr_line' id='line_1_26' title="bbox 590 4399 2438 4505; baseline 0.006 -27"><span class='ocrx_word' id='word_1_349' title='bbox 590 4410 811 4481; x_wconf 88' lang='lat' dir='ltr'>mantellum</span> <span class='ocrx_word' id='word_1_350' title='bbox 835 4429 947 4478; x_wconf 89' lang='lat' dir='ltr'>unum</span> <span class='ocrx_word' id='word_1_351' title='bbox 972 4411 1011 4477; x_wconf 91' lang='lat' dir='ltr'>in</span> <span class='ocrx_word' id='word_1_352' title='bbox 1035 4399 1150 4476; x_wconf 88' lang='lat' dir='ltr'>omnis</span> <span class='ocrx_word' id='word_1_353' title='bbox 1174 4406 1441 4494; x_wconf 81' lang='lat' dir='ltr'>deliberatione3</span> <span class='ocrx_word' id='word_1_354' title='bbox 1465 4408 1635 4495; x_wconf 84' lang='lat' dir='ltr'>finitoque</span> <span class='ocrx_word' id='word_1_355' title='bbox 1658 4417 1778 4481; x_wconf 83' lang='lat' dir='ltr'>nostra</span> <span class='ocrx_word' id='word_1_356' title='bbox 1801 4413 1991 4483; x_wconf 89' lang='lat' dir='ltr'>donatione</span> <span class='ocrx_word' id='word_1_357' title='bbox 2013 4434 2076 4503; x_wconf 91' lang='lat' dir='ltr'>per</span> <span class='ocrx_word' id='word_1_358' title='bbox 2092 4423 2295 4505; x_wconf 88' lang='lat' dir='ltr'>susceptum</span> <span class='ocrx_word' id='word_1_359' title='bbox 2314 4421 2438 4490; x_wconf 89' lang='lat' dir='ltr'>launc-</span> 
     </span>
    </p>
   </div>
   <div class='ocr_carea' id='block_1_3' title="bbox 587 4561 2433 4654">
    <p class='ocr_par' dir='ltr' id='par_1_3' title="bbox 587 4561 2433 4654">
     <span class='ocr_line' id='line_1_27' title="bbox 587 4561 2433 4654; baseline 0.006 -22"><span class='ocrx_word' id='word_1_360' title='bbox 587 4563 658 4651; x_wconf 85' lang='lat' dir='ltr'>gilt</span> <span class='ocrx_word' id='word_1_361' title='bbox 682 4566 899 4649; x_wconf 79' lang='lat' dir='ltr'>sanatione,</span> <span class='ocrx_word' id='word_1_362' title='bbox 923 4564 966 4632; x_wconf 89' lang='lat' dir='ltr'>de</span> <span class='ocrx_word' id='word_1_363' title='bbox 989 4583 1061 4649; x_wconf 93' lang='lat' dir='ltr'>qua</span> <span class='ocrx_word' id='word_1_364' title='bbox 1085 4580 1151 4650; x_wconf 82' lang='lat' dir='ltr'>ego</span> <span class='ocrx_word' id='word_1_365' title='bbox 1174 4561 1365 4630; x_wconf 91' lang='lat' dir='ltr'>iamdictus</span> <span class='ocrx_word' id='word_1_366' title='bbox 1389 4561 1563 4632; x_wconf 90' lang='lat' dir='ltr'>iohannes</span> <span class='ocrx_word' id='word_1_367' title='bbox 1586 4565 1705 4654; x_wconf 84' lang='lat' dir='ltr'>obligo</span> <span class='ocrx_word' id='word_1_368' title='bbox 1728 4587 1783 4636; x_wconf 90' lang='lat' dir='ltr'>me</span> <span class='ocrx_word' id='word_1_369' title='bbox 1806 4573 1843 4636; x_wconf 90' lang='lat' dir='ltr'>et</span> <span class='ocrx_word' id='word_1_370' title='bbox 1865 4571 1954 4637; x_wconf 87' lang='lat' dir='ltr'>meis</span> <span class='ocrx_word' id='word_1_371' title='bbox 1970 4571 2134 4638; x_wconf 90' lang='lat' dir='ltr'>eredibus</span> <span class='ocrx_word' id='word_1_372' title='bbox 2150 4573 2273 4640; x_wconf 89' lang='lat' dir='ltr'>amodo</span> <span class='ocrx_word' id='word_1_373' title='bbox 2289 4579 2328 4642; x_wconf 89' lang='lat' dir='ltr'>et</span> <span class='ocrx_word' id='word_1_374' title='bbox 2343 4593 2433 4643; x_wconf 90' lang='lat' dir='ltr'>sem·</span> 
     </span>
    </p>
   </div>
   <div class='ocr_carea' id='block_1_4' title="bbox 563 4691 2434 4810">
    <p class='ocr_par' dir='ltr' id='par_1_4' title="bbox 563 4691 2434 4810">
     <span class='ocr_line' id='line_1_28' title="bbox 563 4691 2434 4810; baseline 0.006 -28"><span class='ocrx_word' id='word_1_375' title='bbox 563 4691 653 4801; x_wconf 50' lang='lat' dir='ltr'>&#39;per</span> <span class='ocrx_word' id='word_1_376' title='bbox 676 4717 929 4786; x_wconf 81' lang='lat' dir='ltr'>defensandum</span> <span class='ocrx_word' id='word_1_377' title='bbox 952 4717 1019 4783; x_wconf 89' lang='lat' dir='ltr'>tibi</span> <span class='ocrx_word' id='word_1_378' title='bbox 1044 4721 1080 4783; x_wconf 94' lang='lat' dir='ltr'>et</span> <span class='ocrx_word' id='word_1_379' title='bbox 1103 4714 1148 4784; x_wconf 92' lang='lat' dir='ltr'>ad</span> <span class='ocrx_word' id='word_1_380' title='bbox 1171 4713 1242 4782; x_wconf 90' lang='lat' dir='ltr'>tuis</span> <span class='ocrx_word' id='word_1_381' title='bbox 1266 4715 1431 4783; x_wconf 89' lang='lat' dir='ltr'>eredibus</span> <span class='ocrx_word' id='word_1_382' title='bbox 1454 4715 1581 4785; x_wconf 91' lang='lat' dir='ltr'>inclita</span> <span class='ocrx_word' id='word_1_383' title='bbox 1603 4721 1847 4806; x_wconf 88' lang='lat' dir='ltr'>suprascripta</span> <span class='ocrx_word' id='word_1_384' title='bbox 1871 4739 1950 4788; x_wconf 87' lang='lat' dir='ltr'>mea</span> <span class='ocrx_word' id='word_1_385' title='bbox 1966 4721 2157 4790; x_wconf 86' lang='lat' dir='ltr'>donatione</span> <span class='ocrx_word' id='word_1_386' title='bbox 2181 4742 2204 4791; x_wconf 90' lang='lat' dir='ltr'>a</span> <span class='ocrx_word' id='word_1_387' title='bbox 2228 4743 2313 4810; x_wconf 92' lang='lat' dir='ltr'>pars</span> <span class='ocrx_word' id='word_1_388' title='bbox 2329 4727 2434 4794; x_wconf 85' lang='lat' dir='ltr'>uxori</span> 
     </span>
    </p>
   </div>
   <div class='ocr_carea' id='block_1_5' title="bbox 591 4867 2442 5726">
    <p class='ocr_par' dir='ltr' id='par_1_5' title="bbox 591 4867 2442 5726">
     <span class='ocr_line' id='line_1_29' title="bbox 591 4867 2434 4965; baseline 0.005 -27"><span class='ocrx_word' id='word_1_389' title='bbox 591 4888 668 4938; x_wconf 90' lang='lat' dir='ltr'>mee</span> <span class='ocrx_word' id='word_1_390' title='bbox 691 4875 727 4938; x_wconf 87' lang='lat' dir='ltr'>et</span> <span class='ocrx_word' id='word_1_391' title='bbox 750 4871 796 4938; x_wconf 91' lang='lat' dir='ltr'>da</span> <span class='ocrx_word' id='word_1_392' title='bbox 819 4871 870 4938; x_wconf 90' lang='lat' dir='ltr'>illi</span> <span class='ocrx_word' id='word_1_393' title='bbox 897 4871 1101 4937; x_wconf 89' lang='lat' dir='ltr'>hominibus</span> <span class='ocrx_word' id='word_1_394' title='bbox 1125 4872 1160 4936; x_wconf 93' lang='lat' dir='ltr'>et</span> <span class='ocrx_word' id='word_1_395' title='bbox 1183 4867 1366 4956; x_wconf 90' lang='lat' dir='ltr'>partibus,</span> <span class='ocrx_word' id='word_1_396' title='bbox 1390 4867 1448 4936; x_wconf 89' lang='lat' dir='ltr'>cui</span> <span class='ocrx_word' id='word_1_397' title='bbox 1473 4887 1536 4954; x_wconf 92' lang='lat' dir='ltr'>per</span> <span class='ocrx_word' id='word_1_398' title='bbox 1559 4889 1624 4936; x_wconf 90' lang='lat' dir='ltr'>nos</span> <span class='ocrx_word' id='word_1_399' title='bbox 1646 4868 1728 4939; x_wconf 86' lang='lat' dir='ltr'>illut</span> <span class='ocrx_word' id='word_1_400' title='bbox 1757 4871 1811 4955; x_wconf 78' lang='lat' dir='ltr'>vel</span> <span class='ocrx_word' id='word_1_401' title='bbox 1836 4873 1966 4940; x_wconf 86' lang='lat' dir='ltr'>exinde</span> <span class='ocrx_word' id='word_1_402' title='bbox 1996 4873 2118 4942; x_wconf 90' lang='lat' dir='ltr'>datum</span> <span class='ocrx_word' id='word_1_403' title='bbox 2147 4879 2212 4943; x_wconf 89' lang='lat' dir='ltr'>aut</span> <span class='ocrx_word' id='word_1_404' title='bbox 2234 4875 2434 4965; x_wconf 83' lang='lat' dir='ltr'>obligatum</span> 
     </span>
     <span class='ocr_line' id='line_1_30' title="bbox 591 5020 2436 5118; baseline 0.002 -22"><span class='ocrx_word' id='word_1_405' title='bbox 591 5025 768 5114; x_wconf 91' lang='lat' dir='ltr'>paruerit,</span> <span class='ocrx_word' id='word_1_406' title='bbox 794 5024 849 5092; x_wconf 90' lang='lat' dir='ltr'>vel</span> <span class='ocrx_word' id='word_1_407' title='bbox 872 5024 934 5109; x_wconf 91' lang='lat' dir='ltr'>qui</span> <span class='ocrx_word' id='word_1_408' title='bbox 956 5041 1020 5110; x_wconf 92' lang='lat' dir='ltr'>pro</span> <span class='ocrx_word' id='word_1_409' title='bbox 1042 5020 1176 5088; x_wconf 88' lang='lat' dir='ltr'>nostris</span> <span class='ocrx_word' id='word_1_410' title='bbox 1198 5022 1360 5106; x_wconf 89' lang='lat' dir='ltr'>partibus</span> <span class='ocrx_word' id='word_1_411' title='bbox 1384 5021 1627 5109; x_wconf 91' lang='lat' dir='ltr'>quodcumque</span> <span class='ocrx_word' id='word_1_412' title='bbox 1651 5026 1875 5094; x_wconf 88' lang='lat' dir='ltr'>causationes</span> <span class='ocrx_word' id='word_1_413' title='bbox 1898 5026 1982 5094; x_wconf 88' lang='lat' dir='ltr'>inde</span> <span class='ocrx_word' id='word_1_414' title='bbox 2003 5027 2103 5097; x_wconf 88' lang='lat' dir='ltr'>vobis</span> <span class='ocrx_word' id='word_1_415' title='bbox 2126 5031 2373 5118; x_wconf 81' lang='lat' dir='ltr'>preposuerit3</span> <span class='ocrx_word' id='word_1_416' title='bbox 2400 5037 2436 5101; x_wconf 87' lang='lat' dir='ltr'>et</span> 
     </span>
     <span class='ocr_line' id='line_1_31' title="bbox 591 5171 2439 5268; baseline 0.005 -23"><span class='ocrx_word' id='word_1_417' title='bbox 591 5176 624 5245; x_wconf 90' lang='lat' dir='ltr'>si</span> <span class='ocrx_word' id='word_1_418' title='bbox 649 5176 786 5264; x_wconf 91' lang='lat' dir='ltr'>taliter,</span> <span class='ocrx_word' id='word_1_419' title='bbox 810 5175 903 5242; x_wconf 91' lang='lat' dir='ltr'>sicut</span> <span class='ocrx_word' id='word_1_420' title='bbox 925 5173 1061 5242; x_wconf 90' lang='lat' dir='ltr'>dictum</span> <span class='ocrx_word' id='word_1_421' title='bbox 1084 5177 1148 5258; x_wconf 86' lang='lat' dir='ltr'>est,</span> <span class='ocrx_word' id='word_1_422' title='bbox 1173 5172 1255 5241; x_wconf 90' lang='lat' dir='ltr'>illut</span> <span class='ocrx_word' id='word_1_423' title='bbox 1277 5171 1376 5238; x_wconf 88' lang='lat' dir='ltr'>vobis</span> <span class='ocrx_word' id='word_1_424' title='bbox 1399 5173 1583 5245; x_wconf 77' lang='lat' dir='ltr'>defensare</span> <span class='ocrx_word' id='word_1_425' title='bbox 1607 5193 1678 5243; x_wconf 91' lang='lat' dir='ltr'>non</span> <span class='ocrx_word' id='word_1_426' title='bbox 1702 5178 1934 5264; x_wconf 79' lang='lat' dir='ltr'>potuerimuS,</span> <span class='ocrx_word' id='word_1_427' title='bbox 1959 5181 2023 5246; x_wconf 87' lang='lat' dir='ltr'>aut</span> <span class='ocrx_word' id='word_1_428' title='bbox 2046 5180 2077 5248; x_wconf 91' lang='lat' dir='ltr'>si</span> <span class='ocrx_word' id='word_1_429' title='bbox 2100 5180 2231 5268; x_wconf 88' lang='lat' dir='ltr'>aliquit</span> <span class='ocrx_word' id='word_1_430' title='bbox 2246 5184 2291 5252; x_wconf 89' lang='lat' dir='ltr'>de</span> <span class='ocrx_word' id='word_1_431' title='bbox 2316 5187 2439 5256; x_wconf 86' lang='lat' dir='ltr'>omnia</span> 
     </span>
     <span class='ocr_line' id='line_1_32' title="bbox 591 5327 2437 5425; baseline 0.004 -27"><span class='ocrx_word' id='word_1_432' title='bbox 591 5331 836 5418; x_wconf 90' lang='lat' dir='ltr'>suprascripta</span> <span class='ocrx_word' id='word_1_433' title='bbox 860 5327 1196 5415; x_wconf 76' lang='lat' dir='ltr'>contradixerimuS,</span> <span class='ocrx_word' id='word_1_434' title='bbox 1221 5345 1430 5414; x_wconf 87' lang='lat' dir='ltr'>componere</span> <span class='ocrx_word' id='word_1_435' title='bbox 1453 5327 1570 5416; x_wconf 85' lang='lat' dir='ltr'>obligo</span> <span class='ocrx_word' id='word_1_436' title='bbox 1593 5348 1648 5396; x_wconf 91' lang='lat' dir='ltr'>me</span> <span class='ocrx_word' id='word_1_437' title='bbox 1672 5333 1707 5398; x_wconf 87' lang='lat' dir='ltr'>et</span> <span class='ocrx_word' id='word_1_438' title='bbox 1731 5329 1818 5397; x_wconf 89' lang='lat' dir='ltr'>meis</span> <span class='ocrx_word' id='word_1_439' title='bbox 1840 5331 2004 5400; x_wconf 89' lang='lat' dir='ltr'>eredibus</span> <span class='ocrx_word' id='word_1_440' title='bbox 2029 5333 2094 5401; x_wconf 90' lang='lat' dir='ltr'>tivi</span> <span class='ocrx_word' id='word_1_441' title='bbox 2109 5334 2234 5422; x_wconf 90' lang='lat' dir='ltr'>tuique</span> <span class='ocrx_word' id='word_1_442' title='bbox 2250 5337 2437 5425; x_wconf 84' lang='lat' dir='ltr'>eredibus,</span> 
     </span>
     <span class='ocr_line' id='line_1_33' title="bbox 593 5478 2436 5586; baseline 0.005 -38"><span class='ocrx_word' id='word_1_443' title='bbox 593 5483 649 5551; x_wconf 89' lang='lat' dir='ltr'>vel</span> <span class='ocrx_word' id='word_1_444' title='bbox 672 5481 808 5549; x_wconf 91' lang='lat' dir='ltr'>homini</span> <span class='ocrx_word' id='word_1_445' title='bbox 833 5481 884 5548; x_wconf 90' lang='lat' dir='ltr'>illi</span> <span class='ocrx_word' id='word_1_446' title='bbox 910 5481 966 5547; x_wconf 90' lang='lat' dir='ltr'>cui</span> <span class='ocrx_word' id='word_1_447' title='bbox 993 5479 1133 5548; x_wconf 88' lang='lat' dir='ltr'>cartula</span> <span class='ocrx_word' id='word_1_448' title='bbox 1156 5479 1225 5547; x_wconf 89' lang='lat' dir='ltr'>ista</span> <span class='ocrx_word' id='word_1_449' title='bbox 1238 5481 1280 5586; x_wconf 81' lang='lat' dir='ltr'>in</span> <span class='ocrx_word' id='word_1_450' title='bbox 1296 5497 1443 5548; x_wconf 90' lang='lat' dir='ltr'>manum</span> <span class='ocrx_word' id='word_1_451' title='bbox 1466 5481 1642 5568; x_wconf 88' lang='lat' dir='ltr'>paruerit,</span> <span class='ocrx_word' id='word_1_452' title='bbox 1658 5478 1813 5566; x_wconf 82' lang='lat' dir='ltr'>triginta</span> <span class='ocrx_word' id='word_1_453' title='bbox 1827 5482 1909 5550; x_wconf 90' lang='lat' dir='ltr'>auri</span> <span class='ocrx_word' id='word_1_454' title='bbox 1925 5481 2053 5550; x_wconf 89' lang='lat' dir='ltr'>solidos</span> <span class='ocrx_word' id='word_1_455' title='bbox 2067 5485 2303 5575; x_wconf 83' lang='lat' dir='ltr'>costantinus,</span> <span class='ocrx_word' id='word_1_456' title='bbox 2320 5495 2371 5575; x_wconf 87' lang='lat' dir='ltr'>et,</span> <span class='ocrx_word' id='word_1_457' title='bbox 2388 5489 2436 5556; x_wconf 84' lang='lat' dir='ltr'>si·</span> 
     </span>
     <span class='ocr_line' id='line_1_34' title="bbox 592 5631 2442 5726; baseline 0.004 -24"><span class='ocrx_word' id='word_1_458' title='bbox 592 5639 654 5703; x_wconf 91' lang='lat' dir='ltr'>cut</span> <span class='ocrx_word' id='word_1_459' title='bbox 669 5637 829 5704; x_wconf 90' lang='lat' dir='ltr'>continet</span> <span class='ocrx_word' id='word_1_460' title='bbox 852 5636 890 5702; x_wconf 94' lang='lat' dir='ltr'>in</span> <span class='ocrx_word' id='word_1_461' title='bbox 914 5635 972 5702; x_wconf 82' lang='lat' dir='ltr'>lex</span> <span class='ocrx_word' id='word_1_462' title='bbox 996 5632 1039 5702; x_wconf 91' lang='lat' dir='ltr'>de</span> <span class='ocrx_word' id='word_1_463' title='bbox 1063 5633 1194 5701; x_wconf 90' lang='lat' dir='ltr'>donum</span> <span class='ocrx_word' id='word_1_464' title='bbox 1210 5637 1246 5700; x_wconf 88' lang='lat' dir='ltr'>et</span> <span class='ocrx_word' id='word_1_465' title='bbox 1260 5633 1449 5721; x_wconf 82' lang='lat' dir='ltr'>launegilt,</span> <span class='ocrx_word' id='word_1_466' title='bbox 1465 5633 1517 5702; x_wconf 91' lang='lat' dir='ltr'>ita</span> <span class='ocrx_word' id='word_1_467' title='bbox 1533 5631 1789 5720; x_wconf 87' lang='lat' dir='ltr'>adimpleamus</span> <span class='ocrx_word' id='word_1_468' title='bbox 1803 5637 1840 5702; x_wconf 89' lang='lat' dir='ltr'>et</span> <span class='ocrx_word' id='word_1_469' title='bbox 1855 5631 2097 5720; x_wconf 89' lang='lat' dir='ltr'>persolbamus</span> <span class='ocrx_word' id='word_1_470' title='bbox 2121 5638 2221 5708; x_wconf 91' lang='lat' dir='ltr'>vobis</span> <span class='ocrx_word' id='word_1_471' title='bbox 2238 5638 2442 5726; x_wconf 86' lang='lat' dir='ltr'>iustitiam,</span> 
     </span>
    </p>
   </div>
   <div class='ocr_carea' id='block_1_6' title="bbox 592 5783 1970 5874">
    <p class='ocr_par' dir='ltr' id='par_1_6' title="bbox 592 5783 1970 5874">
     <span class='ocr_line' id='line_1_35' title="bbox 592 5783 1970 5874; baseline -0.001 -18"><span class='ocrx_word' id='word_1_472' title='bbox 592 5793 631 5856; x_wconf 88' lang='lat' dir='ltr'>et</span> <span class='ocrx_word' id='word_1_473' title='bbox 652 5789 773 5857; x_wconf 87' lang='lat' dir='ltr'>taliter</span> <span class='ocrx_word' id='word_1_474' title='bbox 797 5789 951 5858; x_wconf 90' lang='lat' dir='ltr'>scribere</span> <span class='ocrx_word' id='word_1_475' title='bbox 977 5787 1183 5874; x_wconf 76' lang='lat' dir='ltr'>rogavimus</span> <span class='ocrx_word' id='word_1_476' title='bbox 1205 5789 1240 5854; x_wconf 91' lang='lat' dir='ltr'>te</span> <span class='ocrx_word' id='word_1_477' title='bbox 1263 5784 1445 5856; x_wconf 83' lang='lat' dir='ltr'>dauferius</span> <span class='ocrx_word' id='word_1_478' title='bbox 1470 5785 1646 5855; x_wconf 85' lang='lat' dir='ltr'>notarius</span> <span class='ocrx_word' id='word_1_479' title='bbox 1671 5787 1792 5854; x_wconf 87' lang='lat' dir='ltr'>actum</span> <span class='ocrx_word' id='word_1_480' title='bbox 1815 5783 1970 5856; x_wconf 87' lang='lat' dir='ltr'>salerno.</span> 
     </span>
    </p>
   </div>
   <div class='ocr_carea' id='block_1_7' title="bbox 0 0 2678 7092">
    <p class='ocr_par' dir='ltr' id='par_1_7' title="bbox 0 0 2678 7092">
     <span class='ocr_line' id='line_1_36' title="bbox 0 0 2678 7092; baseline 0 0"><span class='ocrx_word' id='word_1_481' title='bbox 0 0 2678 7092; x_wconf 95' lang='lat' dir='ltr'> </span> 
     </span>
    </p>
   </div>
  </div>
 </body>
</html>
