5310 7080
977 495 1382 596 nrrtouarrous
1618 593 1619 596 ,
2012 531 2058 602 53

253 753 329 816 stra
353 765 490 833 causa,
520 751 557 814 et
590 746 716 815 inclita
743 747 820 833 ipsa
845 751 950 814 rebus
981 749 1142 816 laborata
1165 751 1201 813 et
1226 747 1325 814 clusa
1349 745 1574 812 remittamus
1605 745 1703 814 illam
1727 748 1772 816 ad
1796 752 1968 834 potestate
1992 754 2104 839 ipsius

254 898 427 983 ecclesie,
458 900 503 966 ad
528 898 731 966 laciendum
756 916 824 982 que
849 899 1038 983 boluerint3
1063 917 1124 965 seu
1156 903 1191 965 et
1221 897 1318 965 side
1343 900 1411 965 hac
1442 901 1540 966 terra
1570 899 1794 969 salernitana
1817 904 2015 972 exierimus
2038 928 2103 994 pro

252 1070 474 1136 quacumque
499 1070 621 1137 causa,
647 1055 682 1117 et
705 1049 801 1117 infra
824 1050 941 1117 tribus
965 1051 1051 1120 anni
1068 1069 1137 1118 non
1155 1051 1379 1137 redierimus,
1406 1051 1519 1118 licead
1543 1071 1626 1137 pars
1650 1053 1765 1139 ipsius
1790 1057 1936 1124 ecclesie
1961 1061 2003 1126 de
2022 1060 2100 1148 ipsa

253 1206 359 1271 rebus
383 1203 501 1272 facere
526 1203 618 1288 quod
641 1203 843 1290 boluerint;
868 1207 903 1270 et
926 1202 956 1268 si
982 1202 1078 1269 infra
1103 1203 1219 1270 tribus
1243 1204 1329 1270 anni
1355 1204 1568 1271 redierimus
1591 1210 1626 1273 et
1649 1207 1868 1275 boluerimus
1892 1213 2000 1278 rebus
2018 1213 2098 1299 ipsa

254 1365 376 1424 tenere
402 1357 440 1422 in
457 1357 701 1442 suprascripto
716 1354 854 1439 ordine,
880 1355 1044 1422 inclitum
1070 1355 1151 1420 illut
1175 1356 1370 1442 perbeniad
1385 1359 1431 1426 ad
1447 1361 1570 1424 nostra
1585 1364 1807 1448 potestatem,
1833 1364 1878 1430 ad
1904 1367 2098 1433 tenendum

251 1509 332 1576 illut
357 1510 396 1575 in
421 1509 667 1595 suprascripta
690 1506 853 1592 ratione,
878 1513 914 1572 et
939 1507 1014 1592 ipso
1038 1524 1173 1575 annum
1197 1508 1289 1593 quod
1314 1507 1545 1596 redierimuS,
1570 1510 1600 1576 si
1625 1511 1824 1580 laboratum
1848 1515 1930 1583 illut
1954 1518 2101 1587 inbene-

251 1661 362 1726 rimus
376 1710 386 1746 ,
419 1660 530 1727 licead
555 1659 614 1726 ille
639 1659 721 1728 inde
744 1657 867 1726 tollere
891 1659 966 1744 ipso
989 1678 1125 1725 annum
1147 1663 1262 1726 totum
1285 1661 1361 1745 ipso
1385 1659 1568 1750 frudium,
1593 1667 1628 1729 et
1653 1664 1837 1733 licentiam
1862 1668 2031 1735 abeamus
2056 1671 2100 1738 de

252 1813 327 1900 ipso
351 1817 472 1880 monte
496 1814 653 1897 predicte
678 1810 823 1879 ecclesie
847 1811 974 1898 lingna
997 1810 1178 1880 abscidere
1203 1811 1299 1878 iusta
1323 1811 1462 1878 ratione
1477 1831 1542 1898 pro
1558 1814 1636 1899 ipsa
1661 1817 1780 1904 rebus,
1806 1823 1841 1885 et
1865 1819 1936 1888 alie
1961 1822 2100 1891 utilita-

251 1966 347 2032 tibus
371 1965 409 2030 in
435 1963 512 2050 ipsa
535 1967 641 2030 rebus
673 1961 877 2030 faciendum
901 1961 1024 2028 amodo
1055 1966 1090 2029 et
1121 1979 1231 2046 usque
1263 1960 1329 2047 ipsi
1352 1964 1472 2030 decern
1496 1965 1598 2033 anni.
1624 1970 1672 2033 Ec
1696 1971 1940 2059 suprascripta
1965 1978 2099 2063 rebus,

251 2117 343 2204 quod
367 2116 530 2201 superius
554 2115 725 2201 diximus
751 2117 789 2182 in
813 2115 1053 2202 suprascripto
1077 2113 1199 2182 ordine
1223 2117 1326 2182 nobis
1350 2118 1520 2187 abeamus
1545 2139 1609 2186 nos
1631 2126 1795 2206 germani
1812 2129 1847 2191 et
1864 2129 1995 2194 nostris
2020 2149 2096 2196 ere-

251 2272 356 2338 dibus
380 2274 567 2339 teneamus
592 2270 672 2336 illut
697 2271 864 2356 inedium,
888 2276 923 2336 et
946 2289 1011 2356 ego
1035 2271 1240 2335 nominatus
1264 2268 1482 2354 grimoaldus
1498 2274 1534 2360 et
1549 2291 1642 2338 meos
1667 2275 1788 2342 eredes
1806 2279 1974 2347 medium.
2000 2285 2098 2351 Unde
2172 2303 2173 2306 ’

254 2425 355 2490 ineo
379 2423 504 2490 ordine
528 2425 706 2509 perbona
730 2423 992 2490 combenientia
1023 2421 1158 2506 guadia
1189 2422 1290 2486 nobis
1315 2421 1389 2506 ipse
1413 2423 1522 2489 abbas
1553 2442 1633 2489 cum
1658 2427 1816 2512 predicto
1847 2395 2095 2504 adbocatorem

251 2579 450 2663 dederunt,
483 2583 518 2645 et
542 2576 770 2643 mediatorem
795 2576 897 2640 nobis
921 2579 1115 2659 posuerunt
1137 2573 1323 2660 iaquintus
1346 2573 1498 2641 clericus
1526 2576 1623 2643 filius
1646 2580 1823 2663 quondam
1846 2587 2037 2674 gaudiosi;
2062 2602 2096 2658 et

252 2753 314 2820 por
339 2732 416 2817 ipsa
440 2730 573 2816 guadia
598 2727 773 2815 obligabit
796 2747 832 2794 se
857 2728 932 2813 ipse
956 2728 1066 2794 abbas
1088 2729 1123 2791 et
1147 2745 1363 2794 successores
1386 2745 1467 2792 suos
1491 2735 1526 2796 et
1548 2749 1632 2816 pars
1656 2732 1769 2816 ipsius
1793 2737 1967 2825 ecclesie,
1998 2747 2038 2808 ut
2063 2743 2093 2808 si

250 2885 381 2972 aliquit
404 2885 447 2950 de
471 2881 592 2950 omnia
615 2883 860 2967 suprascripta
883 2881 1157 2964 contradixerit,
1173 2883 1209 2945 et
1225 2880 1345 2947 taliter
1369 2881 1472 2947 uobis
1495 2881 1695 2968 nostrisque
1719 2888 1883 2955 eredibus
1908 2909 1979 2959 non
1996 2894 2099 2960 adin-

254 3037 423 3124 pleberit,
445 3055 654 3123 componere
678 3033 852 3119 obligabit
875 3051 911 3098 se
936 3039 971 3098 et
987 3049 1203 3100 successores
1226 3049 1306 3098 suos
1323 3036 1358 3097 et
1374 3051 1458 3116 pars
1482 3033 1593 3119 ipsius
1618 3037 1763 3106 ecclesie
1779 3042 1881 3107 nobis
1897 3047 2098 3132 nostrisque

251 3192 417 3260 eredibus
441 3189 706 3276 quinquaginta
729 3187 810 3256 auri
835 3185 964 3252 solidos
987 3185 1242 3252 constantines.
1262 3191 1505 3253 verumtamen
1521 3207 1560 3255 ec
1576 3191 1820 3278 suprascripta
1838 3199 1942 3264 rebus
1957 3219 2026 3284 que
2042 3220 2099 3268 su-

249 3347 450 3433 pradictum
473 3347 552 3428 est,
576 3344 783 3407 mensurata
812 3337 880 3405 suit
903 3339 949 3406 ad
973 3337 1065 3404 iusto
1087 3357 1229 3424 passum
1253 3337 1378 3406 omini.
1404 3347 1649 3409 verumtamen
1672 3364 1923 3438 memoramus,
1948 3355 2035 3438 quia
2060 3355 2098 3421 in

253 3498 500 3585 suprascripta
523 3497 737 3565 tradictione
761 3493 885 3560 amodo
909 3492 1039 3559 ibidem
1064 3491 1219 3558 reditum
1236 3495 1271 3559 el
1287 3510 1371 3559 casa
1389 3490 1519 3558 ibidem
1545 3495 1730 3584 faciamus,
1748 3503 1783 3566 et
1801 3501 1930 3570 ibidem
1946 3507 2100 3577 residea-

250 3671 330 3720 mus
353 3655 389 3719 et
413 3650 602 3736 abitemus,
627 3652 662 3715 et
685 3666 748 3734 per
765 3649 923 3730 ternpore
948 3645 1025 3730 ipsa
1049 3647 1157 3710 bucte
1176 3663 1257 3710 curn
1281 3646 1357 3730 ipso
1380 3644 1501 3711 binum
1526 3648 1716 3716 sortionem
1739 3652 1851 3738 ipsius
1868 3659 2016 3727 ecclesie
2033 3660 2100 3726 ibi-

249 3811 327 3876 dem
351 3807 535 3874 mittamus
558 3807 593 3871 et
617 3803 756 3870 salbum
779 3801 964 3886 faciamus
982 3797 1074 3866 sicut
1088 3797 1223 3864 dictum
1238 3800 1305 3882 est,
1323 3801 1359 3864 et
1375 3796 1446 3864 fiad
1462 3799 1540 3884 ipsa
1556 3802 1658 3870 bucte
1675 3805 1768 3890 quod
1784 3810 1885 3876 nobis
1903 3813 2099 3900 adsingna-

249 3963 393 4049 berint,
417 3963 510 4027 bona
533 3958 578 4026 da
601 3957 748 4040 binum,
773 3956 808 4020 et
831 3955 944 4018 totum
967 3950 1050 4016 illut
1072 3967 1141 4035 que
1165 3953 1272 4018 extra
1295 3947 1374 4036 ipsa
1398 3955 1580 4022 mensurio
1604 3962 1913 4042 pastenaberimus
1926 4015 1936 4054 ,
1962 3971 2098 4036 rectum

247 4117 480 4188 ascendamus
496 4115 542 4182 da
558 4113 636 4200 ipsa
659 4109 842 4176 mensuria
865 4103 1124 4193 pastenandum
1148 4122 1258 4189 usque
1275 4105 1314 4171 in
1331 4104 1409 4192 ipsa
1425 4123 1537 4175 serra.
1555 4113 1591 4177 et
1606 4113 1702 4180 hunc
1718 4117 1861 4185 brebem
1877 4121 2004 4206 scripsi
2033 4143 2098 4210 ego

243 4270 403 4346 ademari
427 4267 591 4335 notarius
613 4264 676 4350 qui
699 4259 859 4330 interlui.

292 4395 321 4508 †
347 4421 422 4506 Ego
444 4416 505 4503 qui
531 4434 641 4500 supra
664 4415 758 4482 maio
781 4409 957 4498 presbiter
981 4411 1016 4475 et
1041 4409 1152 4474 abbas

290 4545 319 4660 †
345 4573 419 4657 Ego
441 4573 563 4656 petrus
587 4567 762 4654 presbiter
786 4569 822 4630 et
844 4559 1070 4648 primicerius

289 4695 319 4810 †
344 4725 418 4809 Ego
440 4719 609 4808 grimoalt

290 4851 319 4966 †
346 4879 420 4964 Ego
444 4875 584 4943 cicerus
607 4871 770 4941 notarius
793 4889 849 4936 me
872 4868 1064 4952 subscripsi

285 5001 316 5118 †
342 5031 414 5116 Ego
437 5031 580 5097 ioanne.
