5376 7094
968 541 1371 618 anLonalebs
2000 553 2046 626 23

245 783 357 832 causa
382 761 528 829 movilia
551 765 587 829 et
612 761 665 830 ire
689 783 771 830 cum
798 762 886 832 illud
915 767 977 833 ubi
1003 767 1204 856 voluerint,
1229 771 1306 838 sine
1332 773 1587 844 contrarietate
1615 775 1658 842 de
1682 793 1767 861 pars
1791 776 1903 862 ipsius
1927 777 2094 865 ecolesie;

237 917 329 1002 quod
353 917 384 982 si
408 914 532 984 taliter
548 917 669 983 omnia
684 919 752 984 etc.
771 919 940 1002 Sequitur
954 923 1120 988 consueta
1135 923 1307 1005 formula.
1328 925 1478 993 Sicinio
1494 929 1608 994 malta
1625 929 1783 1014 triptota
1797 930 1884 996 anri
1900 929 2095 998 solidorum

240 1072 482 1139 Constantini.
508 1073 553 1139 Et
577 1087 646 1136 unc
671 1071 814 1139 brebem
839 1073 966 1159 scripsi
990 1091 1056 1161 ego
1079 1076 1281 1144 romoaldus
1306 1078 1468 1146 notarius
1493 1079 1553 1166 qui
1579 1081 1741 1152 intertui.

283 1193 312 1310 †
340 1223 414 1308 ligo
438 1221 592 1290 arechisi
617 1221 780 1290 notarius
803 1239 859 1290 me
883 1225 1075 1310 subscripsi

282 1345 312 1461 †
337 1377 412 1461 Ego
436 1375 620 1462 iaquintus
644 1373 806 1441 notarius
830 1393 886 1442 me
909 1377 1116 1463 subscripsi.
1246 1397 1249 1404 ’

924 1664 1047 1672 ..-.---.-.
1056 1667 1114 1672 ...-
1135 1669 1147 1672 -.
1173 1669 1374 1678 ...ω’-...ᾑ-

1086 1989 1241 2069 DLII.

1013 2249 1067 2325 A.
1097 2248 1147 2324 D.
1175 2246 1303 2328 1003.

226 2625 231 2636 ι
279 2541 547 2608 annuariam:

278 2639 314 2779 †
341 2719 358 2758 <‹
386 2697 489 2759 Anno
512 2693 648 2761 decimo
671 2692 797 2778 quinto
820 2694 1044 2781 principatus
1068 2697 1282 2783 Guairnarii,
1307 2715 1427 2766 mense
1443 2701 1585 2786 Martie,
1610 2699 1727 2785 prima
1750 2701 1960 2773 indictione.

279 2867 297 2908 ‹
323 2848 420 2912 llaec
445 2846 573 2913 charta
596 2845 639 2912 de
662 2845 785 2913 eadem
810 2843 983 2912 locatione
1007 2846 1096 2933 agit,
1121 2847 1164 2915 de
1187 2867 1258 2935 qua
1282 2851 1506 2920 antecedens.

279 3021 297 3064 o
326 2999 608 3082 Subscriptioncs
625 3000 789 3065 testium:

278 3125 309 3241 †
333 3172 399 3239 ego
424 3153 487 3238 qui
510 3172 620 3240 supra
644 3154 738 3221 maio
761 3155 1036 3224 archidiaconus
1060 3161 1094 3223 et
1118 3159 1228 3224 abbas

281 3277 310 3394 †
335 3325 402 3392 ego
426 3307 581 3374 arechisi
606 3308 768 3375 notarius
792 3327 847 3374 me
871 3310 1064 3395 subscripsi

280 3433 309 3548 †
333 3478 399 3548 ego
424 3462 610 3546 iaquintus
633 3461 796 3531 notarius
820 3480 876 3529 me
899 3465 1105 3548 subscripsi.

1070 4041 1251 4122 DLIII.

1008 4299 1063 4375 A.
1091 4295 1142 4374 D.
1171 4296 1300 4379 1003.

271 4537 306 4676 Τ
334 4593 372 4657 ln
388 4589 534 4656 nomine
548 4589 685 4658 domini
701 4590 963 4676 quintodecimo
979 4608 1075 4659 anno
1092 4591 1317 4677 principatus
1333 4589 1453 4658 domni
1469 4591 1581 4657 nostri
1598 4589 1797 4676 guaimarii
1813 4590 1967 4676 glorioso
1984 4595 2084 4680 prin-

224 4759 324 4828 cepa,
349 4759 472 4810 mense
488 4740 629 4828 apriliS,
645 4743 764 4828 prima
787 4741 994 4810 indictione.
1020 4743 1309 4812 Memoratorium
1332 4743 1467 4812 tactum
1491 4761 1514 4810 a
1536 4761 1592 4810 me
1616 4742 1764 4810 adelferi
1790 4744 1965 4830 presbiter
1988 4745 2082 4817 filius

224 4895 423 4982 sadeperti,
440 4911 481 4962 co
497 4895 590 4981 quod
614 4903 699 4965 ante
723 4896 914 4964 subscribti
938 4899 1045 4964 testes
1069 4915 1132 4982 per
1156 4895 1383 4982 largietatem
1405 4898 1441 4962 et
1456 4892 1716 4962 absolutionem
1731 4893 1853 4962 domni
1871 4897 2007 4966 maioni
2023 4920 2082 4968 ar·

223 5049 457 5118 chidiaconus
480 5053 516 5117 et
540 5051 650 5118 abbas
674 5047 821 5118 ecclesie
843 5051 957 5118 sancti
984 5049 1134 5117 maximi
1159 5049 1204 5118 ad
1228 5049 1421 5117 tenendum
1436 5051 1471 5116 et
1487 5047 1722 5117 laborandum
1738 5049 1888 5117 tradidit
1903 5051 2013 5120 michi
2031 5051 2081 5120 io·

226 5205 365 5271 hannes
388 5203 565 5288 presbiter
588 5203 686 5270 filius
709 5221 787 5272 rose
803 5221 878 5272 una
892 5205 995 5290 pecia
1018 5203 1061 5270 de
1076 5207 1176 5270 terra
1191 5221 1273 5268 cum
1289 5185 1694 5270 arbustum‘efvacuum
1710 5217 1781 5268 uno
1795 5202 1970 5288 teniente,
1987 5204 2080 5290 quod

228 5354 285 5422 ille
310 5357 350 5422 in
375 5357 588 5424 beneficium
614 5359 713 5431 tenet
736 5375 759 5424 a
782 5375 866 5443 pars
890 5357 1003 5443 ipsius
1027 5355 1174 5424 ecclesie
1206 5353 1245 5419 in
1270 5352 1345 5420 loco
1367 5354 1513 5421 nucerio
1536 5353 1599 5420 ubi
1621 5358 1733 5422 terme
1749 5354 1896 5441 dicitur,
1912 5374 1981 5442 que
1998 5360 2080 5426 abet

224 5505 324 5575 finis:
352 5509 396 5578 de
420 5528 495 5578 una
517 5529 603 5597 pars
626 5511 697 5579 fine
722 5509 879 5580 lameirit
902 5510 1090 5598 presbiteri
1114 5511 1152 5575 et
1175 5511 1348 5596 pertange
1363 5506 1402 5573 in
1418 5505 1489 5573 fine
1504 5505 1691 5592 domnica3
1708 5510 1744 5574 et
1759 5506 1885 5576 denno
1900 5527 1993 5596 capu
2008 5511 2079 5581 tine

224 5661 404 5749 domnica,
430 5667 466 5731 et
490 5663 579 5733 vade
603 5664 642 5730 in
665 5664 736 5732 fine
760 5663 906 5751 andree,
930 5665 967 5730 et
989 5667 1099 5749 tange
1123 5661 1162 5728 in
1186 5662 1256 5730 flue
1280 5661 1388 5748 petri,
1412 5663 1448 5729 et
1470 5660 1640 5746 perducet
1662 5661 1700 5728 in
1723 5641 1795 5727 fine
1811 5667 1933 5732 sancte
1950 5667 2078 5756 marie,

225 5821 259 5885 ot
281 5821 458 5904 pertange
482 5818 521 5885 in
546 5816 615 5905 ipsi
639 5817 791 5905 parieti;
815 5815 916 5885 etde
940 5833 1013 5886 una
1036 5835 1121 5904 pars
1145 5817 1214 5885 fine
1238 5816 1298 5889 via
1313 5817 1477 5906 puplica3
1502 5819 1538 5886 et
1560 5817 1603 5886 de
1619 5833 1693 5886 una
1709 5835 1793 5904 pars
1809 5817 1880 5888 tine
1898 5822 1979 5890 voni
1998 5843 2077 5908 pre-
