5334 7098
1243 527 1416 600 concil
1451 527 1706 600 CAVENSIS

1335 961 1602 1042 DCXXX.

1328 1219 1382 1298 A.
1410 1219 1461 1296 D.
1489 1214 1611 1296 1010.

584 1456 621 1597 †
650 1510 690 1576 ln
720 1507 865 1578 nomine
894 1511 1028 1578 domini
1063 1511 1230 1578 uicesimo
1253 1509 1368 1595 primo
1391 1526 1484 1578 anno
1508 1506 1730 1595 principatus
1752 1509 1872 1576 domni
1897 1508 2009 1574 nostri
2035 1509 2214 1595 guaimari
2239 1510 2384 1596 gloriosi

538 1661 739 1749 principis,
764 1682 883 1732 mense
908 1663 1121 1750 ianuarius,
1146 1663 1298 1731 lroclaba
1323 1659 1529 1729 indictione.
1554 1661 1704 1747 ideoque
1727 1679 1792 1748 ego
1816 1661 1931 1729 alcoin
1957 1661 2131 1748 notarius,
2156 1664 2218 1748 qui
2243 1669 2278 1732 et
2303 1686 2387 1734 urso

539 1817 657 1904 bocer,
681 1817 777 1884 illius
801 1817 979 1903 quondam
1003 1817 1174 1904 iaquinti,
1198 1815 1293 1884 sicut
1316 1815 1404 1884 mihi
1431 1832 1628 1902 congruum
1651 1818 1719 1899 est,
1743 1832 1806 1899 per
1822 1831 1891 1882 anc
1907 1813 2085 1901 cartulam
2103 1833 2182 1882 mea
2194 1815 2390 1885 bolumtate

536 1973 622 2037 ante
651 1968 844 2054 subscripti
877 1969 1014 2037 idoneis
1038 1970 1241 2036 hominibus
1265 1968 1408 2054 donati,
1433 1968 1549 2054 adque
1573 1967 1617 2036 ad
1642 1985 1778 2053 semper
1802 1966 1978 2034 abendum
2002 1967 2211 2034 confirmabi
2236 1968 2303 2036 tibi
2329 1987 2386 2034 ro-

538 2121 669 2190 moaldi
694 2121 843 2190 castaldi
869 2121 942 2188 lilio
965 2121 1144 2207 quondam
1168 2121 1259 2206 petri
1285 2120 1412 2187 inclita
1435 2124 1601 2206 quartam
1631 2121 1769 2204 partem
1797 2118 1840 2184 de
1865 2135 1937 2186 una
1961 2118 2061 2206 pecia
2084 2119 2126 2186 de
2150 2125 2249 2189 terra
2274 2123 2389 2192 baoua

537 2292 619 2341 curn
643 2272 869 2359 aliquantum
893 2274 1073 2359 pastinum
1097 2273 1139 2339 de
1165 2272 1277 2340 locum
1300 2272 1439 2358 selecta,
1463 2270 1551 2338 hubi
1567 2272 1612 2340 ad
1630 2271 1707 2357 ipsa
1722 2271 1831 2358 longa
1847 2270 1993 2357 dicitur,
2017 2271 2237 2340 salernitane
2254 2273 2388 2342 linibus

535 2426 634 2492 intro
657 2429 723 2493 hec
746 2427 830 2493 linis
853 2431 888 2494 el
912 2426 1104 2513 mensurie,
1127 2429 1174 2495 ha
1196 2431 1299 2512 parte
1322 2423 1587 2511 septemtrionis
1610 2424 1680 2490 line
1706 2422 1766 2491 bia
1789 2422 1850 2508 qui
1873 2423 2047 2490 discernit
2071 2423 2165 2493 inter
2190 2429 2253 2493 lieo
2279 2389 2387 2495 rebus

534 2578 573 2642 et
597 2575 671 2644 alia
695 2577 802 2643 rebus
825 2595 918 2662 mea,
942 2579 1027 2643 sunt
1052 2577 1134 2644 inde
1158 2579 1253 2662 passi
1279 2577 1526 2663 quadraginta
1550 2593 1632 2642 sen:
1662 2576 1709 2641 lta
1732 2577 1833 2659 parte
1857 2572 2007 2640 orientis
2031 2576 2114 2661 dne,
2132 2576 2225 2642 sicut
2247 2577 2387 2643 termiti

535 2729 572 2794 el
593 2744 675 2812 sepe
699 2727 893 2814 discernit,
918 2735 1002 2796 sunt
1027 2729 1109 2796 inde
1134 2729 1227 2814 passi
1252 2727 1519 2814 quinquaginta
1542 2729 1631 2812 du03
1656 2731 1691 2793 et
1713 2727 1842 2794 abinde
1865 2725 2069 2793 rebolbente
2093 2744 2183 2812 erga
2207 2726 2280 2794 alia
2304 2747 2388 2814 sepe

535 2879 575 2945 in
599 2883 703 2964 parte
727 2880 875 2948 orientis
899 2881 991 2967 passi
1018 2901 1101 2967 sex3
1125 2887 1161 2948 ct
1183 2880 1312 2948 abinde
1329 2879 1531 2946 rebolbente
1548 2897 1610 2964 per
1626 2880 1697 2945 line
1713 2897 1804 2964 mea,
1821 2880 1915 2945 sicut
1930 2880 2109 2946 trabersat
2125 2879 2304 2948 labinario
2320 2901 2385 2967 per

533 3034 672 3102 termiti
695 3036 757 3120 qui
781 3035 912 3102 ibid'em
935 3036 1117 3123 posuimus
1142 3054 1230 3121 erga
1254 3035 1332 3121 ipsa
1347 3035 1417 3100 fine
1433 3053 1524 3118 mea,
1549 3033 1640 3118 quod
1664 3033 1832 3116 paralum
1856 3035 1943 3100 abeo
1959 3033 2005 3099 da
2021 3034 2255 3120 potenandus‚
2273 3039 2308 3102 et
2326 3035 2390 3100 de-

536 3187 691 3255 ducente
716 3187 754 3253 in
779 3195 880 3273 parte
905 3189 1065 3274 meridie,
1092 3187 1173 3254 inde
1197 3191 1280 3254 sunt
1304 3186 1400 3272 passi
1424 3186 1578 3272 triginta
1602 3189 1753 3268 septem:
1781 3187 1829 3251 ha
1851 3202 1934 3270 pars
1959 3183 2106 3251 meridie
2132 3185 2298 3254 similiter
2316 3188 2389 3258 fine

533 3357 627 3425 mea,
651 3340 743 3408 siout
767 3338 838 3406 alio
862 3339 1041 3406 labinario
1064 3337 1254 3422 descernit,
1280 3337 1362 3404 inde
1386 3343 1469 3406 sunt
1492 3336 1585 3423 passi
1611 3336 1739 3422 triginti
1765 3353 1850 3403 sex:
1869 3357 1891 3404 a
1908 3341 2009 3420 parte
2026 3338 2220 3406 occidentis
2236 3341 2307 3407 tine
2327 3342 2388 3409 bia

533 3512 602 3579 que
625 3492 799 3561 discernit
824 3495 918 3561 inter
942 3495 1007 3560 hec
1031 3494 1136 3559 rebus
1159 3494 1195 3558 et
1218 3489 1291 3558 alia
1315 3493 1419 3559 rebus
1443 3510 1522 3558 mea
1552 3495 1588 3558 et
1612 3491 1654 3558 de
1685 3490 1908 3556 consortibus
1940 3489 2049 3576 mem,
2086 3499 2121 3558 et
2145 3493 2390 3580 coniungente

531 3644 577 3712 ad
604 3643 683 3732 ipsa
708 3645 767 3714 bia
790 3645 909 3731 priore
933 3645 1017 3730 fine,
1044 3644 1125 3712 inde
1150 3647 1233 3712 sunt
1258 3643 1352 3728 passi
1378 3645 1534 3728 centum,
1559 3646 1672 3710 totum
1704 3646 1947 3710 mensuratum
1973 3644 2018 3710 ad
2042 3643 2133 3710 iusto
2157 3663 2300 3730 passum
2328 3647 2392 3711 ho-

529 3797 633 3883 mini3
659 3799 702 3865 de
723 3800 788 3866 hec
812 3817 895 3864 vero
918 3801 1024 3866 relius
1048 3818 1111 3885 per
1134 3795 1338 3883 supradicto
1363 3793 1446 3861 finis
1470 3799 1505 3862 et
1529 3796 1722 3882 mensurie,
1747 3797 1840 3862 sicut
1855 3795 1989 3862 dictum
2005 3800 2072 3880 est,
2097 3815 2163 3882 ogo
2180 3797 2391 3866 nominatus

530 3968 613 4018 urso
636 3954 774 4025 notario
797 3957 858 4040 qui
883 3953 1000 4023 alcuin
1024 3955 1141 4038 trecor,
1166 3953 1293 4022 inclita
1318 3957 1486 4037 quartam
1509 3956 1648 4038 partem
1680 3951 1810 4018 exinde
1833 3950 1898 4019 tibi
1924 3953 2100 4019 nominati
2126 3953 2298 4041 romoaldi
2324 3973 2388 4022 ca-

529 4105 638 4174 staldi
663 4108 806 4194 donabi,
831 4127 912 4175 cum
938 4109 1058 4176 omnia
1083 4108 1180 4176 intro
1203 4128 1240 4176 se
1264 4107 1454 4176 abentibus
1477 4114 1512 4175 ct
1536 4107 1608 4172 suis
1632 4103 1880 4191 pertinentiiS‚
1906 4108 2044 4171 etcum
2069 4103 2146 4170 bicc
2170 4105 2213 4171 de
2237 4106 2295 4171 bie
2322 4125 2389 4171 suc

529 4254 622 4343 ipse,
646 4258 692 4326 ad
717 4261 890 4328 securiter
912 4265 948 4328 et
971 4261 1123 4327 firmiter
1146 4260 1270 4327 amodo
1293 4264 1328 4328 et
1343 4278 1480 4346 semper
1497 4259 1586 4326 illud
1601 4258 1816 4342 habendum,
1835 4257 2093 4344 possidendum,
2111 4257 2389 4343 dominandum,

530 4408 651 4476 omnia
675 4409 758 4478 inde
781 4409 985 4478 iaciendum
1008 4410 1100 4496 quod
1124 4411 1317 4478 bolueritis
1344 4412 1434 4477 unde
1459 4428 1522 4496 pro
1544 4409 1827 4477 confirmandam
1848 4415 1885 4477 et
1900 4409 2189 4478 stabiliscendam
2205 4411 2307 4478 vobis
2327 4429 2389 4478 su-

533 4563 735 4647 prascripta
766 4571 889 4632 nostra
917 4563 1127 4648 donatione,
1161 4565 1257 4631 iusta
1289 4563 1401 4649 legem
1432 4561 1609 4648 launegilt
1640 4579 1663 4627 a
1693 4565 1728 4628 tc
1751 4561 1957 4629 nominatus
1981 4563 2180 4629 romoaldus
2203 4563 2389 4630 castaldus

531 4711 666 4779 exinde
690 4714 806 4800 recepi
831 4716 1039 4784 mantellum
1064 4735 1190 4803 unum,
1214 4716 1307 4783 sicut
1329 4716 1423 4782 inter
1447 4733 1511 4780 nos
1527 4715 1715 4781 combenit.
1732 4715 1775 4782 dc
1792 4733 1862 4799 qua
1878 4731 1940 4800 per
1957 4715 2217 4782 combenientia
2234 4733 2301 4802 ego
2318 4733 2385 4781 no-

526 4870 689 4938 minatus
713 4889 797 4938 urso
820 4875 981 4942 notarius
1004 4875 1139 4962 guadia
1162 4877 1230 4943 tibi
1254 4873 1426 4942 nominati
1452 4869 1623 4940 romoaldi
1645 4870 1742 4955 dedi,
1758 4875 1793 4937 et
1810 4870 2003 4940 mediatore
2028 4872 2093 4938 tibi
2112 4873 2228 4958 posuit
2244 4875 2388 4976 ‘iohan-

526 5036 590 5088 nes
615 5023 658 5090 dc
683 5022 798 5090 locum
821 5025 1027 5110 propiciano
1051 5026 1146 5094 lilius
1169 5027 1266 5113 godi3
1281 5029 1317 5094 et
1333 5045 1396 5112 per
1420 5026 1498 5111 ipsa
1521 5026 1653 5111 guadia
1676 5024 1834 5114 obligabi
1858 5043 1913 5091 me
1937 5030 1971 5092 et
1989 5027 2076 5094 meis
2092 5025 2176 5093 liliis
2200 5033 2236 5094 et
2257 5029 2387 5096 eredes

526 5177 652 5244 amodo
675 5181 711 5245 ct
736 5196 874 5265 semper
899 5143 1154 5248 defensandum
1176 5181 1242 5248 tibi
1268 5179 1444 5248 nominati
1467 5180 1639 5247 romoaldi
1671 5184 1706 5247 et
1738 5180 1783 5249 ad
1814 5179 1886 5246 tuis
1909 5181 2074 5248 eredibus
2097 5187 2226 5250 cuncta
2251 5201 2387 5269 supra-

526 5331 663 5417 scripta
687 5337 809 5400 nostra
832 5333 1058 5401 donationem
1081 5335 1129 5400 ha
1153 5351 1237 5419 pars
1261 5335 1383 5400 uxoris
1406 5351 1481 5400 mee
1498 5339 1532 5400 et
1547 5333 1593 5401 da
1608 5351 1728 5400 omnes
1751 5334 1912 5400 homines
1928 5335 2119 5421 homnique
2144 5337 2325 5422 partibus;
2349 5344 2390 5406 et

523 5485 554 5552 si
577 5484 698 5553 taliter
723 5469 812 5552 illud
837 5489 935 5554 vobis
958 5487 1144 5554 defensare
1168 5504 1239 5552 non
1263 5486 1495 5574 potuerimus,
1519 5494 1619 5575 tunc,
1651 5490 1744 5556 siout
1768 5489 1806 5555 in
1832 5490 1890 5555 lex
1914 5489 2215 5577 langobardorum
2246 5491 2289 5558 dc
2323 5493 2387 5558 do-

524 5653 608 5704 num
627 5644 663 5706 et
679 5640 856 5727 launegilt
878 5642 1052 5726 continet,
1076 5642 1128 5709 ita
1151 5658 1219 5730 ego
1248 5647 1284 5711 et
1306 5659 1401 5710 meos
1426 5639 1517 5708 filios
1546 5647 1580 5708 et
1605 5642 1725 5710 eredes
1750 5641 1831 5710 inde
1854 5620 2156 5712 vobisiustitiam
2180 5644 2385 5730 adimplere

523 5791 760 5877 promittimus
784 5801 819 5861 et
843 5795 1065 5884 obligamus3
1092 5803 1126 5866 et
1151 5797 1180 5864 si
1207 5798 1328 5866 taliter
1353 5795 1474 5867 omnia
1497 5797 1742 5883 suprascripta
1765 5799 1864 5864 vullis
1888 5815 1959 5864 non
1989 5797 2316 5884 adimpleborimuS,
2335 5799 2389 5867 si-
