5334 7098
981 586 1385 660 olrtounrlous

1016 990 1331 1074 DCXXVII.

1029 1250 1084 1326 A.
1112 1247 1163 1326 D.
1192 1245 1323 1330 1009.

253 1527 256 1538 ·
300 1451 335 1590 †
360 1505 399 1570 In
424 1505 568 1572 nomine
591 1503 726 1574 domini
749 1504 805 1572 dei
829 1505 998 1576 salvatori
1024 1505 1125 1574 ihesu
1149 1508 1250 1576 cristi
1273 1511 1489 1595 temporibus
1504 1511 1625 1578 domni
1648 1511 1757 1598 sergii
1781 1513 1928 1599 gloriosi
1952 1512 2053 1582 ducis
2070 1519 2110 1582 et

256 1656 453 1744 imperialis
466 1657 626 1745 patricii,
639 1677 734 1727 anno
749 1662 886 1747 octabo,
903 1659 959 1728 die
975 1649 1241 1748 quintadecima
1258 1663 1388 1730 mensis
1404 1661 1576 1750 ianuarii,
1592 1662 1788 1733 indictione
1805 1667 1945 1750 octaba,
1962 1667 2106 1736 amalfi.

255 1809 425 1877 Ohartula
455 1773 560 1878 tlrma
591 1811 712 1878 merisi
735 1811 922 1880 divisionis
946 1833 968 1881 a
991 1814 1092 1882 nobis
1117 1813 1282 1880 videlicet
1305 1813 1422 1900 sergio
1451 1812 1524 1880 filio
1549 1813 1671 1900 lupino
1694 1815 1737 1883 de
1760 1835 1932 1885 maurone
1955 1819 2104 1906 comite,

255 1981 364 2047 quam
386 1966 423 2030 et
447 1981 469 2030 a
493 1965 595 2030 nobis
618 1964 733 2034 maria
756 1962 833 2032 filia
856 1965 1075 2032 constantini
1099 1965 1142 2034 de
1166 1984 1335 2036 monsone
1357 1967 1485 2035 comite
1508 1973 1545 2036 et
1567 1968 1693 2036 relicta
1715 1969 1892 2055 quondam
1918 1973 2103 2041 mansonis

253 2117 511 2185 bonememorie
535 2117 631 2186 filius
653 2119 890 2206 suprascripti
914 2119 1032 2206 lupini
1056 2120 1101 2188 de
1123 2138 1294 2190 maurone
1318 2123 1459 2209 comite,
1485 2125 1520 2190 et
1544 2122 1689 2208 lupinus
1706 2128 1740 2191 et
1756 2125 2005 2193 constantinus
2022 2144 2107 2211 ger,

253 2271 382 2356 manis,
407 2271 571 2359 genitrix
586 2275 622 2340 61
640 2269 738 2360 filiis,
762 2271 824 2358 qui
848 2290 969 2341 sumus
993 2272 1065 2340 veri
1092 2273 1234 2362 cognati
1257 2279 1364 2361 atque
1386 2276 1430 2344 tii
1453 2294 1515 2343 seu
1539 2276 1689 2363 nepotis,
1707 2281 1742 2344 et
1758 2295 1823 2344 nos
1840 2277 2100 2364 suprascriptis

252 2424 368 2493 maria
392 2427 428 2491 et
452 2425 597 2512 lupinus
620 2443 743 2494 sumus
766 2443 830 2511 pro
854 2427 930 2494 vice
953 2433 1074 2496 nostra
1097 2432 1132 2495 et
1156 2415 1228 2514 pro'
1243 2429 1319 2497 vice
1342 2430 1385 2498 de
1409 2432 1610 2498 costantino
1634 2430 1707 2498 filio
1724 2436 1760 2499 et
1783 2431 1888 2499 fratri
1913 2437 2049 2520 nostro,
2065 2438 2104 2500 61

253 2593 317 2644 nos
339 2549 633 2663 quindeniiamus
656 2601 679 2650 a
700 2585 802 2667 parte
826 2599 905 2667 sua,
929 2599 969 2647 eo
993 2583 1084 2666 quod
1108 2581 1276 2666 parvulus
1291 2586 1345 2650 est
1364 2587 1399 2650 et
1414 2583 1510 2650 inira
1534 2586 1641 2668 etate,
1660 2582 1817 2668 qualiter
1834 2585 2005 2669 perbona
2022 2602 2107 2651 con-

253 2730 439 2799 venientia
462 2732 597 2818 placuit
620 2733 716 2800 inter
740 2752 804 2800 nos
827 2733 984 2800 dividere
1006 2739 1042 2801 et
1065 2733 1221 2801 diffinire
1245 2734 1446 2820 plenarium
1464 2737 1499 2800 et
1524 2734 1704 2819 integrum
1730 2734 1846 2819 ipsum
1861 2737 2025 2803 casalem
2042 2755 2105 2803 no·
2187 2727 2190 2734 ’

251 2887 364 2952 strum
387 2885 430 2953 de
454 2886 544 2954 fonti
568 2906 649 2954 cum
673 2887 821 2972 fabrice,
846 2892 979 2972 quante
1002 2887 1134 2955 ividem
1158 2889 1276 2972 havet,
1293 2886 1355 2971 qui
1379 2888 1495 2954 tuerat
1521 2886 1564 2953 de
1591 2885 1830 2972 suprascripto
1854 2886 1979 2972 lupino
2003 2890 2104 2975 patri

251 3042 286 3106 61
308 3053 429 3106 socero
452 3043 573 3106 nostro
595 3043 703 3126 atque
727 3039 847 3125 havi0,
872 3045 908 3107 et
933 3040 1035 3106 nobis
1059 3039 1203 3106 obbenit
1221 3055 1284 3124 pro
1300 3037 1379 3123 ipsa
1402 3037 1599 3122 portionem
1616 3036 1659 3103 de
1675 3037 1801 3103 domne
1825 3056 1919 3106 anne
1944 3041 2033 3106 bone
2049 3057 2106 3106 re-

251 3189 468 3257 cordationis
493 3207 644 3258 uxorem
669 3190 762 3275 eius,
785 3190 877 3274 quod
901 3190 1088 3256 divisimus
1113 3189 1149 3254 in
1175 3187 1318 3256 tertiam
1342 3192 1496 3276 partem,
1521 3191 1562 3256 ut
1585 3208 1651 3275 ego
1675 3188 1939 3276 suprascriptus
1965 3191 2108 3277 sergius

251 3341 375 3409 tollere
399 3343 529 3410 exinde
552 3349 674 3428 partes
697 3343 801 3430 duas,
825 3347 861 3411 ct
886 3361 950 3410 nos
980 3343 1224 3428 suprascripta
1256 3343 1374 3410 maria
1397 3346 1434 3409 et
1457 3340 1603 3427 lupinus
1633 3343 1670 3408 et
1697 3341 1945 3410 constantinus
1966 3349 2108 3430 partem

251 3515 376 3584 unam,
399 3501 744 3584 quemmammodum
769 3501 928 3567 continet
952 3499 1027 3585 ipse
1051 3501 1286 3566 testamentus
1309 3497 1352 3564 de
1368 3496 1615 3602 suprascripta
1638 3515 1735 3566 anna
1758 3498 1970 3584 genitricem
1994 3503 2030 3568 et
2053 3517 2108 3566 sc·

248 3668 331 3719 cera
354 3656 461 3736 atque
485 3651 566 3720 avia
588 3655 724 3736 nostra,
748 3654 783 3718 et
799 3649 983 3717 divisimus
1007 3647 1096 3714 illud
1120 3651 1228 3734 caput
1253 3651 1365 3716 lixum
1389 3647 1432 3714 de
1457 3665 1543 3715 susu
1566 3648 1605 3714 in
1630 3647 1712 3712 iusu
1729 3644 1768 3732 ¹),
1786 3653 1825 3714 ut
1842 3647 1914 3715 iam
1931 3648 2105 3730 diximus

249 3806 286 3874 in
309 3811 384 3874 tres
398 3801 583 3892 portionis:
602 3805 645 3872 de
662 3807 737 3892 ipso
753 3825 775 3872 a
791 3809 894 3892 parte
910 3805 953 3872 de
977 3760 1133 3888 salerno,
1155 3803 1248 3868 sicut
1264 3799 1410 3886 limpido
1433 3801 1653 3869 demonstrat
1676 3801 1751 3887 ipse
1774 3806 1912 3870 cantus:
1938 3802 2106 3889 desupra

247 3960 455 4048 apartibus
478 3961 521 4029 de
545 3961 688 4030 salerno
711 3961 754 4029 de
777 3961 858 4047 ipsu
882 3960 1030 4026 buttaru
1047 3947 1074 4038 ²)
1091 3957 1128 4023 in
1153 3973 1238 4023 susu
1262 3973 1326 4041 per
1350 3955 1418 4041 ipsi
1442 3955 1614 4023 termines
1638 3955 1776 4040 fabriti‚
1795 3957 1835 4022 in
1859 3961 2034 4043 quantum
2051 3964 2105 4028 est

245 4114 351 4183 vinea
377 4131 486 4200 usque
509 4117 548 4181 at
571 4115 649 4199 ipsa
672 4111 778 4198 silva,
801 4117 838 4180 et
854 4129 927 4179 una
949 4129 1030 4178 cum
1054 4107 1214 4194 predicto
1237 4111 1384 4176 buttaru
1400 4111 1436 4177 61
1454 4107 1742 4194 ipsa-cirvinara
1758 4105 1786 4190 ³)
1802 4108 1844 4176 de
1860 4128 1969 4196 supra
1986 4109 2104 4197 ipsum

246 4271 436 4355 astragum
460 4267 503 4335 de
527 4268 685 4354 predicto
708 4269 903 4350 buttarum‚
930 4268 966 4332 61
987 4284 1009 4332 a
1033 4266 1157 4331 subtus
1180 4263 1294 4349 ipsum
1319 4263 1504 4332 buttarum
1528 4261 1568 4328 in
1591 4261 1672 4328 iusu
1696 4261 1799 4330 indat
1821 4281 1921 4330 mare
1946 4263 1998 4329 sic
2023 4264 2104 4330 lim-

244 4423 337 4510 pido,
362 4420 456 4490 sicut
478 4423 698 4492 demonstrat
723 4421 798 4506 ipse
832 4423 960 4488 cantus
984 4417 1027 4484 de
1051 4415 1133 4502 ipsu
1157 4417 1362 4500 buttarum‚
1387 4412 1449 4500 qui
1473 4417 1527 4482 est
1550 4413 1764 4481 coniunctus
1787 4433 1869 4480 curn
1893 4413 2009 4499 ipsum
2034 4435 2102 4502 pa·

244 4575 377 4646 rietem
400 4577 443 4645 de
468 4579 548 4664 ipsa
571 4595 756 4645 cammara
779 4574 936 4642 solarata
959 4588 1071 4658 usque
1095 4570 1133 4637 in
1158 4571 1236 4655 ipsa
1260 4565 1379 4653 sepale
1400 4567 1446 4636 da
1470 4584 1583 4653 mare,
1608 4569 1644 4633 et
1668 4566 1768 4636 indat
1791 4566 1957 4654 partibus
1981 4569 2026 4638 de
2043 4587 2101 4638 sa·

246 4729 349 4798 161116
374 4749 487 4818 usque
511 4731 550 4798 in
573 4732 682 4798 finem
704 4729 747 4797 de
771 4729 887 4814 ipsum
910 4726 1091 4812 pastinum
1115 4721 1157 4788 de
1185 4721 1348 4789 alferana
1372 4737 1547 4806 germana
1570 4721 1605 4787 et
1628 4725 1781 4806 cognata
1812 4724 1849 4790 et
1871 4721 1925 4790 tia
1948 4729 2099 4811 nostra;

251 4892 306 4957 set
332 4888 427 4956 inter
450 4891 518 4956 isto
542 4892 578 4955 et
602 4890 718 4974 ipsum
741 4885 922 4974 pastinum
947 4883 1017 4950 siat
1040 4881 1119 4967 ipsa
1140 4878 1200 4946 via
1223 4883 1262 4946 at
1284 4874 1351 4962 ipsi
1376 4874 1440 4946 alii
1464 4873 1595 4942 casalis
1620 4874 1662 4942 de
1687 4873 1763 4961 ipse
1787 4895 1958 4962 germane
1981 4885 2018 4948 et
2042 4900 2099 4949 co-

253 5047 362 5130 gnate
385 5043 507 5108 nostre
532 5043 567 5106 61
590 5039 632 5109 de
656 5040 734 5125 ipsa
757 5036 906 5106 ecclesia
929 5039 964 5102 et
987 5040 1025 5104 at
1049 5051 1158 5102 causa
1181 5035 1318 5116 nostra;
1343 5030 1386 5098 de
1410 5031 1477 5097 isto
1499 5031 1614 5096 totum
1638 5049 1720 5098 cuno
1736 5029 1853 5116 ipsum
1877 5032 2044 5102 balneum
2060 5043 2098 5103 et

246 5213 327 5274 cum
358 5199 549 5265 cannetum
574 5196 610 5262 et
633 5193 806 5278 sructura,
831 5197 866 5259 et
895 5191 1015 5258 omnia
1047 5187 1141 5256 intra
1173 5205 1210 5254 se
1242 5185 1453 5254 paventibus
1476 5187 1512 5250 et
1535 5185 1813 5271 pcrtinentibus,
1848 5185 1998 5254 fecimus
2023 5206 2103 5255 una

242 5417 687 5429 -ι--ι-ῲ--μ-ι--ι--ι

281 5564 303 5638 ¹)
328 5563 369 5623 de
390 5579 469 5622 susa
491 5563 529 5621 in
551 5561 637 5632 iuss,
663 5559 749 5619 idest
772 5563 927 5638 exparte
951 5553 1117 5635 superiori
1141 5557 1175 5612 et
1198 5551 1362 5612 interiori.

279 5699 302 5786 ²)
325 5708 470 5780 bortum,
495 5703 588 5768 locus
611 5705 669 5766 ubi
692 5704 780 5767 dolia
802 5703 948 5784 reposito
969 5709 1076 5764 erant.

278 5851 508 5932 ’16116166161
533 5850 608 5914 vide
632 5850 882 5914 cervinariam
906 5847 955 5908 Du
979 5847 1100 5923 Gange.
1161 5923 1162 5926 Ἴ
