5376 7104
1008 547 1415 625 DIPLOMATICUS
2021 551 2091 624 289

278 772 330 840 ibi
355 771 532 843 faciamus
556 773 592 840 et
614 769 825 842 edifikemus
849 773 888 842 in
911 790 1018 842 onore
1040 775 1157 844 sancti
1179 776 1311 864 enutri,
1327 779 1365 846 et
1387 779 1577 846 monachos
1594 775 1640 845 ad
1656 775 1733 862 ipsa
1750 774 1901 844 ecclesia
1918 779 2136 864 congreche·

279 941 371 1012 mm,
394 927 432 992 et
456 923 497 990 in
521 924 600 1011 ipsa
626 922 777 993 ecclesia
801 923 852 991 ibi
875 923 1070 993 efficiemus
1093 929 1129 994 et
1152 927 1311 998 officiare
1334 923 1523 1018 faciamus,
1547 929 1705 1015 qualiter
1721 929 1908 1015 meruerit3
1925 931 1962 996 et
1980 928 2140 998 sitalem

279 1095 425 1148 causam
450 1077 489 1145 in
514 1076 593 1164 ipsa
617 1076 768 1148 ecclesia
792 1077 1000 1166 introierit,
1026 1079 1072 1148 ud
1094 1087 1344 1157 ornamentum
1367 1084 1415 1152 sit
1438 1083 1481 1153 do
1505 1087 1585 1171 ipsa
1608 1083 1782 1170 ecclesia,
1806 1100 1944 1168 semper
1974 1081 2070 1152 siant
2095 1083 2135 1152 in

279 1233 357 1318 ipsa
382 1229 586 1314 ecclesiam,
611 1229 664 1298 ita
687 1233 729 1298 ut
751 1232 928 1316 quantum
952 1230 1109 1300 frudium
1134 1234 1266 1302 exierit
1288 1234 1331 1302 de
1355 1240 1426 1304 tote
1449 1239 1486 1304 et
1508 1235 1632 1304 inclite
1655 1236 1731 1322 ipse
1753 1236 1874 1321 terrio,
1891 1238 1927 1303 et
1954 1232 2070 1302 omnis
2086 1233 2140 1302 ri-

278 1402 366 1452 num
390 1403 499 1471 quarn
523 1385 575 1453 ibi
599 1384 802 1472 fecerimus
826 1387 941 1452 totum
965 1390 1086 1455 nostre
1108 1387 1181 1456 sint
1203 1391 1392 1475 potestatis
1415 1391 1540 1458 diebus
1565 1391 1639 1458 vite
1663 1408 1739 1458 mee
1752 1437 1762 1476 ‚
1786 1389 1990 1458 faciendum
2012 1407 2079 1477 ego
2103 1391 2140 1458 et

283 1539 468 1608 ominibus
492 1538 581 1607 meis
605 1557 674 1625 que
698 1539 749 1608 ibi
772 1540 990 1627 miserimus
1014 1539 1227 1628 omniaque
1252 1543 1495 1630 boluerimuS‚
1518 1548 1553 1613 et
1576 1541 1716 1612 nullam
1739 1542 1870 1610 exinde
1894 1542 1969 1629 ipse
1997 1541 2141 1612 altanus

278 1697 315 1762 et
337 1693 446 1762 lando
470 1696 601 1780 nepote
625 1711 688 1762 suo
711 1693 844 1762 exinde
868 1693 1004 1780 querad
1021 1694 1163 1763 tollere:
1180 1699 1321 1765 tantum
1337 1696 1384 1766 da
1401 1700 1558 1784 tempum
1576 1696 1615 1764 in
1631 1699 1738 1766 antea
1752 1695 1847 1763 omni
1867 1698 2038 1784 tempore,
2055 1697 2140 1766 dum

278 1864 345 1934 ego
367 1847 470 1915 vibus
493 1847 608 1936 suero,
633 1847 755 1914 demus
779 1848 892 1934 ipsius
917 1846 1029 1916 alfani
1056 1846 1176 1916 comiti
1201 1852 1237 1916 et
1260 1848 1407 1916 landoni
1432 1848 1553 1934 nepoti
1578 1865 1642 1916 suo
1666 1866 1831 1935 censum,
1854 1847 2010 1934 qualiter
2037 1848 2138 1920 suliti

278 2005 364 2070 sunt
387 2001 475 2072 dare
500 2001 622 2071 abbati
646 2000 689 2068 dc
713 2005 838 2070 sancta
860 2001 978 2070 maria
1002 2001 1046 2070 de
1069 2001 1135 2088 ipsi
1161 2001 1308 2089 veniali,
1333 2003 1378 2072 ad
1402 2003 1461 2072 die
1484 2021 1570 2082 vero
1591 2001 1678 2070 obiti
1695 2003 1785 2070 meis
1801 2003 1920 2072 omnia
1936 2021 2016 2071 mea
2031 2021 2139 2076 carisa

278 2154 506 2224 medietatem
529 2155 625 2224 siant
648 2155 688 2223 in
713 2155 792 2242 ipsa
814 2153 981 2242 ecclesia,
1007 2153 1147 2242 reliqua
1171 2157 1249 2242 ipsa
1273 2155 1348 2224 alia
1371 2155 1597 2225 medietatem
1619 2157 1830 2240 potestatem
1853 2158 2025 2224 abeamus
2050 2156 2138 2226 dare

278 2327 343 2395 pro
366 2309 488 2377 anima
511 2326 620 2395 mea;
645 2312 681 2378 ct
705 2309 830 2378 amodo
853 2315 889 2378 et
911 2309 996 2377 dum
1019 2313 1172 2397 parutus
1195 2310 1257 2395 sit,
1282 2311 1324 2376 ut
1338 2309 1406 2396 ipsi
1422 2309 1563 2378 alfanus
1580 2326 1697 2376 comes
1713 2313 1749 2376 et
1766 2308 1872 2396 tando
1888 2310 2047 2396 predicte
2065 2314 2138 2380 ter-

278 2461 331 2529 ris
353 2463 511 2530 tenuerit
534 2481 597 2531 sne
620 2463 806 2549 potestatis
829 2463 876 2531 da
899 2480 984 2548 pars
1007 2461 1150 2550 palatii,
1176 2461 1250 2529 illis
1273 2466 1395 2530 autem
1417 2462 1621 2532 defensaret
1645 2459 1757 2528 michi
1780 2465 1816 2529 et
1839 2462 1885 2530 ad
1909 2463 1979 2548 ipsi
2002 2465 2135 2534 omini·

282 2617 363 2704 bus,
386 2635 455 2703 que
479 2615 530 2684 ibi
553 2615 769 2704 miserimus
793 2617 954 2704 predicta
976 2615 1191 2685 tradictione
1215 2634 1278 2702 per
1302 2614 1504 2702 supradicte
1528 2615 1623 2702 finis,
1641 2633 1724 2682 cum
1746 2615 1823 2683 rice
1846 2615 1889 2684 de
1913 2616 1973 2684 via
1990 2635 2069 2704 sua,
2089 2617 2136 2690 da

279 2789 402 2840 omnes
425 2772 560 2840 omines
583 2774 750 2860 omnique
774 2772 950 2861 partibus,
976 2776 1011 2840 et
1034 2788 1106 2838 non
1129 2770 1201 2838 illis
1223 2769 1347 2838 tollere
1370 2773 1433 2838 aut
1456 2773 1622 2838 contrare
1646 2769 1769 2837 diebus
1793 2768 1866 2836 vite
1890 2788 1980 2839 mee.
1999 2770 2042 2840 de
2059 2791 2134 2859 qua

218 2996 221 3000 .
285 2946 349 3014 per
372 2930 465 2996 bona
488 2927 749 2997 comuenientia
772 2926 908 3014 guadia
932 2925 1042 2993 michi
1066 2926 1142 3012 ipse
1164 2942 1296 2993 manno
1319 2925 1399 2994 dedi
1423 2944 1487 3012 pro
1510 2943 1595 3011 pars
1618 2924 1660 2992 de
1686 2925 1802 3011 ipsum
1825 2927 1969 2995 alfanus
1991 2931 2028 2996 et
2052 2927 2131 2996 lan-

278 3079 323 3147 do
336 3130 347 3168 ‚
371 3084 407 3148 et
431 3080 663 3149 mediatorem
685 3079 795 3148 michi
819 3078 938 3166 posuit
961 3079 1108 3150 ioannes
1131 3078 1228 3146 filius
1251 3077 1429 3165 quondam
1454 3077 1578 3146 ioanni
1603 3075 1742 3168 iudici,
1767 3081 1815 3148 ud
1839 3081 1868 3148 si
1894 3079 2020 3150 taliter
2051 3100 2136 3167 que-

279 3233 530 3322 mammodum,
555 3235 602 3302 ud
625 3234 902 3321 supertegitur,
927 3232 1058 3301 exinde
1080 3231 1253 3319 quesierit
1277 3235 1458 3301 remoberc
1483 3235 1547 3302 aut
1569 3238 1749 3323 contram,
1766 3235 1860 3304 etde
1876 3237 2124 3324 suprascripta

279 3389 410 3461 exinde
433 3388 710 3475 contradixerit,
732 3406 795 3474 per
819 3389 914 3455 bona
938 3384 1199 3456 eomvenientia
1222 3405 1285 3472 per
1309 3387 1389 3474 ipsa
1411 3388 1549 3474 guadia
1574 3389 1747 3477 obligavit
1764 3407 1801 3458 se
1816 3391 1892 3478 ipso
1915 3389 2061 3460 alfanus
2078 3409 2134 3460 co·

276 3560 351 3612 mes
373 3541 530 3630 triginta
553 3541 637 3610 auri
659 3540 788 3609 solidos
812 3539 1068 3627 constantines,
1094 3539 1186 3626 quod
1210 3537 1338 3626 scripsi
1362 3557 1427 3627 ego
1452 3539 1616 3611 alderissi
1639 3543 1812 3612 notarius,

327 3669 358 3784 †
381 3698 457 3786 Ego
480 3696 539 3786 qui
566 3714 675 3783 supra
697 3694 855 3764 alfanus,
