<?xml version="1.0" encoding="UTF-8"?>
<!DOCTYPE html PUBLIC "-//W3C//DTD XHTML 1.0 Transitional//EN"
    "http://www.w3.org/TR/xhtml1/DTD/xhtml1-transitional.dtd">
<html xmlns="http://www.w3.org/1999/xhtml" xml:lang="en" lang="en">
 <head>
  <title>
</title>
<meta http-equiv="Content-Type" content="text/html;charset=utf-8" />
  <meta name='ocr-system' content='tesseract 3.04.00' />
  <meta name='ocr-capabilities' content='ocr_page ocr_carea ocr_par ocr_line ocrx_word'/>
</head>
<body>
  <div class='ocr_page' id='page_1' title='image "./codexdiplomatic05aragoog_0202.png"; bbox 0 0 5334 7098; ppageno 0'>
   <div class='ocr_carea' id='block_1_1' title="bbox 995 545 2071 636">
    <p class='ocr_par' dir='ltr' id='par_1_1' title="bbox 995 545 2071 636">
     <span class='ocr_line' id='line_1_1' title="bbox 995 545 2071 636; baseline 0.004 -20"><span class='ocrx_word' id='word_1_1' title='bbox 995 545 1405 620; x_wconf 77' lang='lat' dir='ltr'><strong>ulruomlrlcbs</strong></span> <span class='ocrx_word' id='word_1_2' title='bbox 1451 631 1453 636; x_wconf 23' lang='lat'>¹</span> <span class='ocrx_word' id='word_1_3' title='bbox 2008 549 2071 620; x_wconf 77' lang='lat' dir='ltr'><strong>lot</strong></span> 
     </span>
    </p>
   </div>
   <div class='ocr_carea' id='block_1_2' title="bbox 271 771 2124 1774">
    <p class='ocr_par' dir='ltr' id='par_1_2' title="bbox 271 771 2124 1774">
     <span class='ocr_line' id='line_1_2' title="bbox 272 771 2123 859; baseline 0.001 -21"><span class='ocrx_word' id='word_1_4' title='bbox 272 788 337 839; x_wconf 85' lang='lat' dir='ltr'><strong>suo</strong></span> <span class='ocrx_word' id='word_1_5' title='bbox 361 772 599 858; x_wconf 88' lang='lat' dir='ltr'><strong>compreensit</strong></span> <span class='ocrx_word' id='word_1_6' title='bbox 622 791 645 840; x_wconf 90' lang='lat' dir='ltr'><strong>a</strong></span> <span class='ocrx_word' id='word_1_7' title='bbox 668 772 830 857; x_wconf 88' lang='lat' dir='ltr'><strong>partibus</strong></span> <span class='ocrx_word' id='word_1_8' title='bbox 835 823 1016 838; x_wconf 92' lang='grc'><strong>.......</strong></span> <span class='ocrx_word' id='word_1_9' title='bbox 1041 791 1104 858; x_wconf 91' lang='lat' dir='ltr'><strong>per</strong></span> <span class='ocrx_word' id='word_1_10' title='bbox 1127 775 1193 841; x_wconf 90' lang='lat' dir='ltr'><strong>hec</strong></span> <span class='ocrx_word' id='word_1_11' title='bbox 1216 772 1300 840; x_wconf 87' lang='lat' dir='ltr'><strong>linis</strong></span> <span class='ocrx_word' id='word_1_12' title='bbox 1323 777 1358 840; x_wconf 91' lang='lat' dir='ltr'><strong>et</strong></span> <span class='ocrx_word' id='word_1_13' title='bbox 1380 774 1571 841; x_wconf 85' lang='lat' dir='ltr'><strong>mensurio:</strong></span> <span class='ocrx_word' id='word_1_14' title='bbox 1596 792 1619 842; x_wconf 87' lang='lat' dir='ltr'><strong>a</strong></span> <span class='ocrx_word' id='word_1_15' title='bbox 1643 776 1747 859; x_wconf 91' lang='lat' dir='ltr'><strong>parte</strong></span> <span class='ocrx_word' id='word_1_16' title='bbox 1763 771 1910 842; x_wconf 88' lang='lat' dir='ltr'><strong>meridie</strong></span> <span class='ocrx_word' id='word_1_17' title='bbox 1935 771 2005 840; x_wconf 88' lang='lat' dir='ltr'><strong>fine</strong></span> <span class='ocrx_word' id='word_1_18' title='bbox 2030 773 2123 842; x_wconf 90' lang='lat' dir='ltr'><strong>sicut</strong></span> 
     </span>
     <span class='ocr_line' id='line_1_3' title="bbox 272 922 2123 1011; baseline 0.002 -22"><span class='ocrx_word' id='word_1_19' title='bbox 272 922 388 992; x_wconf 91' lang='lat' dir='ltr'><strong>limite</strong></span> <span class='ocrx_word' id='word_1_20' title='bbox 411 923 595 1009; x_wconf 88' lang='lat' dir='ltr'><strong>discernit,</strong></span> <span class='ocrx_word' id='word_1_21' title='bbox 620 925 703 992; x_wconf 90' lang='lat' dir='ltr'><strong>inde</strong></span> <span class='ocrx_word' id='word_1_22' title='bbox 726 925 821 1010; x_wconf 87' lang='lat' dir='ltr'><strong>passi</strong></span> <span class='ocrx_word' id='word_1_23' title='bbox 844 924 999 1011; x_wconf 90' lang='lat' dir='ltr'><strong>triginta</strong></span> <span class='ocrx_word' id='word_1_24' title='bbox 1023 925 1180 1010; x_wconf 90' lang='lat' dir='ltr'><strong>quinque</strong></span> <span class='ocrx_word' id='word_1_25' title='bbox 1196 930 1231 993; x_wconf 93' lang='lat' dir='ltr'><strong>et</strong></span> <span class='ocrx_word' id='word_1_26' title='bbox 1247 925 1433 993; x_wconf 86' lang='lat' dir='ltr'><strong>summisse</strong></span> <span class='ocrx_word' id='word_1_27' title='bbox 1451 943 1573 993; x_wconf 91' lang='lat' dir='ltr'><strong>unum:</strong></span> <span class='ocrx_word' id='word_1_28' title='bbox 1592 929 1731 1011; x_wconf 88' lang='lat' dir='ltr'><strong>aparte</strong></span> <span class='ocrx_word' id='word_1_29' title='bbox 1755 925 1905 993; x_wconf 88' lang='lat' dir='ltr'><strong>orientis</strong></span> <span class='ocrx_word' id='word_1_30' title='bbox 1930 925 2001 991; x_wconf 86' lang='lat' dir='ltr'><strong>flue</strong></span> <span class='ocrx_word' id='word_1_31' title='bbox 2027 925 2123 993; x_wconf 89' lang='lat' dir='ltr'><strong>sicut</strong></span> 
     </span>
     <span class='ocr_line' id='line_1_4' title="bbox 271 1076 2118 1166; baseline 0.001 -22"><span class='ocrx_word' id='word_1_32' title='bbox 271 1077 507 1144; x_wconf 87' lang='lat' dir='ltr'><strong>terminatum</strong></span> <span class='ocrx_word' id='word_1_33' title='bbox 531 1080 599 1163; x_wconf 92' lang='lat' dir='ltr'><strong>est,</strong></span> <span class='ocrx_word' id='word_1_34' title='bbox 623 1077 706 1148; x_wconf 87' lang='lat' dir='ltr'><strong>inde</strong></span> <span class='ocrx_word' id='word_1_35' title='bbox 728 1076 824 1163; x_wconf 89' lang='lat' dir='ltr'><strong>passi</strong></span> <span class='ocrx_word' id='word_1_36' title='bbox 848 1076 1002 1164; x_wconf 87' lang='lat' dir='ltr'><strong>triginta</strong></span> <span class='ocrx_word' id='word_1_37' title='bbox 1026 1095 1091 1144; x_wconf 80' lang='lat' dir='ltr'><strong>sex</strong></span> <span class='ocrx_word' id='word_1_38' title='bbox 1114 1082 1149 1144; x_wconf 90' lang='lat' dir='ltr'><strong>et</strong></span> <span class='ocrx_word' id='word_1_39' title='bbox 1173 1077 1357 1146; x_wconf 83' lang='lat' dir='ltr'>summisse</span> <span class='ocrx_word' id='word_1_40' title='bbox 1382 1098 1504 1147; x_wconf 89' lang='lat' dir='ltr'><strong>unum:</strong></span> <span class='ocrx_word' id='word_1_41' title='bbox 1523 1082 1558 1148; x_wconf 90' lang='lat' dir='ltr'><strong>et</strong></span> <span class='ocrx_word' id='word_1_42' title='bbox 1574 1079 1620 1148; x_wconf 89' lang='lat' dir='ltr'><strong>da</strong></span> <span class='ocrx_word' id='word_1_43' title='bbox 1635 1084 1738 1166; x_wconf 85' lang='lat' dir='ltr'><strong>parte</strong></span> <span class='ocrx_word' id='word_1_44' title='bbox 1761 1077 2026 1165; x_wconf 79' lang='lat' dir='ltr'><strong>septemtrionis</strong></span> <span class='ocrx_word' id='word_1_45' title='bbox 2046 1079 2118 1147; x_wconf 87' lang='lat' dir='ltr'><strong>fine</strong></span> 
     </span>
     <span class='ocr_line' id='line_1_5' title="bbox 273 1227 2116 1317; baseline 0.001 -23"><span class='ocrx_word' id='word_1_46' title='bbox 273 1229 367 1296; x_wconf 89' lang='lat' dir='ltr'><strong>sicut</strong></span> <span class='ocrx_word' id='word_1_47' title='bbox 391 1227 509 1296; x_wconf 89' lang='lat' dir='ltr'><strong>medio</strong></span> <span class='ocrx_word' id='word_1_48' title='bbox 532 1230 678 1297; x_wconf 84' lang='lat' dir='ltr'><strong>rofaneo</strong></span> <span class='ocrx_word' id='word_1_49' title='bbox 700 1227 887 1315; x_wconf 89' lang='lat' dir='ltr'><strong>discernit,</strong></span> <span class='ocrx_word' id='word_1_50' title='bbox 912 1227 994 1296; x_wconf 88' lang='lat' dir='ltr'><strong>inde</strong></span> <span class='ocrx_word' id='word_1_51' title='bbox 1017 1229 1111 1316; x_wconf 88' lang='lat' dir='ltr'><strong>passi</strong></span> <span class='ocrx_word' id='word_1_52' title='bbox 1136 1229 1267 1317; x_wconf 87' lang='lat' dir='ltr'><strong>biginti</strong></span> <span class='ocrx_word' id='word_1_53' title='bbox 1292 1230 1469 1315; x_wconf 89' lang='lat' dir='ltr'><strong>quadtuor</strong></span> <span class='ocrx_word' id='word_1_54' title='bbox 1492 1233 1529 1300; x_wconf 92' lang='lat' dir='ltr'><strong>et</strong></span> <span class='ocrx_word' id='word_1_55' title='bbox 1552 1231 1706 1299; x_wconf 88' lang='lat' dir='ltr'><strong>medium</strong></span> <span class='ocrx_word' id='word_1_56' title='bbox 1730 1249 1873 1317; x_wconf 88' lang='lat' dir='ltr'><strong>passum</strong></span> <span class='ocrx_word' id='word_1_57' title='bbox 1896 1233 1932 1298; x_wconf 92' lang='lat' dir='ltr'><strong>et</strong></span> <span class='ocrx_word' id='word_1_58' title='bbox 1947 1229 2116 1316; x_wconf 89' lang='lat' dir='ltr'><strong>palmum:</strong></span> 
     </span>
     <span class='ocr_line' id='line_1_6' title="bbox 272 1379 2123 1469; baseline 0.001 -22"><span class='ocrx_word' id='word_1_59' title='bbox 272 1401 294 1447; x_wconf 88' lang='lat' dir='ltr'><strong>a</strong></span> <span class='ocrx_word' id='word_1_60' title='bbox 317 1385 420 1466; x_wconf 89' lang='lat' dir='ltr'><strong>parte</strong></span> <span class='ocrx_word' id='word_1_61' title='bbox 444 1380 638 1448; x_wconf 88' lang='lat' dir='ltr'><strong>occidentis</strong></span> <span class='ocrx_word' id='word_1_62' title='bbox 661 1381 732 1448; x_wconf 84' lang='lat' dir='ltr'><strong>fine</strong></span> <span class='ocrx_word' id='word_1_63' title='bbox 756 1381 911 1448; x_wconf 91' lang='lat' dir='ltr'><strong>sortione</strong></span> <span class='ocrx_word' id='word_1_64' title='bbox 926 1400 1004 1448; x_wconf 91' lang='lat' dir='ltr'><strong>mea</strong></span> <span class='ocrx_word' id='word_1_65' title='bbox 1021 1381 1114 1467; x_wconf 89' lang='lat' dir='ltr'><strong>quod</strong></span> <span class='ocrx_word' id='word_1_66' title='bbox 1137 1399 1203 1467; x_wconf 83' lang='lat' dir='ltr'><strong>ego</strong></span> <span class='ocrx_word' id='word_1_67' title='bbox 1227 1382 1476 1469; x_wconf 87' lang='lat' dir='ltr'><strong>compreensit,</strong></span> <span class='ocrx_word' id='word_1_68' title='bbox 1492 1382 1585 1450; x_wconf 91' lang='lat' dir='ltr'><strong>sicnt</strong></span> <span class='ocrx_word' id='word_1_69' title='bbox 1601 1381 1832 1450; x_wconf 88' lang='lat' dir='ltr'><strong>terminatum</strong></span> <span class='ocrx_word' id='word_1_70' title='bbox 1847 1385 1914 1466; x_wconf 91' lang='lat' dir='ltr'><strong>est,</strong></span> <span class='ocrx_word' id='word_1_71' title='bbox 1931 1379 2014 1450; x_wconf 88' lang='lat' dir='ltr'><strong>inde</strong></span> <span class='ocrx_word' id='word_1_72' title='bbox 2030 1383 2123 1468; x_wconf 89' lang='lat' dir='ltr'><strong>passi</strong></span> 
     </span>
     <span class='ocr_line' id='line_1_7' title="bbox 273 1533 2124 1623; baseline 0.001 -22"><span class='ocrx_word' id='word_1_73' title='bbox 273 1533 428 1621; x_wconf 85' lang='lat' dir='ltr'><strong>triginta</strong></span> <span class='ocrx_word' id='word_1_74' title='bbox 453 1537 579 1603; x_wconf 90' lang='lat' dir='ltr'><strong>nobem</strong></span> <span class='ocrx_word' id='word_1_75' title='bbox 603 1535 725 1602; x_wconf 88' lang='lat' dir='ltr'><strong>minus</strong></span> <span class='ocrx_word' id='word_1_76' title='bbox 749 1533 907 1620; x_wconf 90' lang='lat' dir='ltr'><strong>palmum</strong></span> <span class='ocrx_word' id='word_1_77' title='bbox 932 1552 1055 1618; x_wconf 92' lang='lat' dir='ltr'><strong>unum,</strong></span> <span class='ocrx_word' id='word_1_78' title='bbox 1072 1537 1107 1602; x_wconf 92' lang='lat' dir='ltr'><strong>et</strong></span> <span class='ocrx_word' id='word_1_79' title='bbox 1123 1534 1226 1619; x_wconf 83' lang='lat' dir='ltr'><strong>quasi</strong></span> <span class='ocrx_word' id='word_1_80' title='bbox 1243 1535 1281 1602; x_wconf 93' lang='lat' dir='ltr'><strong>in</strong></span> <span class='ocrx_word' id='word_1_81' title='bbox 1298 1535 1454 1603; x_wconf 91' lang='lat' dir='ltr'><strong>medium</strong></span> <span class='ocrx_word' id='word_1_82' title='bbox 1479 1555 1541 1623; x_wconf 91' lang='lat' dir='ltr'><strong>per</strong></span> <span class='ocrx_word' id='word_1_83' title='bbox 1565 1538 1766 1605; x_wconf 88' lang='lat' dir='ltr'><strong>trabersum</strong></span> <span class='ocrx_word' id='word_1_84' title='bbox 1789 1535 1831 1602; x_wconf 88' lang='lat' dir='ltr'><strong>de</strong></span> <span class='ocrx_word' id='word_1_85' title='bbox 1855 1534 2009 1602; x_wconf 90' lang='lat' dir='ltr'><strong>latitudo</strong></span> <span class='ocrx_word' id='word_1_86' title='bbox 2026 1537 2124 1621; x_wconf 89' lang='lat' dir='ltr'><strong>passi</strong></span> 
     </span>
     <span class='ocr_line' id='line_1_8' title="bbox 273 1651 2124 1774; baseline 0.002 -24"><span class='ocrx_word' id='word_1_87' title='bbox 273 1651 431 1772; x_wconf 78' lang='lat' dir='ltr'><strong>triginta</strong></span> <span class='ocrx_word' id='word_1_88' title='bbox 454 1687 632 1774; x_wconf 90' lang='lat' dir='ltr'><strong>quadtuor</strong></span> <span class='ocrx_word' id='word_1_89' title='bbox 656 1691 691 1755; x_wconf 91' lang='lat' dir='ltr'><strong>et</strong></span> <span class='ocrx_word' id='word_1_90' title='bbox 714 1686 837 1773; x_wconf 90' lang='lat' dir='ltr'><strong>pedem</strong></span> <span class='ocrx_word' id='word_1_91' title='bbox 862 1706 985 1773; x_wconf 89' lang='lat' dir='ltr'><strong>unum,</strong></span> <span class='ocrx_word' id='word_1_92' title='bbox 1009 1691 1121 1754; x_wconf 91' lang='lat' dir='ltr'><strong>totum</strong></span> <span class='ocrx_word' id='word_1_93' title='bbox 1139 1685 1184 1754; x_wconf 89' lang='lat' dir='ltr'><strong>ad</strong></span> <span class='ocrx_word' id='word_1_94' title='bbox 1200 1687 1292 1756; x_wconf 87' lang='lat' dir='ltr'><strong>iusto</strong></span> <span class='ocrx_word' id='word_1_95' title='bbox 1315 1705 1458 1772; x_wconf 89' lang='lat' dir='ltr'><strong>passum</strong></span> <span class='ocrx_word' id='word_1_96' title='bbox 1483 1686 1619 1754; x_wconf 89' lang='lat' dir='ltr'><strong>homini</strong></span> <span class='ocrx_word' id='word_1_97' title='bbox 1643 1689 1904 1773; x_wconf 90' lang='lat' dir='ltr'><strong>mensuratum;</strong></span> <span class='ocrx_word' id='word_1_98' title='bbox 1921 1706 1984 1773; x_wconf 92' lang='lat' dir='ltr'><strong>per</strong></span> <span class='ocrx_word' id='word_1_99' title='bbox 2000 1705 2124 1773; x_wconf 90' lang='lat' dir='ltr'><strong>supra-</strong></span> 
     </span>
    </p>
   </div>
   <div class='ocr_carea' id='block_1_3' title="bbox 275 1837 2128 1928">
    <p class='ocr_par' dir='ltr' id='par_1_3' title="bbox 275 1837 2128 1928">
     <span class='ocr_line' id='line_1_9' title="bbox 275 1837 2128 1928; baseline 0.001 -24"><span class='ocrx_word' id='word_1_100' title='bbox 275 1837 368 1908; x_wconf 84' lang='lat' dir='ltr'><strong>dicte</strong></span> <span class='ocrx_word' id='word_1_101' title='bbox 392 1842 476 1909; x_wconf 88' lang='lat' dir='ltr'><strong>finis</strong></span> <span class='ocrx_word' id='word_1_102' title='bbox 500 1847 536 1910; x_wconf 87' lang='lat' dir='ltr'><strong>et</strong></span> <span class='ocrx_word' id='word_1_103' title='bbox 559 1843 737 1910; x_wconf 84' lang='lat' dir='ltr'><strong>mensuris</strong></span> <span class='ocrx_word' id='word_1_104' title='bbox 761 1845 873 1908; x_wconf 92' lang='lat' dir='ltr'><strong>totum</strong></span> <span class='ocrx_word' id='word_1_105' title='bbox 897 1843 932 1906; x_wconf 87' lang='lat' dir='ltr'><strong>et</strong></span> <span class='ocrx_word' id='word_1_106' title='bbox 955 1839 1118 1907; x_wconf 91' lang='lat' dir='ltr'><strong>inclitum</strong></span> <span class='ocrx_word' id='word_1_107' title='bbox 1142 1861 1223 1908; x_wconf 92' lang='lat' dir='ltr'><strong>cum</strong></span> <span class='ocrx_word' id='word_1_108' title='bbox 1247 1841 1368 1909; x_wconf 90' lang='lat' dir='ltr'><strong>omnia</strong></span> <span class='ocrx_word' id='word_1_109' title='bbox 1391 1841 1487 1910; x_wconf 85' lang='lat' dir='ltr'><strong>infra</strong></span> <span class='ocrx_word' id='word_1_110' title='bbox 1504 1859 1540 1908; x_wconf 88' lang='lat' dir='ltr'><strong>se</strong></span> <span class='ocrx_word' id='word_1_111' title='bbox 1564 1843 1779 1910; x_wconf 78' lang='lat' dir='ltr'><strong>habentibus</strong></span> <span class='ocrx_word' id='word_1_112' title='bbox 1795 1844 1830 1908; x_wconf 90' lang='lat' dir='ltr'><strong>et</strong></span> <span class='ocrx_word' id='word_1_113' title='bbox 1846 1841 1921 1907; x_wconf 88' lang='lat' dir='ltr'><strong>suis</strong></span> <span class='ocrx_word' id='word_1_114' title='bbox 1944 1839 2128 1928; x_wconf 89' lang='lat' dir='ltr'><strong>pertinen·</strong></span> 
     </span>
    </p>
   </div>
   <div class='ocr_carea' id='block_1_4' title="bbox 277 1985 2129 2084">
    <p class='ocr_par' dir='ltr' id='par_1_4' title="bbox 277 1985 2129 2084">
     <span class='ocr_line' id='line_1_10' title="bbox 277 1985 2129 2084; baseline 0.001 -25"><span class='ocrx_word' id='word_1_115' title='bbox 277 1993 337 2063; x_wconf 90' lang='lat' dir='ltr'><strong>tiis</strong></span> <span class='ocrx_word' id='word_1_116' title='bbox 359 2002 395 2065; x_wconf 89' lang='lat' dir='ltr'><strong>et</strong></span> <span class='ocrx_word' id='word_1_117' title='bbox 419 2016 500 2065; x_wconf 91' lang='lat' dir='ltr'><strong>cum</strong></span> <span class='ocrx_word' id='word_1_118' title='bbox 523 2000 602 2068; x_wconf 89' lang='lat' dir='ltr'><strong>bice</strong></span> <span class='ocrx_word' id='word_1_119' title='bbox 625 1999 667 2068; x_wconf 90' lang='lat' dir='ltr'><strong>de</strong></span> <span class='ocrx_word' id='word_1_120' title='bbox 692 1999 753 2068; x_wconf 90' lang='lat' dir='ltr'><strong>bia</strong></span> <span class='ocrx_word' id='word_1_121' title='bbox 776 2017 853 2084; x_wconf 89' lang='lat' dir='ltr'><strong>sua,</strong></span> <span class='ocrx_word' id='word_1_122' title='bbox 878 1999 970 2066; x_wconf 89' lang='lat' dir='ltr'><strong>sicut</strong></span> <span class='ocrx_word' id='word_1_123' title='bbox 993 1998 1162 2082; x_wconf 85' lang='lat' dir='ltr'><strong>diximus,</strong></span> <span class='ocrx_word' id='word_1_124' title='bbox 1185 1995 1261 2081; x_wconf 89' lang='lat' dir='ltr'><strong>ipse</strong></span> <span class='ocrx_word' id='word_1_125' title='bbox 1283 1997 1407 2081; x_wconf 89' lang='lat' dir='ltr'><strong>petrus</strong></span> <span class='ocrx_word' id='word_1_126' title='bbox 1427 1985 1676 2082; x_wconf 87' lang='lat' dir='ltr'><strong>compreensit,</strong></span> <span class='ocrx_word' id='word_1_127' title='bbox 1692 1999 1728 2062; x_wconf 90' lang='lat' dir='ltr'><strong>et</strong></span> <span class='ocrx_word' id='word_1_128' title='bbox 1745 2012 1809 2083; x_wconf 85' lang='lat' dir='ltr'><strong>ego</strong></span> <span class='ocrx_word' id='word_1_129' title='bbox 1833 1994 2025 2063; x_wconf 90' lang='lat' dir='ltr'><strong>iamdictus</strong></span> <span class='ocrx_word' id='word_1_130' title='bbox 2044 2011 2129 2061; x_wconf 89' lang='lat' dir='ltr'><strong>urso</strong></span> 
     </span>
    </p>
   </div>
   <div class='ocr_carea' id='block_1_5' title="bbox 276 2147 2133 5610">
    <p class='ocr_par' dir='ltr' id='par_1_5' title="bbox 276 2147 2133 5610">
     <span class='ocr_line' id='line_1_11' title="bbox 276 2147 2126 2239; baseline 0.001 -27"><span class='ocrx_word' id='word_1_131' title='bbox 276 2153 512 2235; x_wconf 89' lang='lat' dir='ltr'><strong>compreensit</strong></span> <span class='ocrx_word' id='word_1_132' title='bbox 536 2155 575 2220; x_wconf 93' lang='lat' dir='ltr'><strong>in</strong></span> <span class='ocrx_word' id='word_1_133' title='bbox 598 2173 678 2221; x_wconf 90' lang='lat' dir='ltr'><strong>mea</strong></span> <span class='ocrx_word' id='word_1_134' title='bbox 702 2157 796 2221; x_wconf 90' lang='lat' dir='ltr'><strong>sorte</strong></span> <span class='ocrx_word' id='word_1_135' title='bbox 819 2154 859 2220; x_wconf 92' lang='lat' dir='ltr'><strong>in</strong></span> <span class='ocrx_word' id='word_1_136' title='bbox 881 2157 983 2239; x_wconf 90' lang='lat' dir='ltr'><strong>parte</strong></span> <span class='ocrx_word' id='word_1_137' title='bbox 1007 2151 1199 2219; x_wconf 91' lang='lat' dir='ltr'><strong>occidentis</strong></span> <span class='ocrx_word' id='word_1_138' title='bbox 1229 2170 1292 2236; x_wconf 90' lang='lat' dir='ltr'><strong>per</strong></span> <span class='ocrx_word' id='word_1_139' title='bbox 1316 2153 1381 2217; x_wconf 91' lang='lat' dir='ltr'><strong>hec</strong></span> <span class='ocrx_word' id='word_1_140' title='bbox 1404 2150 1487 2219; x_wconf 87' lang='lat' dir='ltr'><strong>linis</strong></span> <span class='ocrx_word' id='word_1_141' title='bbox 1510 2155 1545 2217; x_wconf 93' lang='lat' dir='ltr'><strong>et</strong></span> <span class='ocrx_word' id='word_1_142' title='bbox 1568 2151 1774 2217; x_wconf 90' lang='lat' dir='ltr'><strong>mensurie:</strong></span> <span class='ocrx_word' id='word_1_143' title='bbox 1800 2169 1823 2216; x_wconf 88' lang='lat' dir='ltr'><strong>a</strong></span> <span class='ocrx_word' id='word_1_144' title='bbox 1846 2153 1948 2235; x_wconf 91' lang='lat' dir='ltr'><strong>parte</strong></span> <span class='ocrx_word' id='word_1_145' title='bbox 1975 2147 2126 2214; x_wconf 88' lang='lat' dir='ltr'><strong>meridie</strong></span> 
     </span>
     <span class='ocr_line' id='line_1_12' title="bbox 277 2298 2133 2392; baseline 0.002 -26"><span class='ocrx_word' id='word_1_146' title='bbox 277 2300 348 2370; x_wconf 89' lang='lat' dir='ltr'><strong>fine</strong></span> <span class='ocrx_word' id='word_1_147' title='bbox 371 2301 448 2388; x_wconf 92' lang='lat' dir='ltr'><strong>ipso</strong></span> <span class='ocrx_word' id='word_1_148' title='bbox 471 2303 598 2390; x_wconf 89' lang='lat' dir='ltr'><strong>limite,</strong></span> <span class='ocrx_word' id='word_1_149' title='bbox 622 2307 704 2374; x_wconf 90' lang='lat' dir='ltr'><strong>inde</strong></span> <span class='ocrx_word' id='word_1_150' title='bbox 728 2307 822 2392; x_wconf 89' lang='lat' dir='ltr'><strong>passi</strong></span> <span class='ocrx_word' id='word_1_151' title='bbox 839 2306 997 2390; x_wconf 89' lang='lat' dir='ltr'><strong>sidecim,</strong></span> <span class='ocrx_word' id='word_1_152' title='bbox 1015 2310 1050 2372; x_wconf 89' lang='lat' dir='ltr'><strong>et</strong></span> <span class='ocrx_word' id='word_1_153' title='bbox 1066 2324 1087 2372; x_wconf 89' lang='lat' dir='ltr'><strong>a</strong></span> <span class='ocrx_word' id='word_1_154' title='bbox 1103 2309 1204 2390; x_wconf 90' lang='lat' dir='ltr'><strong>parte</strong></span> <span class='ocrx_word' id='word_1_155' title='bbox 1228 2303 1421 2370; x_wconf 89' lang='lat' dir='ltr'><strong>occidentis</strong></span> <span class='ocrx_word' id='word_1_156' title='bbox 1443 2301 1514 2369; x_wconf 90' lang='lat' dir='ltr'><strong>fine</strong></span> <span class='ocrx_word' id='word_1_157' title='bbox 1531 2300 1625 2367; x_wconf 89' lang='lat' dir='ltr'><strong>sicut</strong></span> <span class='ocrx_word' id='word_1_158' title='bbox 1640 2298 1755 2366; x_wconf 90' lang='lat' dir='ltr'><strong>medio</strong></span> <span class='ocrx_word' id='word_1_159' title='bbox 1770 2300 1920 2368; x_wconf 85' lang='lat' dir='ltr'><strong>roianeo</strong></span> <span class='ocrx_word' id='word_1_160' title='bbox 1945 2299 2133 2388; x_wconf 89' lang='lat' dir='ltr'><strong>discernit,</strong></span> 
     </span>
     <span class='ocr_line' id='line_1_13' title="bbox 279 2454 2131 2545; baseline 0.003 -27"><span class='ocrx_word' id='word_1_161' title='bbox 279 2455 361 2523; x_wconf 90' lang='lat' dir='ltr'><strong>inde</strong></span> <span class='ocrx_word' id='word_1_162' title='bbox 384 2457 477 2543; x_wconf 88' lang='lat' dir='ltr'><strong>passi</strong></span> <span class='ocrx_word' id='word_1_163' title='bbox 503 2458 746 2545; x_wconf 85' lang='lat' dir='ltr'><strong>quadraginta</strong></span> <span class='ocrx_word' id='word_1_164' title='bbox 768 2477 832 2525; x_wconf 85' lang='lat' dir='ltr'><strong>sex</strong></span> <span class='ocrx_word' id='word_1_165' title='bbox 855 2459 974 2525; x_wconf 91' lang='lat' dir='ltr'><strong>minus</strong></span> <span class='ocrx_word' id='word_1_166' title='bbox 997 2456 1102 2543; x_wconf 90' lang='lat' dir='ltr'><strong>pedes</strong></span> <span class='ocrx_word' id='word_1_167' title='bbox 1124 2457 1205 2524; x_wconf 90' lang='lat' dir='ltr'><strong>duo:</strong></span> <span class='ocrx_word' id='word_1_168' title='bbox 1224 2457 1267 2524; x_wconf 90' lang='lat' dir='ltr'><strong>de</strong></span> <span class='ocrx_word' id='word_1_169' title='bbox 1284 2476 1390 2545; x_wconf 88' lang='lat' dir='ltr'><strong>super</strong></span> <span class='ocrx_word' id='word_1_170' title='bbox 1407 2476 1430 2524; x_wconf 89' lang='lat' dir='ltr'><strong>a</strong></span> <span class='ocrx_word' id='word_1_171' title='bbox 1446 2461 1548 2543; x_wconf 89' lang='lat' dir='ltr'><strong>parte</strong></span> <span class='ocrx_word' id='word_1_172' title='bbox 1571 2454 1836 2542; x_wconf 82' lang='lat' dir='ltr'><strong>septemtrionis</strong></span> <span class='ocrx_word' id='word_1_173' title='bbox 1852 2455 1923 2523; x_wconf 89' lang='lat' dir='ltr'><strong>fine</strong></span> <span class='ocrx_word' id='word_1_174' title='bbox 1946 2455 2039 2522; x_wconf 93' lang='lat' dir='ltr'><strong>sicut</strong></span> <span class='ocrx_word' id='word_1_175' title='bbox 2055 2473 2131 2524; x_wconf 90' lang='lat' dir='ltr'><strong>me·</strong></span> 
     </span>
     <span class='ocr_line' id='line_1_14' title="bbox 278 2606 2125 2698; baseline 0.003 -27"><span class='ocrx_word' id='word_1_176' title='bbox 278 2606 337 2672; x_wconf 88' lang='lat' dir='ltr'><strong>dio</strong></span> <span class='ocrx_word' id='word_1_177' title='bbox 361 2611 507 2678; x_wconf 84' lang='lat' dir='ltr'><strong>rosaneo</strong></span> <span class='ocrx_word' id='word_1_178' title='bbox 529 2610 716 2698; x_wconf 85' lang='lat' dir='ltr'><strong>discernit,</strong></span> <span class='ocrx_word' id='word_1_179' title='bbox 740 2611 823 2679; x_wconf 90' lang='lat' dir='ltr'><strong>inde</strong></span> <span class='ocrx_word' id='word_1_180' title='bbox 846 2613 942 2698; x_wconf 89' lang='lat' dir='ltr'><strong>passi</strong></span> <span class='ocrx_word' id='word_1_181' title='bbox 965 2611 1168 2696; x_wconf 90' lang='lat' dir='ltr'><strong>duodecim,</strong></span> <span class='ocrx_word' id='word_1_182' title='bbox 1192 2611 1311 2677; x_wconf 88' lang='lat' dir='ltr'><strong>minus</strong></span> <span class='ocrx_word' id='word_1_183' title='bbox 1335 2609 1521 2677; x_wconf 88' lang='lat' dir='ltr'><strong>summisse</strong></span> <span class='ocrx_word' id='word_1_184' title='bbox 1545 2626 1676 2676; x_wconf 91' lang='lat' dir='ltr'><strong>unum:</strong></span> <span class='ocrx_word' id='word_1_185' title='bbox 1703 2628 1725 2676; x_wconf 90' lang='lat' dir='ltr'><strong>a</strong></span> <span class='ocrx_word' id='word_1_186' title='bbox 1749 2612 1850 2693; x_wconf 88' lang='lat' dir='ltr'><strong>parte</strong></span> <span class='ocrx_word' id='word_1_187' title='bbox 1882 2606 2031 2675; x_wconf 90' lang='lat' dir='ltr'><strong>orientis</strong></span> <span class='ocrx_word' id='word_1_188' title='bbox 2054 2609 2125 2677; x_wconf 84' lang='lat' dir='ltr'><strong>tine</strong></span> 
     </span>
     <span class='ocr_line' id='line_1_15' title="bbox 278 2758 2127 2851; baseline 0.002 -27"><span class='ocrx_word' id='word_1_189' title='bbox 278 2761 359 2844; x_wconf 86' lang='lat' dir='ltr'><strong>ipsa</strong></span> <span class='ocrx_word' id='word_1_190' title='bbox 385 2759 540 2828; x_wconf 91' lang='lat' dir='ltr'><strong>sortione</strong></span> <span class='ocrx_word' id='word_1_191' title='bbox 564 2761 675 2848; x_wconf 90' lang='lat' dir='ltr'><strong>ipsius</strong></span> <span class='ocrx_word' id='word_1_192' title='bbox 698 2764 814 2851; x_wconf 88' lang='lat' dir='ltr'><strong>petri,</strong></span> <span class='ocrx_word' id='word_1_193' title='bbox 839 2763 932 2831; x_wconf 89' lang='lat' dir='ltr'><strong>sicut</strong></span> <span class='ocrx_word' id='word_1_194' title='bbox 956 2764 1023 2850; x_wconf 87' lang='lat' dir='ltr'><strong>ipsi</strong></span> <span class='ocrx_word' id='word_1_195' title='bbox 1048 2763 1181 2830; x_wconf 90' lang='lat' dir='ltr'><strong>termiti</strong></span> <span class='ocrx_word' id='word_1_196' title='bbox 1206 2761 1281 2829; x_wconf 85' lang='lat' dir='ltr'><strong>ficti</strong></span> <span class='ocrx_word' id='word_1_197' title='bbox 1305 2764 1409 2846; x_wconf 89' lang='lat' dir='ltr'><strong>sunt,</strong></span> <span class='ocrx_word' id='word_1_198' title='bbox 1437 2763 1473 2826; x_wconf 90' lang='lat' dir='ltr'><strong>et</strong></span> <span class='ocrx_word' id='word_1_199' title='bbox 1497 2758 1580 2826; x_wconf 88' lang='lat' dir='ltr'><strong>inde</strong></span> <span class='ocrx_word' id='word_1_200' title='bbox 1603 2760 1697 2844; x_wconf 88' lang='lat' dir='ltr'><strong>passi</strong></span> <span class='ocrx_word' id='word_1_201' title='bbox 1724 2758 1790 2826; x_wconf 91' lang='lat' dir='ltr'><strong>alii</strong></span> <span class='ocrx_word' id='word_1_202' title='bbox 1820 2759 1974 2847; x_wconf 89' lang='lat' dir='ltr'><strong>triginta</strong></span> <span class='ocrx_word' id='word_1_203' title='bbox 1997 2762 2127 2830; x_wconf 89' lang='lat' dir='ltr'><strong>nobem</strong></span> 
     </span>
     <span class='ocr_line' id='line_1_16' title="bbox 280 2882 2126 3002; baseline 0.002 -23"><span class='ocrx_word' id='word_1_204' title='bbox 280 2913 403 2982; x_wconf 89' lang='lat' dir='ltr'><strong>minus</strong></span> <span class='ocrx_word' id='word_1_205' title='bbox 425 2882 583 3001; x_wconf 91' lang='lat' dir='ltr'><strong>palmum</strong></span> <span class='ocrx_word' id='word_1_206' title='bbox 606 2933 731 3001; x_wconf 91' lang='lat' dir='ltr'><strong>unum,</strong></span> <span class='ocrx_word' id='word_1_207' title='bbox 748 2921 783 2984; x_wconf 91' lang='lat' dir='ltr'><strong>et</strong></span> <span class='ocrx_word' id='word_1_208' title='bbox 806 2917 908 3002; x_wconf 87' lang='lat' dir='ltr'><strong>quasi</strong></span> <span class='ocrx_word' id='word_1_209' title='bbox 933 2935 996 3002; x_wconf 89' lang='lat' dir='ltr'><strong>per</strong></span> <span class='ocrx_word' id='word_1_210' title='bbox 1019 2915 1175 2983; x_wconf 91' lang='lat' dir='ltr'><strong>medium</strong></span> <span class='ocrx_word' id='word_1_211' title='bbox 1199 2933 1262 3001; x_wconf 89' lang='lat' dir='ltr'><strong>per</strong></span> <span class='ocrx_word' id='word_1_212' title='bbox 1285 2916 1487 2982; x_wconf 79' lang='lat' dir='ltr'><strong>trauersum</strong></span> <span class='ocrx_word' id='word_1_213' title='bbox 1511 2915 1608 3001; x_wconf 90' lang='lat' dir='ltr'><strong>passi</strong></span> <span class='ocrx_word' id='word_1_214' title='bbox 1632 2912 1933 2999; x_wconf 89' lang='lat' dir='ltr'><strong>quadtuordecim,</strong></span> <span class='ocrx_word' id='word_1_215' title='bbox 1950 2917 2064 2982; x_wconf 89' lang='lat' dir='ltr'><strong>toturn</strong></span> <span class='ocrx_word' id='word_1_216' title='bbox 2080 2889 2126 2983; x_wconf 87' lang='lat' dir='ltr'><strong>ad</strong></span> 
     </span>
     <span class='ocr_line' id='line_1_17' title="bbox 280 3057 2124 3157; baseline 0.001 -23"><span class='ocrx_word' id='word_1_217' title='bbox 280 3057 479 3152; x_wconf 82' lang='lat' dir='ltr'><strong>supradicti</strong></span> <span class='ocrx_word' id='word_1_218' title='bbox 509 3069 617 3154; x_wconf 90' lang='lat' dir='ltr'><strong>passi.</strong></span> <span class='ocrx_word' id='word_1_219' title='bbox 651 3089 714 3157; x_wconf 91' lang='lat' dir='ltr'><strong>per</strong></span> <span class='ocrx_word' id='word_1_220' title='bbox 746 3071 812 3137; x_wconf 89' lang='lat' dir='ltr'><strong>iste</strong></span> <span class='ocrx_word' id='word_1_221' title='bbox 842 3070 927 3136; x_wconf 89' lang='lat' dir='ltr'><strong>finis</strong></span> <span class='ocrx_word' id='word_1_222' title='bbox 949 3072 985 3135; x_wconf 91' lang='lat' dir='ltr'><strong>et</strong></span> <span class='ocrx_word' id='word_1_223' title='bbox 1008 3067 1188 3134; x_wconf 79' lang='lat' dir='ltr'><strong>mensuris</strong></span> <span class='ocrx_word' id='word_1_224' title='bbox 1212 3088 1292 3135; x_wconf 89' lang='lat' dir='ltr'><strong>cum</strong></span> <span class='ocrx_word' id='word_1_225' title='bbox 1316 3067 1436 3137; x_wconf 88' lang='lat' dir='ltr'><strong>omnia</strong></span> <span class='ocrx_word' id='word_1_226' title='bbox 1460 3065 1558 3136; x_wconf 84' lang='lat' dir='ltr'><strong>infra</strong></span> <span class='ocrx_word' id='word_1_227' title='bbox 1580 3086 1617 3135; x_wconf 91' lang='lat' dir='ltr'><strong>se</strong></span> <span class='ocrx_word' id='word_1_228' title='bbox 1641 3067 1829 3136; x_wconf 92' lang='lat' dir='ltr'><strong>abentibus</strong></span> <span class='ocrx_word' id='word_1_229' title='bbox 1856 3072 1891 3134; x_wconf 88' lang='lat' dir='ltr'><strong>et</strong></span> <span class='ocrx_word' id='word_1_230' title='bbox 1914 3067 1989 3134; x_wconf 89' lang='lat' dir='ltr'><strong>suis</strong></span> <span class='ocrx_word' id='word_1_231' title='bbox 2013 3071 2124 3153; x_wconf 89' lang='lat' dir='ltr'><strong>perti-</strong></span> 
     </span>
     <span class='ocr_line' id='line_1_18' title="bbox 279 3219 2131 3320; baseline 0.002 -36"><span class='ocrx_word' id='word_1_232' title='bbox 279 3220 415 3287; x_wconf 90' lang='lat' dir='ltr'><strong>nentiis</strong></span> <span class='ocrx_word' id='word_1_233' title='bbox 439 3220 603 3288; x_wconf 88' lang='lat' dir='ltr'><strong>inclitum</strong></span> <span class='ocrx_word' id='word_1_234' title='bbox 628 3221 723 3307; x_wconf 89' lang='lat' dir='ltr'><strong>illut,</strong></span> <span class='ocrx_word' id='word_1_235' title='bbox 747 3222 840 3288; x_wconf 89' lang='lat' dir='ltr'><strong>sicut</strong></span> <span class='ocrx_word' id='word_1_236' title='bbox 862 3219 1032 3306; x_wconf 77' lang='lat' dir='ltr'><strong>diximuS,</strong></span> <span class='ocrx_word' id='word_1_237' title='bbox 1056 3237 1122 3307; x_wconf 83' lang='lat' dir='ltr'><strong>ego</strong></span> <span class='ocrx_word' id='word_1_238' title='bbox 1147 3221 1336 3289; x_wconf 88' lang='lat' dir='ltr'><strong>iamdictus</strong></span> <span class='ocrx_word' id='word_1_239' title='bbox 1359 3239 1442 3288; x_wconf 90' lang='lat' dir='ltr'><strong>urso</strong></span> <span class='ocrx_word' id='word_1_240' title='bbox 1459 3223 1498 3288; x_wconf 90' lang='lat' dir='ltr'><strong>in</strong></span> <span class='ocrx_word' id='word_1_241' title='bbox 1515 3239 1594 3289; x_wconf 89' lang='lat' dir='ltr'><strong>mea</strong></span> <span class='ocrx_word' id='word_1_242' title='bbox 1610 3225 1703 3288; x_wconf 87' lang='lat' dir='ltr'><strong>sorte</strong></span> <span class='ocrx_word' id='word_1_243' title='bbox 1719 3221 1969 3320; x_wconf 68' lang='lat' dir='ltr'><strong>comprjeensit3</strong></span> <span class='ocrx_word' id='word_1_244' title='bbox 1986 3225 2131 3289; x_wconf 91' lang='lat' dir='ltr'><strong>tantum</strong></span> 
     </span>
     <span class='ocr_line' id='line_1_19' title="bbox 281 3359 2131 3461; baseline 0.002 -23"><span class='ocrx_word' id='word_1_245' title='bbox 281 3389 343 3456; x_wconf 89' lang='lat' dir='ltr'><strong>per</strong></span> <span class='ocrx_word' id='word_1_246' title='bbox 368 3374 446 3458; x_wconf 87' lang='lat' dir='ltr'><strong>ipsa</strong></span> <span class='ocrx_word' id='word_1_247' title='bbox 469 3373 623 3441; x_wconf 90' lang='lat' dir='ltr'><strong>sortione</strong></span> <span class='ocrx_word' id='word_1_248' title='bbox 647 3373 758 3459; x_wconf 85' lang='lat' dir='ltr'><strong>ipsius</strong></span> <span class='ocrx_word' id='word_1_249' title='bbox 780 3359 873 3459; x_wconf 87' lang='lat' dir='ltr'><strong>petri</strong></span> <span class='ocrx_word' id='word_1_250' title='bbox 896 3393 959 3460; x_wconf 92' lang='lat' dir='ltr'><strong>per</strong></span> <span class='ocrx_word' id='word_1_251' title='bbox 983 3391 1053 3440; x_wconf 86' lang='lat' dir='ltr'><strong>uno</strong></span> <span class='ocrx_word' id='word_1_252' title='bbox 1076 3374 1150 3442; x_wconf 91' lang='lat' dir='ltr'><strong>loco</strong></span> <span class='ocrx_word' id='word_1_253' title='bbox 1175 3391 1240 3460; x_wconf 86' lang='lat' dir='ltr'><strong>ego</strong></span> <span class='ocrx_word' id='word_1_254' title='bbox 1255 3377 1291 3442; x_wconf 90' lang='lat' dir='ltr'><strong>et</strong></span> <span class='ocrx_word' id='word_1_255' title='bbox 1307 3392 1402 3441; x_wconf 89' lang='lat' dir='ltr'><strong>meos</strong></span> <span class='ocrx_word' id='word_1_256' title='bbox 1426 3373 1549 3442; x_wconf 88' lang='lat' dir='ltr'><strong>eredes</strong></span> <span class='ocrx_word' id='word_1_257' title='bbox 1565 3373 1661 3442; x_wconf 88' lang='lat' dir='ltr'><strong>omni</strong></span> <span class='ocrx_word' id='word_1_258' title='bbox 1685 3377 1842 3460; x_wconf 89' lang='lat' dir='ltr'><strong>tempore</strong></span> <span class='ocrx_word' id='word_1_259' title='bbox 1866 3376 2036 3443; x_wconf 90' lang='lat' dir='ltr'><strong>abeamus</strong></span> <span class='ocrx_word' id='word_1_260' title='bbox 2053 3373 2131 3461; x_wconf 89' lang='lat' dir='ltr'><strong>bia,</strong></span> 
     </span>
     <span class='ocr_line' id='line_1_20' title="bbox 280 3523 2128 3614; baseline 0.004 -25"><span class='ocrx_word' id='word_1_261' title='bbox 280 3523 375 3592; x_wconf 90' lang='lat' dir='ltr'><strong>unde</strong></span> <span class='ocrx_word' id='word_1_262' title='bbox 400 3523 588 3612; x_wconf 85' lang='lat' dir='ltr'><strong>ingredere</strong></span> <span class='ocrx_word' id='word_1_263' title='bbox 612 3530 648 3593; x_wconf 94' lang='lat' dir='ltr'><strong>et</strong></span> <span class='ocrx_word' id='word_1_264' title='bbox 671 3527 859 3613; x_wconf 86' lang='lat' dir='ltr'><strong>regredere</strong></span> <span class='ocrx_word' id='word_1_265' title='bbox 884 3544 1067 3612; x_wconf 85' lang='lat' dir='ltr'><strong>possamus</strong></span> <span class='ocrx_word' id='word_1_266' title='bbox 1091 3527 1136 3594; x_wconf 90' lang='lat' dir='ltr'><strong>ad</strong></span> <span class='ocrx_word' id='word_1_267' title='bbox 1153 3525 1231 3614; x_wconf 89' lang='lat' dir='ltr'><strong>ipsa</strong></span> <span class='ocrx_word' id='word_1_268' title='bbox 1254 3528 1409 3596; x_wconf 91' lang='lat' dir='ltr'><strong>sortione</strong></span> <span class='ocrx_word' id='word_1_269' title='bbox 1434 3545 1514 3597; x_wconf 89' lang='lat' dir='ltr'><strong>mea</strong></span> <span class='ocrx_word' id='word_1_270' title='bbox 1529 3545 1610 3594; x_wconf 89' lang='lat' dir='ltr'><strong>curn</strong></span> <span class='ocrx_word' id='word_1_271' title='bbox 1625 3531 1745 3594; x_wconf 88' lang='lat' dir='ltr'><strong>nostre</strong></span> <span class='ocrx_word' id='word_1_272' title='bbox 1768 3526 2006 3612; x_wconf 88' lang='lat' dir='ltr'><strong>congruitatis</strong></span> <span class='ocrx_word' id='word_1_273' title='bbox 2030 3527 2128 3596; x_wconf 85' lang='lat' dir='ltr'><strong>iusta</strong></span> 
     </span>
     <span class='ocr_line' id='line_1_21' title="bbox 280 3673 2129 3768; baseline 0.003 -25"><span class='ocrx_word' id='word_1_274' title='bbox 280 3678 432 3766; x_wconf 89' lang='lat' dir='ltr'><strong>ratione,</strong></span> <span class='ocrx_word' id='word_1_275' title='bbox 456 3683 588 3767; x_wconf 86' lang='lat' dir='ltr'><strong>absque</strong></span> <span class='ocrx_word' id='word_1_276' title='bbox 611 3680 831 3750; x_wconf 88' lang='lat' dir='ltr'><strong>damnietate</strong></span> <span class='ocrx_word' id='word_1_277' title='bbox 854 3679 896 3748; x_wconf 90' lang='lat' dir='ltr'><strong>de</strong></span> <span class='ocrx_word' id='word_1_278' title='bbox 913 3673 991 3767; x_wconf 80' lang='lat' dir='ltr'><strong>ip&#39;sa</strong></span> <span class='ocrx_word' id='word_1_279' title='bbox 1007 3683 1112 3749; x_wconf 88' lang='lat' dir='ltr'><strong>rebus</strong></span> <span class='ocrx_word' id='word_1_280' title='bbox 1136 3699 1215 3766; x_wconf 89' lang='lat' dir='ltr'><strong>sua,</strong></span> <span class='ocrx_word' id='word_1_281' title='bbox 1240 3679 1305 3768; x_wconf 90' lang='lat' dir='ltr'><strong>sic,</strong></span> <span class='ocrx_word' id='word_1_282' title='bbox 1333 3684 1372 3748; x_wconf 91' lang='lat' dir='ltr'><strong>ut</strong></span> <span class='ocrx_word' id='word_1_283' title='bbox 1396 3700 1503 3768; x_wconf 89' lang='lat' dir='ltr'><strong>super</strong></span> <span class='ocrx_word' id='word_1_284' title='bbox 1527 3682 1605 3767; x_wconf 91' lang='lat' dir='ltr'><strong>ipsa</strong></span> <span class='ocrx_word' id='word_1_285' title='bbox 1630 3681 1691 3748; x_wconf 95' lang='lat' dir='ltr'><strong>bia</strong></span> <span class='ocrx_word' id='word_1_286' title='bbox 1716 3681 1754 3748; x_wconf 88' lang='lat' dir='ltr'><strong>in</strong></span> <span class='ocrx_word' id='word_1_287' title='bbox 1777 3681 1891 3749; x_wconf 90' lang='lat' dir='ltr'><strong>altum</strong></span> <span class='ocrx_word' id='word_1_288' title='bbox 1915 3685 2129 3767; x_wconf 88' lang='lat' dir='ltr'><strong>potestatem</strong></span> 
     </span>
     <span class='ocr_line' id='line_1_22' title="bbox 280 3831 2128 3922; baseline 0.002 -24"><span class='ocrx_word' id='word_1_289' title='bbox 280 3831 411 3901; x_wconf 88' lang='lat' dir='ltr'><strong>abeant</strong></span> <span class='ocrx_word' id='word_1_290' title='bbox 435 3833 599 3920; x_wconf 82' lang='lat' dir='ltr'><strong>pergulas</strong></span> <span class='ocrx_word' id='word_1_291' title='bbox 623 3834 754 3902; x_wconf 88' lang='lat' dir='ltr'><strong>ibidem</strong></span> <span class='ocrx_word' id='word_1_292' title='bbox 777 3834 894 3904; x_wconf 88' lang='lat' dir='ltr'><strong>lacere</strong></span> <span class='ocrx_word' id='word_1_293' title='bbox 917 3836 953 3901; x_wconf 93' lang='lat' dir='ltr'><strong>et</strong></span> <span class='ocrx_word' id='word_1_294' title='bbox 976 3836 1082 3902; x_wconf 87' lang='lat' dir='ltr'><strong>abere</strong></span> <span class='ocrx_word' id='word_1_295' title='bbox 1105 3833 1201 3902; x_wconf 90' lang='lat' dir='ltr'><strong>iusta</strong></span> <span class='ocrx_word' id='word_1_296' title='bbox 1225 3834 1385 3919; x_wconf 90' lang='lat' dir='ltr'><strong>ratione,</strong></span> <span class='ocrx_word' id='word_1_297' title='bbox 1416 3837 1452 3901; x_wconf 91' lang='lat' dir='ltr'><strong>et</strong></span> <span class='ocrx_word' id='word_1_298' title='bbox 1482 3834 1636 3920; x_wconf 83' lang='lat' dir='ltr'><strong>qualiter</strong></span> <span class='ocrx_word' id='word_1_299' title='bbox 1659 3835 1766 3902; x_wconf 91' lang='lat' dir='ltr'><strong>sortis</strong></span> <span class='ocrx_word' id='word_1_300' title='bbox 1789 3835 1864 3921; x_wconf 91' lang='lat' dir='ltr'><strong>ipse</strong></span> <span class='ocrx_word' id='word_1_301' title='bbox 1888 3835 2128 3922; x_wconf 88' lang='lat' dir='ltr'><strong>compreensi-</strong></span> 
     </span>
     <span class='ocr_line' id='line_1_23' title="bbox 280 3985 2131 4077; baseline 0.003 -25"><span class='ocrx_word' id='word_1_302' title='bbox 280 4004 371 4074; x_wconf 91' lang='lat' dir='ltr'><strong>mus,</strong></span> <span class='ocrx_word' id='word_1_303' title='bbox 396 3989 447 4056; x_wconf 90' lang='lat' dir='ltr'><strong>sic</strong></span> <span class='ocrx_word' id='word_1_304' title='bbox 471 4008 554 4076; x_wconf 90' lang='lat' dir='ltr'><strong>pars</strong></span> <span class='ocrx_word' id='word_1_305' title='bbox 577 3989 734 4076; x_wconf 90' lang='lat' dir='ltr'><strong>partium</strong></span> <span class='ocrx_word' id='word_1_306' title='bbox 757 3987 818 4057; x_wconf 91' lang='lat' dir='ltr'><strong>ille</strong></span> <span class='ocrx_word' id='word_1_307' title='bbox 844 3987 940 4057; x_wconf 88' lang='lat' dir='ltr'><strong>inter</strong></span> <span class='ocrx_word' id='word_1_308' title='bbox 963 4007 1029 4056; x_wconf 91' lang='lat' dir='ltr'><strong>nos</strong></span> <span class='ocrx_word' id='word_1_309' title='bbox 1052 3985 1279 4074; x_wconf 87' lang='lat' dir='ltr'><strong>tradidimus,</strong></span> <span class='ocrx_word' id='word_1_310' title='bbox 1304 3987 1350 4055; x_wconf 91' lang='lat' dir='ltr'><strong>ad</strong></span> <span class='ocrx_word' id='word_1_311' title='bbox 1373 3988 1547 4055; x_wconf 86' lang='lat' dir='ltr'><strong>securiter</strong></span> <span class='ocrx_word' id='word_1_312' title='bbox 1563 3991 1599 4056; x_wconf 88' lang='lat' dir='ltr'><strong>et</strong></span> <span class='ocrx_word' id='word_1_313' title='bbox 1611 3985 1763 4056; x_wconf 90' lang='lat' dir='ltr'><strong>firmiter</strong></span> <span class='ocrx_word' id='word_1_314' title='bbox 1787 3989 1910 4058; x_wconf 89' lang='lat' dir='ltr'><strong>amodo</strong></span> <span class='ocrx_word' id='word_1_315' title='bbox 1932 3992 1969 4057; x_wconf 88' lang='lat' dir='ltr'><strong>et</strong></span> <span class='ocrx_word' id='word_1_316' title='bbox 1992 4007 2131 4077; x_wconf 88' lang='lat' dir='ltr'><strong>semper</strong></span> 
     </span>
     <span class='ocr_line' id='line_1_24' title="bbox 280 4139 2129 4229; baseline 0.003 -23"><span class='ocrx_word' id='word_1_317' title='bbox 280 4157 343 4207; x_wconf 89' lang='lat' dir='ltr'><strong>nos</strong></span> <span class='ocrx_word' id='word_1_318' title='bbox 366 4145 403 4210; x_wconf 91' lang='lat' dir='ltr'><strong>et</strong></span> <span class='ocrx_word' id='word_1_319' title='bbox 425 4143 557 4212; x_wconf 89' lang='lat' dir='ltr'><strong>nostris</strong></span> <span class='ocrx_word' id='word_1_320' title='bbox 588 4144 753 4211; x_wconf 88' lang='lat' dir='ltr'><strong>eredibus</strong></span> <span class='ocrx_word' id='word_1_321' title='bbox 776 4161 860 4227; x_wconf 87' lang='lat' dir='ltr'><strong>pars</strong></span> <span class='ocrx_word' id='word_1_322' title='bbox 883 4142 1043 4229; x_wconf 89' lang='lat' dir='ltr'><strong>partium</strong></span> <span class='ocrx_word' id='word_1_323' title='bbox 1059 4141 1141 4208; x_wconf 94' lang='lat' dir='ltr'><strong>illut</strong></span> <span class='ocrx_word' id='word_1_324' title='bbox 1157 4139 1335 4208; x_wconf 90' lang='lat' dir='ltr'><strong>abendum</strong></span> <span class='ocrx_word' id='word_1_325' title='bbox 1359 4145 1394 4210; x_wconf 90' lang='lat' dir='ltr'><strong>et</strong></span> <span class='ocrx_word' id='word_1_326' title='bbox 1416 4142 1619 4210; x_wconf 85' lang='lat' dir='ltr'><strong>laciendum</strong></span> <span class='ocrx_word' id='word_1_327' title='bbox 1634 4141 1880 4228; x_wconf 89' lang='lat' dir='ltr'><strong>unusquisque</strong></span> <span class='ocrx_word' id='word_1_328' title='bbox 1894 4143 1937 4211; x_wconf 89' lang='lat' dir='ltr'><strong>de</strong></span> <span class='ocrx_word' id='word_1_329' title='bbox 1952 4161 2020 4212; x_wconf 90' lang='lat' dir='ltr'><strong>sua</strong></span> <span class='ocrx_word' id='word_1_330' title='bbox 2035 4147 2129 4212; x_wconf 89' lang='lat' dir='ltr'><strong>sorte</strong></span> 
     </span>
     <span class='ocr_line' id='line_1_25' title="bbox 281 4290 2129 4398; baseline 0.001 -38"><span class='ocrx_word' id='word_1_331' title='bbox 281 4293 372 4380; x_wconf 91' lang='lat' dir='ltr'><strong>quod</strong></span> <span class='ocrx_word' id='word_1_332' title='bbox 396 4295 628 4384; x_wconf 81' lang='lat' dir='ltr'><strong>voluerimus,</strong></span> <span class='ocrx_word' id='word_1_333' title='bbox 648 4301 683 4365; x_wconf 91' lang='lat' dir='ltr'><strong>et</strong></span> <span class='ocrx_word' id='word_1_334' title='bbox 700 4316 763 4384; x_wconf 92' lang='lat' dir='ltr'><strong>per</strong></span> <span class='ocrx_word' id='word_1_335' title='bbox 785 4295 888 4363; x_wconf 89' lang='lat' dir='ltr'><strong>nulla</strong></span> <span class='ocrx_word' id='word_1_336' title='bbox 911 4294 1050 4363; x_wconf 90' lang='lat' dir='ltr'><strong>ratione</strong></span> <span class='ocrx_word' id='word_1_337' title='bbox 1073 4312 1265 4381; x_wconf 85' lang='lat' dir='ltr'><strong>queramus</strong></span> <span class='ocrx_word' id='word_1_338' title='bbox 1280 4312 1363 4382; x_wconf 86' lang='lat' dir='ltr'><strong>pars</strong></span> <span class='ocrx_word' id='word_1_339' title='bbox 1386 4290 1544 4382; x_wconf 84' lang='lat' dir='ltr'><strong>partium</strong></span> <span class='ocrx_word' id='word_1_340' title='bbox 1558 4298 1623 4364; x_wconf 91' lang='lat' dir='ltr'><strong>hec</strong></span> <span class='ocrx_word' id='word_1_341' title='bbox 1639 4297 1745 4364; x_wconf 90' lang='lat' dir='ltr'><strong>sortis</strong></span> <span class='ocrx_word' id='word_1_342' title='bbox 1768 4297 1948 4364; x_wconf 90' lang='lat' dir='ltr'><strong>remobere</strong></span> <span class='ocrx_word' id='word_1_343' title='bbox 1969 4301 2031 4398; x_wconf 89' lang='lat' dir='ltr'><strong>aut</strong></span> <span class='ocrx_word' id='word_1_344' title='bbox 2046 4313 2129 4362; x_wconf 91' lang='lat' dir='ltr'><strong>con·</strong></span> 
     </span>
     <span class='ocr_line' id='line_1_26' title="bbox 280 4446 2125 4537; baseline 0.001 -23"><span class='ocrx_word' id='word_1_345' title='bbox 280 4451 391 4533; x_wconf 89' lang='lat' dir='ltr'><strong>trare;</strong></span> <span class='ocrx_word' id='word_1_346' title='bbox 416 4452 452 4516; x_wconf 88' lang='lat' dir='ltr'><strong>et</strong></span> <span class='ocrx_word' id='word_1_347' title='bbox 474 4467 538 4536; x_wconf 90' lang='lat' dir='ltr'><strong>per</strong></span> <span class='ocrx_word' id='word_1_348' title='bbox 562 4467 655 4518; x_wconf 87' lang='lat' dir='ltr'><strong>vona</strong></span> <span class='ocrx_word' id='word_1_349' title='bbox 678 4448 940 4516; x_wconf 85' lang='lat' dir='ltr'><strong>combenientia</strong></span> <span class='ocrx_word' id='word_1_350' title='bbox 964 4448 1100 4536; x_wconf 86' lang='lat' dir='ltr'><strong>guadia</strong></span> <span class='ocrx_word' id='word_1_351' title='bbox 1122 4446 1211 4515; x_wconf 92' lang='lat' dir='ltr'><strong>mihi</strong></span> <span class='ocrx_word' id='word_1_352' title='bbox 1235 4450 1311 4537; x_wconf 90' lang='lat' dir='ltr'><strong>ipse</strong></span> <span class='ocrx_word' id='word_1_353' title='bbox 1335 4453 1459 4536; x_wconf 89' lang='lat' dir='ltr'><strong>petrus</strong></span> <span class='ocrx_word' id='word_1_354' title='bbox 1482 4449 1593 4535; x_wconf 90' lang='lat' dir='ltr'><strong>dedit,</strong></span> <span class='ocrx_word' id='word_1_355' title='bbox 1618 4453 1654 4517; x_wconf 87' lang='lat' dir='ltr'><strong>et</strong></span> <span class='ocrx_word' id='word_1_356' title='bbox 1676 4449 1869 4519; x_wconf 89' lang='lat' dir='ltr'><strong>mediatore</strong></span> <span class='ocrx_word' id='word_1_357' title='bbox 1892 4449 1982 4516; x_wconf 88' lang='lat' dir='ltr'><strong>mihi</strong></span> <span class='ocrx_word' id='word_1_358' title='bbox 2005 4449 2125 4535; x_wconf 87' lang='lat' dir='ltr'><strong>posuit</strong></span> 
     </span>
     <span class='ocr_line' id='line_1_27' title="bbox 281 4599 2129 4691; baseline 0.002 -25"><span class='ocrx_word' id='word_1_359' title='bbox 281 4603 378 4689; x_wconf 87' lang='lat' dir='ltr'><strong>sergi</strong></span> <span class='ocrx_word' id='word_1_360' title='bbox 400 4604 606 4672; x_wconf 89' lang='lat' dir='ltr'><strong>atrianense</strong></span> <span class='ocrx_word' id='word_1_361' title='bbox 630 4600 743 4670; x_wconf 89' lang='lat' dir='ltr'><strong>filium</strong></span> <span class='ocrx_word' id='word_1_362' title='bbox 767 4599 844 4668; x_wconf 88' lang='lat' dir='ltr'><strong>ursi</strong></span> <span class='ocrx_word' id='word_1_363' title='bbox 868 4600 1085 4688; x_wconf 88' lang='lat' dir='ltr'><strong>caccabellu;</strong></span> <span class='ocrx_word' id='word_1_364' title='bbox 1103 4605 1139 4671; x_wconf 91' lang='lat' dir='ltr'><strong>et</strong></span> <span class='ocrx_word' id='word_1_365' title='bbox 1154 4621 1217 4688; x_wconf 91' lang='lat' dir='ltr'><strong>per</strong></span> <span class='ocrx_word' id='word_1_366' title='bbox 1235 4603 1314 4690; x_wconf 88' lang='lat' dir='ltr'><strong>ipsa</strong></span> <span class='ocrx_word' id='word_1_367' title='bbox 1329 4603 1465 4690; x_wconf 87' lang='lat' dir='ltr'><strong>guadia</strong></span> <span class='ocrx_word' id='word_1_368' title='bbox 1481 4601 1653 4691; x_wconf 84' lang='lat' dir='ltr'><strong>obligavit</strong></span> <span class='ocrx_word' id='word_1_369' title='bbox 1668 4621 1706 4672; x_wconf 91' lang='lat' dir='ltr'><strong>se</strong></span> <span class='ocrx_word' id='word_1_370' title='bbox 1722 4607 1758 4672; x_wconf 93' lang='lat' dir='ltr'><strong>et</strong></span> <span class='ocrx_word' id='word_1_371' title='bbox 1781 4620 1862 4670; x_wconf 88' lang='lat' dir='ltr'><strong>suos</strong></span> <span class='ocrx_word' id='word_1_372' title='bbox 1885 4602 2007 4672; x_wconf 87' lang='lat' dir='ltr'><strong>eredes</strong></span> <span class='ocrx_word' id='word_1_373' title='bbox 2029 4601 2129 4670; x_wconf 91' lang='lat' dir='ltr'><strong>omni</strong></span> 
     </span>
     <span class='ocr_line' id='line_1_28' title="bbox 283 4751 2133 4843; baseline 0.001 -23"><span class='ocrx_word' id='word_1_374' title='bbox 283 4755 440 4839; x_wconf 90' lang='lat' dir='ltr'><strong>tempore</strong></span> <span class='ocrx_word' id='word_1_375' title='bbox 462 4753 746 4842; x_wconf 90' lang='lat' dir='ltr'><strong>permanendum</strong></span> <span class='ocrx_word' id='word_1_376' title='bbox 769 4753 808 4820; x_wconf 92' lang='lat' dir='ltr'><strong>in</strong></span> <span class='ocrx_word' id='word_1_377' title='bbox 830 4753 1075 4840; x_wconf 88' lang='lat' dir='ltr'><strong>suprascripta</strong></span> <span class='ocrx_word' id='word_1_378' title='bbox 1099 4751 1295 4842; x_wconf 89' lang='lat' dir='ltr'><strong>debisione,</strong></span> <span class='ocrx_word' id='word_1_379' title='bbox 1310 4757 1346 4822; x_wconf 88' lang='lat' dir='ltr'><strong>et</strong></span> <span class='ocrx_word' id='word_1_380' title='bbox 1362 4753 1392 4821; x_wconf 92' lang='lat' dir='ltr'><strong>si</strong></span> <span class='ocrx_word' id='word_1_381' title='bbox 1411 4755 1451 4822; x_wconf 92' lang='lat' dir='ltr'><strong>in</strong></span> <span class='ocrx_word' id='word_1_382' title='bbox 1474 4755 1718 4842; x_wconf 88' lang='lat' dir='ltr'><strong>suprascripta</strong></span> <span class='ocrx_word' id='word_1_383' title='bbox 1740 4755 1893 4823; x_wconf 83' lang='lat' dir='ltr'><strong>firmiter</strong></span> <span class='ocrx_word' id='word_1_384' title='bbox 1916 4772 2133 4843; x_wconf 88' lang='lat' dir='ltr'><strong>permanere</strong></span> 
     </span>
     <span class='ocr_line' id='line_1_29' title="bbox 281 4904 2132 5024; baseline 0.003 -52"><span class='ocrx_word' id='word_1_385' title='bbox 281 4905 449 5024; x_wconf 72' lang='lat' dir='ltr'><strong>noluerit</strong></span> <span class='ocrx_word' id='word_1_386' title='bbox 464 4910 501 4975; x_wconf 91' lang='lat' dir='ltr'><strong>et</strong></span> <span class='ocrx_word' id='word_1_387' title='bbox 527 4906 667 4994; x_wconf 91' lang='lat' dir='ltr'><strong>aliquit,</strong></span> <span class='ocrx_word' id='word_1_388' title='bbox 690 4907 733 4976; x_wconf 91' lang='lat' dir='ltr'><strong>de</strong></span> <span class='ocrx_word' id='word_1_389' title='bbox 756 4907 927 4994; x_wconf 90' lang='lat' dir='ltr'><strong>quomodo</strong></span> <span class='ocrx_word' id='word_1_390' title='bbox 950 4907 1115 4994; x_wconf 90' lang='lat' dir='ltr'><strong>superius</strong></span> <span class='ocrx_word' id='word_1_391' title='bbox 1138 4904 1285 4996; x_wconf 86' lang='lat' dir='ltr'><strong>legitur,</strong></span> <span class='ocrx_word' id='word_1_392' title='bbox 1302 4905 1473 4993; x_wconf 87' lang='lat' dir='ltr'><strong>quesierit</strong></span> <span class='ocrx_word' id='word_1_393' title='bbox 1497 4909 1677 4975; x_wconf 88' lang='lat' dir='ltr'><strong>remobere</strong></span> <span class='ocrx_word' id='word_1_394' title='bbox 1693 4911 1756 4977; x_wconf 91' lang='lat' dir='ltr'><strong>aut</strong></span> <span class='ocrx_word' id='word_1_395' title='bbox 1771 4911 1948 4993; x_wconf 86' lang='lat' dir='ltr'><strong>contrare,</strong></span> <span class='ocrx_word' id='word_1_396' title='bbox 1971 4927 2035 4995; x_wconf 92' lang='lat' dir='ltr'><strong>per</strong></span> <span class='ocrx_word' id='word_1_397' title='bbox 2051 4909 2132 4995; x_wconf 92' lang='lat' dir='ltr'><strong>ipsa</strong></span> 
     </span>
     <span class='ocr_line' id='line_1_30' title="bbox 281 5059 2129 5150; baseline 0.001 -22"><span class='ocrx_word' id='word_1_398' title='bbox 281 5061 417 5147; x_wconf 85' lang='lat' dir='ltr'><strong>guadia</strong></span> <span class='ocrx_word' id='word_1_399' title='bbox 438 5079 645 5150; x_wconf 87' lang='lat' dir='ltr'><strong>componere</strong></span> <span class='ocrx_word' id='word_1_400' title='bbox 669 5059 847 5148; x_wconf 85' lang='lat' dir='ltr'><strong>obligabit</strong></span> <span class='ocrx_word' id='word_1_401' title='bbox 862 5079 899 5129; x_wconf 90' lang='lat' dir='ltr'><strong>se</strong></span> <span class='ocrx_word' id='word_1_402' title='bbox 915 5063 952 5128; x_wconf 90' lang='lat' dir='ltr'><strong>et</strong></span> <span class='ocrx_word' id='word_1_403' title='bbox 968 5077 1049 5128; x_wconf 89' lang='lat' dir='ltr'><strong>suos</strong></span> <span class='ocrx_word' id='word_1_404' title='bbox 1071 5059 1194 5130; x_wconf 89' lang='lat' dir='ltr'><strong>eredes</strong></span> <span class='ocrx_word' id='word_1_405' title='bbox 1217 5061 1307 5130; x_wconf 91' lang='lat' dir='ltr'><strong>mihi</strong></span> <span class='ocrx_word' id='word_1_406' title='bbox 1332 5060 1475 5147; x_wconf 91' lang='lat' dir='ltr'><strong>meique</strong></span> <span class='ocrx_word' id='word_1_407' title='bbox 1498 5059 1665 5129; x_wconf 90' lang='lat' dir='ltr'><strong>eredibus</strong></span> <span class='ocrx_word' id='word_1_408' title='bbox 1689 5061 1954 5149; x_wconf 87' lang='lat' dir='ltr'><strong>quinquaginta</strong></span> <span class='ocrx_word' id='word_1_409' title='bbox 1978 5061 2058 5131; x_wconf 91' lang='lat' dir='ltr'><strong>auri</strong></span> <span class='ocrx_word' id='word_1_410' title='bbox 2074 5079 2129 5128; x_wconf 92' lang='lat' dir='ltr'><strong>so·</strong></span> 
     </span>
     <span class='ocr_line' id='line_1_31' title="bbox 282 5209 2131 5301; baseline 0.003 -26"><span class='ocrx_word' id='word_1_411' title='bbox 282 5209 371 5280; x_wconf 90' lang='lat' dir='ltr'><strong>lidos</strong></span> <span class='ocrx_word' id='word_1_412' title='bbox 393 5213 654 5300; x_wconf 87' lang='lat' dir='ltr'><strong>constantines,</strong></span> <span class='ocrx_word' id='word_1_413' title='bbox 679 5218 714 5282; x_wconf 89' lang='lat' dir='ltr'><strong>et</strong></span> <span class='ocrx_word' id='word_1_414' title='bbox 739 5213 778 5280; x_wconf 91' lang='lat' dir='ltr'><strong>in</strong></span> <span class='ocrx_word' id='word_1_415' title='bbox 800 5213 1045 5300; x_wconf 89' lang='lat' dir='ltr'><strong>suprascripta</strong></span> <span class='ocrx_word' id='word_1_416' title='bbox 1067 5213 1164 5280; x_wconf 90' lang='lat' dir='ltr'><strong>omni</strong></span> <span class='ocrx_word' id='word_1_417' title='bbox 1187 5215 1344 5301; x_wconf 90' lang='lat' dir='ltr'><strong>tempore</strong></span> <span class='ocrx_word' id='word_1_418' title='bbox 1374 5211 1528 5282; x_wconf 86' lang='lat' dir='ltr'><strong>firmiter</strong></span> <span class='ocrx_word' id='word_1_419' title='bbox 1559 5230 1784 5301; x_wconf 89' lang='lat' dir='ltr'><strong>permanere,</strong></span> <span class='ocrx_word' id='word_1_420' title='bbox 1808 5217 1844 5283; x_wconf 92' lang='lat' dir='ltr'><strong>et</strong></span> <span class='ocrx_word' id='word_1_421' title='bbox 1866 5215 1962 5281; x_wconf 89' lang='lat' dir='ltr'><strong>hunc</strong></span> <span class='ocrx_word' id='word_1_422' title='bbox 1986 5213 2131 5282; x_wconf 87' lang='lat' dir='ltr'><strong>brebem</strong></span> 
     </span>
     <span class='ocr_line' id='line_1_32' title="bbox 282 5365 1151 5455; baseline 0 -22"><span class='ocrx_word' id='word_1_423' title='bbox 282 5365 409 5454; x_wconf 88' lang='lat' dir='ltr'><strong>scripsi</strong></span> <span class='ocrx_word' id='word_1_424' title='bbox 434 5384 499 5455; x_wconf 86' lang='lat' dir='ltr'><strong>ego</strong></span> <span class='ocrx_word' id='word_1_425' title='bbox 520 5366 722 5437; x_wconf 89' lang='lat' dir='ltr'><strong>romoaldus</strong></span> <span class='ocrx_word' id='word_1_426' title='bbox 744 5365 907 5436; x_wconf 88' lang='lat' dir='ltr'><strong>notarius</strong></span> <span class='ocrx_word' id='word_1_427' title='bbox 929 5371 966 5436; x_wconf 87' lang='lat' dir='ltr'><strong>et</strong></span> <span class='ocrx_word' id='word_1_428' title='bbox 989 5365 1151 5436; x_wconf 84' lang='lat' dir='ltr'><strong>interlui.</strong></span> 
     </span>
     <span class='ocr_line' id='line_1_33' title="bbox 326 5491 1147 5610; baseline 0.002 -24"><span class='ocrx_word' id='word_1_429' title='bbox 326 5491 357 5607; x_wconf 97' lang='lat'>†</span> <span class='ocrx_word' id='word_1_430' title='bbox 381 5520 457 5608; x_wconf 82' lang='lat' dir='ltr'><strong>llgo</strong></span> <span class='ocrx_word' id='word_1_431' title='bbox 479 5523 667 5609; x_wconf 88' lang='lat' dir='ltr'><strong>laquintus</strong></span> <span class='ocrx_word' id='word_1_432' title='bbox 690 5524 852 5594; x_wconf 88' lang='lat' dir='ltr'><strong>notarius</strong></span> <span class='ocrx_word' id='word_1_433' title='bbox 874 5538 931 5589; x_wconf 92' lang='lat' dir='ltr'><strong>me</strong></span> <span class='ocrx_word' id='word_1_434' title='bbox 954 5521 1147 5610; x_wconf 89' lang='lat' dir='ltr'><strong>subscripsi</strong></span> 
     </span>
    </p>
   </div>
   <div class='ocr_carea' id='block_1_6' title="bbox 325 5646 1123 5765">
    <p class='ocr_par' dir='ltr' id='par_1_6' title="bbox 325 5646 1123 5765">
     <span class='ocr_line' id='line_1_34' title="bbox 325 5646 1123 5765; baseline 0.003 -23"><span class='ocrx_word' id='word_1_435' title='bbox 325 5646 356 5762; x_wconf 96' lang='lat'>†</span> <span class='ocrx_word' id='word_1_436' title='bbox 380 5675 456 5764; x_wconf 85' lang='lat' dir='ltr'><strong>Ego</strong></span> <span class='ocrx_word' id='word_1_437' title='bbox 477 5676 627 5746; x_wconf 89' lang='lat' dir='ltr'><strong>roderisi</strong></span> <span class='ocrx_word' id='word_1_438' title='bbox 651 5675 815 5746; x_wconf 90' lang='lat' dir='ltr'><strong>notarius</strong></span> <span class='ocrx_word' id='word_1_439' title='bbox 837 5695 893 5744; x_wconf 88' lang='lat' dir='ltr'><strong>me</strong></span> <span class='ocrx_word' id='word_1_440' title='bbox 915 5675 1123 5765; x_wconf 87' lang='lat' dir='ltr'><strong>subscripsi.</strong></span> 
     </span>
    </p>
   </div>
   <div class='ocr_carea' id='block_1_7' title="bbox 471 5985 598 6044">
    <p class='ocr_par' dir='ltr' id='par_1_7' title="bbox 471 5985 598 6044">
     <span class='ocr_line' id='line_1_35' title="bbox 471 5985 598 6044; baseline 0.008 -2"><span class='ocrx_word' id='word_1_441' title='bbox 471 5985 542 6044; x_wconf 83' lang='lat' dir='ltr'><strong>lou.</strong></span> <span class='ocrx_word' id='word_1_442' title='bbox 562 6003 598 6044; x_wconf 83' lang='lat' dir='ltr'><strong>rr.</strong></span> 
     </span>
    </p>
   </div>
   <div class='ocr_carea' id='block_1_8' title="bbox 0 0 2682 7092">
    <p class='ocr_par' dir='ltr' id='par_1_8' title="bbox 0 0 2682 7092">
     <span class='ocr_line' id='line_1_36' title="bbox 0 0 2682 7092; baseline 0 0"><span class='ocrx_word' id='word_1_443' title='bbox 0 0 2682 7092; x_wconf 95' lang='lat' dir='ltr'><strong> </strong></span> 
     </span>
    </p>
   </div>
  </div>
 </body>
</html>
