5318 7102
625 525 673 596 11
1329 524 1696 596 CAPITUthllh

624 747 749 832 neatis,
779 747 962 819 ebrietates
989 758 1023 820 01
1050 750 1356 820 commessationes
1383 751 1576 843 superfluas
1603 745 1726 840 fugite.
1763 743 1919 816 Humiles
1945 752 1980 814 et
2006 741 2179 835 benignus
2212 749 2321 812 estote
2348 743 2436 813 inter

624 931 697 991 vos,
726 907 858 979 domini
885 907 994 979 nostri
1022 907 1172 980 fideliter
1198 907 1370 980 serviatis.
1399 907 1504 978 Furta
1522 911 1556 976 et
1574 903 1726 998 periuria
1751 898 2435 986 0010010110,000000000110110100100-

626 1065 731 1154 tibus,
759 1065 862 1138 hodia
880 1073 914 1138 01
932 1067 1063 1138 invidia
1089 1068 1245 1161 vilingue
1273 1071 1434 1161 separant
1460 1088 1478 1135 a
1504 1084 1612 1156 regno
1639 1061 1706 1131 dci.
1737 1058 1973 1131 Reconciliatc
2001 1057 2104 1129 eitius
2130 1057 2172 1128 ad
2199 1079 2319 1150 pacem
2346 1058 2434 1130 10101

627 1251 701 1314 vos,
739 1226 819 1319 quia
853 1226 1045 1299 humanum
1072 1235 1125 1299 est
1159 1246 1317 1322 peccare,
1338 1220 1543 1317 Angelicum
1570 1227 1622 1292 est
1648 1219 1846 1306 emendare,
1866 1217 2076 1290 diabolicum
2095 1227 2147 1287 001
2164 1238 2386 1311 perseverare
2404 1221 2436 1290 in

627 1392 779 1480 peccato.
809 1383 1001 1455 Ecclesiam
1028 1383 1084 1453 dei
1111 1382 1300 1468 defendite,
1318 1391 1352 1453 01
1369 1405 1473 1453 causa
1498 1403 1618 1452 corum
1638 1378 1810 1462 adiuvate,
1825 1379 1870 1449 Ut
1887 1375 1961 1448 freri
1980 1376 2114 1471 possint
2139 1399 2200 1469 pro
2227 1375 2325 1446 vobis
2343 1398 2436 1446 01010

626 1544 823 1617 sacerdotes
849 1544 917 1631 dei,
947 1543 1037 1638 quod
1056 1545 1121 1615 deo
1147 1543 1354 1639 promisistis
1381 1542 1416 1612 10
1444 1542 1625 1637 1100110010.
1655 1539 1897 1612 Recordamini
1925 1537 2193 1611 abrenuntiastis
2221 1535 2359 1607 diabolo
2377 1559 2434 1630 per

580 1750 585 1764 ι
629 1703 790 1800 operibus
816 1705 905 1786 eius,
933 1703 1041 1774 nolite
1068 1704 1109 1774 ad
1136 1727 1212 1774 eam
1240 1702 1365 1774 reuerti
1393 1699 1518 1794 quibus
1537 1696 1819 1782 abrenuntiastis,
1848 1696 1908 1764 sed
1934 1719 2097 1791 permane
2116 1697 2152 1766 in
2170 1696 2226 1765 dei
2245 1695 2434 1782 voluntate,

631 1861 724 1930 sieut
751 1860 953 1954 promisisti,
984 1867 1122 1930 etcum
1150 1858 1284 1954 diligite
1311 1859 1368 1953 qui
1387 1881 1448 1930 vos
1475 1859 1617 1940 creavit,
1639 1866 1672 1928 et
1690 1880 1758 1950 quo
1785 1853 1900 1927 omnia
1926 1855 2017 1928 bona
2043 1855 2224 1943 habuistis,
2255 1856 2438 1948 unusquis-

629 2041 695 2110 que
722 2019 757 2088 in
786 2041 826 2088 eo
852 2018 972 2089 ordine
999 2018 1065 2089 deo
1092 2017 1220 2089 serviat
1254 2016 1422 2105 fideliter,
1452 2020 1488 2089 in
1516 2043 1583 2112 quo
1610 2018 1669 2090 ille
1696 2029 1760 2091 est.
1790 2019 1915 2092 Mulier
1941 2017 2011 2090 sint
2037 2015 2183 2090 subiecti
2211 2017 2276 2088 uiri
2306 2016 2375 2102 sui,
2404 2015 2434 2083 10

631 2180 725 2250 00101
752 2178 905 2288 10011010
932 2186 967 2250 01
994 2180 1172 2273 pudicitia.
1202 2177 2019 2265 0001011001000101010011000,0110001000,
2041 2185 2075 2247 01
2090 2175 2257 2260 abaritiis,
2278 2177 2438 2268 quoniam

631 2340 690 2432 qui
718 2339 782 2410 hec
809 2339 906 2424 facit,
937 2341 1001 2412 deo
1029 2347 1232 2434 repugnant.
1264 2338 1426 2410 Nutriant
1452 2335 1543 2409 filios
1570 2361 1663 2424 suos,
1694 2339 1728 2408 10
1756 2337 1811 2408 dei
1837 2337 1976 2419 timore,
2005 2344 2039 2406 et
2065 2336 2194 2407 1001001
2212 2335 2440 2406 aelemosinas

629 2507 830 2571 0111001001
857 2508 1023 2592 quantum
1052 2499 1174 2584 habet,
1213 2497 1362 2570 hilarem
1393 2507 1545 2569 mentem
1579 2509 1613 2571 et
1639 2498 1727 2571 bona
1759 2502 1988 2572 voluntatem.
2022 2499 2094 2568 Viri
2125 2498 2271 2590 diligant
2299 2519 2438 2567 uxorem

631 2681 750 2744 suam,
779 2666 814 2730 et
840 2657 984 2730 honesta
1011 2658 1115 2729 verba
1142 2683 1210 2728 000
1239 2657 1356 2728 dicant
1384 2659 1429 2743 01,
1458 2657 1611 2751 guberne
1638 2657 1758 2729 douros
1785 2681 1879 2744 suos,
1909 2658 1943 2726 in
1971 2655 2123 2728 bonitate
2159 2658 2372 2727 conveniant
2397 2658 2435 2728 ad

634 2816 805 2890 aecclesia
831 2820 1060 2910 frequentius.
1091 2818 1249 2890 Reddant
1276 2817 1558 2910 hominibusque
1577 2818 1796 2889 debentsine
1816 2818 2142 2903 murmurationem,
2166 2828 2200 2888 et
2218 2819 2282 2890 deo
2302 2841 2371 2911 que
2389 2817 2438 2888 dei

633 2987 713 3050 sunt
739 3002 818 3049 cum
843 2979 934 3048 bona
959 2979 1148 3049 voluntate.
1176 2977 1255 3048 Filii
1282 2977 1428 3071 diligant
1454 2985 1612 3070 parentes
1639 3001 1734 3061 suos,
1755 2984 1789 3047 01
1806 2975 1977 3047 honorent
1996 2976 2087 3047 illos.
2109 2978 2184 3047 Non
2205 2977 2275 3047 sint
2293 2976 2346 3046 illi
2365 2977 2437 3048 ino-

632 3138 825 3222 bedientes‚
855 3147 996 3210 caveant
1023 3163 1058 3210 se
1086 3163 1104 3208 a
1130 3140 1244 3224 furtis,
1273 3147 1311 3210 et
1333 3137 1542 3223 homicidiis,
1564 3147 1598 3209 01
1616 3137 1916 3225 fornicationibus,
1945 3137 2082 3230 quando
2110 3140 2151 3208 ad
2172 3139 2327 3232 legitima
2346 3148 2436 3209 etate

636 3298 800 3384 veniunt,
830 3299 1020 3392 legitimam
1046 3300 1174 3370 ducant
1200 3321 1354 3372 uxorem.
1385 3299 1459 3367 Nisi
1487 3295 1576 3367 forte
1603 3296 1654 3366 illi
1682 3298 1758 3391 plus
1785 3295 1954 3392 placeant,
1983 3297 2018 3366 iu
2038 3297 2091 3368 dei
2112 3299 2255 3380 00111110
2283 3299 2436 3370 intraret.

632 3455 771 3543 Clerici,
800 3457 958 3530 canonici
985 3459 1233 3551 Episcoporum
1260 3480 1401 3528 suorum
1429 3455 1615 3550 diligenter
1642 3455 1803 3528 obediant
1830 3457 1988 3528 mandata
2014 3481 2087 3543 sua,
2115 3460 2189 3551 gira
2216 3482 2286 3529 000
2310 3459 2381 3529 0101
2398 3462 2438 3530 de

634 3616 712 3688 loco
739 3619 779 3688 ad
807 3616 934 3688 locum.
966 3616 1121 3709 Negotiis
1147 3616 1364 3689 secularibus
1392 3639 1427 3687 se
1454 3642 1523 3689 non
1543 3617 1734 3712 implicent,
1755 3619 1792 3688 10
1811 3619 1967 3689 castitate
1986 3627 2221 3712 permaneant,
2242 3619 2347 3690 lectio
2367 3642 2441 3688 san-

634 3783 791 3862 ctorum,
822 3777 1071 3870 scripturarum
1098 3777 1299 3869 frequenter
1327 3787 1502 3849 ammonet
1530 3779 1608 3864 dei,
1646 3778 1827 3850 intendant
1853 3778 2109 3852 aecclesiastica
2136 3780 2323 3876 diligenter
2349 3806 2444 3857 01101-

633 3942 745 4006 ceant.
776 3933 934 4006 Monachi
962 3936 1052 4028 quod
1081 3935 1144 4005 deo
1171 3935 1420 4028 promiserunt,
1450 3936 1669 4023 custodiant,
1699 3938 1809 4008 nichil
1835 3945 1929 4009 extra
1955 3937 2085 4012 abbatis
2105 3942 2157 4012 sui
2176 3953 2378 4037 preceptum
2397 3947 2414 4016 1
2429 3987 2443 3998 -

634 4097 715 4183 0101,
744 4097 992 4191 turpilucrum
1012 4117 1081 4166 non
1101 4094 1240 4166 faciant.
1262 4096 1391 4190 Regula
1410 4099 1610 4169 memoriter
1627 4105 1743 4169 teneat
1761 4106 1795 4171 et
1814 4098 1962 4172 firmiter
1982 4100 2168 4186 custodiat,
2191 4103 2342 4175 00100100
2371 4129 2444 4200 010-

636 4265 787 4354 ceptum,
817 4259 909 4350 quod
936 4256 1046 4328 multo
1073 4257 1198 4327 melius
1225 4263 1277 4326 est
1303 4281 1371 4326 000
1391 4264 1508 4328 votum
1528 4255 1666 4343 vobere,
1688 4281 1789 4350 quam
1808 4265 1884 4353 post
1901 4265 2020 4330 votum
2041 4283 2110 4330 000
2129 4261 2287 4334 reddere.
2318 4265 2442 4350 Duces,

637 4415 783 4488 comites
809 4423 843 4486 et
869 4415 1015 4502 10111000,
1045 4416 1211 4488 1001111001
1239 4415 1542 4510 10010101000100.
1572 4414 1812 4513 Misericordia
1838 4416 1873 4486 in
1901 4441 2080 4512 pauperes,
2110 4444 2170 4514 pro
2205 4425 2353 4513 pecunia
2372 4441 2439 4496 non

638 4584 764 4662 mutes,
794 4575 985 4666 aequitates
1012 4597 1072 4668 001
1098 4576 1186 4659 odia,
1216 4599 1285 4646 000
1312 4575 1478 4645 damnent
1504 4575 1722 4648 1000000100.
1751 4573 1814 4645 1110
1842 4578 2028 4670 0000101100
2055 4601 2190 4673 semper
2217 4582 2251 4650 10
2272 4580 2375 4652 corde
2394 4592 2441 4654 10-

637 4743 753 4820 110001,
783 4733 841 4826 qui
869 4733 927 4803 ait:
957 4735 1085 4803 Omnes
1112 4756 1174 4803 nos
1200 4742 1290 4805 stare
1318 4741 1452 4827 oportet
1479 4743 1556 4804 0010
1582 4733 1735 4805 tribunal
1763 4735 1906 4823 christi,
1935 4739 1979 4809 Ut
2006 4737 2173 4832 recipiant
2200 4741 2438 4835 unusquisque

641 4901 742 4987 prout
768 4893 888 4986 gessit,
918 4891 991 4962 sive
1018 4891 1146 4964 bonum
1174 4893 1247 4962 sive
1274 4892 1416 4978 0101010,
1446 4893 1536 4985 quod
1563 4892 1724 4964 dominns
1742 4894 1814 4988 1000
1833 4895 1892 4967 ait:
1921 4896 1957 4966 10
1985 4919 2051 4988 quo
2078 4899 2207 4970 iudicio
2230 4899 2438 4988 iudicabitis,

641 5050 851 5122 iudicabitur
877 5052 920 5121 de
946 5049 1055 5122 vobis
1085 5050 1188 5138 ldest,
1218 5049 1490 5122 misericorditer
1517 5053 1620 5146 agito,
1645 5054 1688 5124 Ut
1715 5055 1954 5128 misericordia
1980 5059 2154 5152 recipiatis
2182 5084 2200 5130 a
2226 5061 2304 5132 deo.
2327 5062 2438 5133 Niehil

640 5211 817 5282 occultum
844 5211 934 5307 quod
961 5235 1030 5283 non
1058 5213 1200 5296 sciatur,
1230 5233 1341 5304 neque
1368 5219 1524 5305 apertum
1552 5212 1643 5304 quod
1662 5234 1730 5282 000
1750 5214 1935 5286 reveletur.
1957 5215 1999 5286 Et
2017 5240 2078 5310 010
2097 5218 2191 5286 omni
2211 5220 2323 5290 011000
2341 5222 2442 5293 verbo

642 5371 823 5444 reddimus
849 5373 1018 5442 rationem
1046 5372 1082 5441 in
1109 5371 1164 5442 dci
1192 5371 1325 5441 iudicii.
1354 5369 1488 5455 Quanto
1515 5371 1623 5464 magis
1650 5371 1816 5445 faciamus
1842 5398 1963 5446 omnes
1990 5399 2069 5447 eum
2098 5379 2283 5466 adiutorio,
2304 5383 2348 5453 Ut
2365 5404 2439 5453 cum

643 5533 708 5602 deo
734 5531 871 5626 plaeere
898 5531 1007 5624 possit
1033 5531 1067 5600 in
1095 5528 1254 5601 omnibus
1280 5527 1441 5623 operibus
1467 5530 1608 5615 nostris,
1637 5531 1678 5603 m
1704 5539 1779 5626 post
1805 5532 1866 5606 hac
1892 5535 1962 5606 vita
1988 5547 2184 5628 presentem
2201 5539 2353 5633 gaudere
2372 5563 2439 5610 me-

642 5715 782 5763 reamur
808 5715 886 5763 cum
916 5692 1045 5764 sanctis
1072 5693 1127 5762 dei
1154 5689 1190 5760 in
1217 5699 1387 5760 eternum.
1417 5687 1538 5760 brebis
1565 5697 1617 5760 001
1644 5689 1708 5762 1010
1734 5693 1818 5780 rita,
1848 5703 1882 5767 et
1900 5696 2074 5767 incertum
2093 5705 2145 5766 cst
2163 5704 2301 5792 tempus
2329 5698 2444 5771 mortis

569 5908 574 5917 .
641 5851 723 5944 quid
750 5850 836 5923 aliut
863 5853 1034 5946 agendum
1062 5859 1127 5936 est,
1158 5849 1232 5920 Nisi
1258 5857 1296 5920 ut
1322 5872 1456 5943 semper
1482 5849 1591 5944 parati
1618 5873 1738 5921 sumus
1764 5851 1970 5946 cogitemus,
2000 5877 2100 5950 quam
2118 5853 2286 5926 terribilis
2313 5865 2366 5928 est
2391 5857 2442 5926 in·
