5334 7098
1006 551 1409 624 ollllolllrleus
2019 551 2087 621 lla

281 781 462 866 colligere,
486 784 522 846 et
546 779 667 862 ibique
690 777 735 844 ad
759 775 980 862 palmentum
1004 777 1118 844 omnis
1142 780 1264 845 vinum
1288 783 1323 848 et
1346 798 1462 868 poma,
1487 781 1578 865 quod
1601 779 1684 848 inde
1707 779 1853 864 exierit,
1879 797 1939 866 per
1965 780 2136 847 medieta-

282 947 351 1002 tem
376 934 470 1000 inter
493 950 558 1000 nos
581 931 793 999 dividamus:
819 949 883 997 nos
907 931 961 999 νε]
986 933 1135 998 missum
1158 935 1319 999 nostrum
1342 931 1584 1021 medietatem,
1609 939 1644 1002 et
1667 932 1740 1000 illis
1762 932 1817 1001 νε]
1842 933 1916 1000 suis
1941 931 2136 1000 heredibus

283 1087 527 1173 medietatem,
549 1104 613 1172 per
637 1089 757 1171 partes
781 1085 982 1152 laciendum
1005 1084 1098 1170 quod
1121 1083 1348 1169 voluerimus3
1365 1085 1457 1152 etde
1474 1088 1650 1172 quantum
1674 1085 1799 1151 vinum
1822 1089 1858 1154 et
1882 1104 1987 1180 poma
2004 1084 2138 1154 exierit

285 1241 326 1308 cle
349 1239 428 1325 ipsa
451 1242 550 1306 terra
573 1257 654 1305 cum
680 1241 865 1306 arbustum
889 1238 1015 1305 amodo
1037 1241 1073 1304 et
1095 1254 1207 1322 usque
1231 1234 1298 1324 ipsi
1323 1255 1388 1305 sex
1410 1237 1515 1322 anni,
1539 1237 1678 1306 nullam
1703 1236 1784 1305 inde
1807 1235 1910 1304 nobis
1925 1236 1982 1305 vel
2000 1239 2040 1302 in
2055 1255 2139 1322 par·

284 1393 378 1460 tibus
402 1392 514 1478 ipsius
537 1393 685 1460 ecclesie
707 1393 822 1477 daret,
848 1397 901 1459 set
924 1395 1038 1460 totum
1062 1390 1143 1459 illut
1165 1391 1233 1458 sivi
1257 1393 1420 1475 haberet3
1438 1394 1580 1458 tantum
1597 1391 1640 1458 de
1657 1391 1747 1476 quod
1770 1353 1902 1458 ibidem
1918 1389 1957 1458 in
1974 1391 2050 1476 ipso
2074 1410 2133 1458 ar-

286 1549 426 1616 bustum
450 1549 724 1635 seminaberint,
749 1549 959 1617 annualiter
982 1549 1194 1616 terraticum
1216 1545 1300 1613 inde
1320 1545 1422 1613 nobis
1448 1545 1501 1611 vel
1531 1545 1571 1612 in
1598 1563 1682 1632 pars
1714 1544 1860 1613 ecclesie
1884 1545 1987 1614 daret
2014 1562 2140 1612 secun-

286 1700 366 1767 dum
384 1701 675 1770 consuetudinem
705 1703 748 1770 de
771 1703 848 1788 ipso
871 1703 998 1770 locum.
1024 1702 1079 1770 Ad
1102 1700 1255 1786 conpleti
1279 1701 1346 1786 ipsi
1371 1718 1435 1769 sex
1458 1698 1569 1784 anni,
1594 1703 1634 1766 ut
1656 1697 1780 1765 amodo
1804 1698 1844 1765 in
1867 1703 1976 1768 antea
1999 1720 2036 1768 se
2059 1719 2142 1767 con-

284 1855 401 1940 plead,
427 1858 585 1925 habeant
608 1857 647 1923 in
672 1863 746 1927 tota
769 1861 848 1944 ipsa
870 1861 976 1925 rebus
998 1876 1061 1944 per
1085 1853 1249 1926 iamdicta
1272 1855 1356 1921 finis
1379 1857 1415 1921 et
1439 1853 1634 1920 mensuriis
1657 1855 1764 1922 vinea
1792 1857 1828 1922 et
1851 1857 2040 1922 arbustum
2063 1873 2143 1940 per-

285 2010 431 2094 lectum,
455 2028 516 2078 seu
540 2011 760 2097 cannietum,
786 2011 840 2078 vel
865 1975 1071 2096 salicetum,
1087 2028 1150 2076 seu
1164 2007 1292 2095 pomis,
1317 2012 1429 2075 totum
1453 2010 1641 2093 operatum
1666 2012 1701 2074 et
1717 2009 1892 2076 cultatum
1916 2009 1959 2075 de
1983 2013 2147 2093 superet

289 2159 331 2227 de
357 2166 492 2248 supter,
517 2164 610 2231 sicut
632 2162 730 2228 locus
754 2161 828 2248 ipse
851 2163 1037 2248 meruerit,
1054 2165 1090 2228 et
1113 2182 1135 2229 a
1151 2180 1235 2247 pars
1250 2161 1293 2228 de
1309 2161 1387 2246 ipsa
1403 2159 1464 2228 bia
1479 2178 1691 2227 communem
1708 2163 1866 2228 habeant
1883 2159 1972 2227 illud
1987 2159 2138 2245 clusum;

290 2315 339 2382 sic
362 2313 484 2384 tamen
509 2317 602 2383 utin
619 2316 688 2382 due
711 2317 817 2383 sortis
834 2316 877 2383 de
893 2317 970 2400 ipsa
994 2316 1098 2381 rebus
1122 2315 1310 2397 haberent,
1327 2317 1367 2378 ut
1382 2310 1556 2396 diximuS,
1573 2311 1704 2380 factam
1727 2313 1883 2397 perfecta
1906 2311 2064 2399 vineam,
2083 2332 2145 2382 seu

289 2468 414 2537 salices
429 2469 492 2536 vvel
518 2470 644 2556 pomiS,
669 2474 705 2536 et
730 2471 768 2537 in
793 2471 871 2554 ipsa
894 2469 1040 2534 tertiam
1055 2484 1139 2556 pars
1155 2466 1198 2532 de
1214 2465 1291 2552 ipsa
1307 2468 1413 2533 rebus
1437 2468 1613 2533 haberent
1636 2467 1834 2552 perlectum
1858 2470 2058 2552 arbustum,
2074 2487 2137 2536 seu

286 2621 397 2706 pomis
419 2627 525 2708 atque
549 2623 770 2708 cannielum,
795 2641 857 2691 seu
883 2623 1025 2707 insiteS,
1049 2624 1085 2688 et
1108 2618 1281 2704 plicemus
1304 2637 1368 2687 nos
1392 2622 1467 2688 sive
1491 2620 1654 2707 partibus
1670 2619 1783 2707 ipsius
1806 2620 1987 2706 cappelle,
2012 2627 2048 2688 et
2070 2621 2138 2710 ipsi

286 2779 388 2860 pater
413 2781 449 2844 et
472 2775 556 2844 filiis
587 2775 643 2843 vel
675 2774 816 2843 illorum
839 2776 962 2844 eredes
985 2775 1149 2844 dividant
1173 2781 1249 2844 tota
1272 2777 1472 2862 ipsaterra
1499 2795 1580 2842 cum
1612 2778 1740 2862 vinea,
1764 2792 1827 2842 seu
1851 2778 2062 2876 cannietum
2086 2781 2138 2846 vel
2239 2839 2243 2844 ,

286 2927 490 3014 salicetum,
516 2948 578 2996 seu
602 2929 727 3014 pomis,
743 2929 786 2995 de
810 2931 987 3012 quantum
1014 2927 1052 2994 in
1075 2927 1151 3014 ipse
1175 2929 1243 2996 due
1267 2929 1373 2996 sortis
1395 2931 1438 2998 de
1462 2931 1539 3015 ipsa
1564 2931 1670 2996 rebus
1692 2933 1827 3034 factum
1851 2930 2059 3017 habuerint,
2077 2951 2141 3017 per

287 3080 443 3148 medium
467 3081 656 3166 equaliter,
682 3083 718 3147 et
740 3097 804 3146 nos
827 3081 1156 3166 conprehendamus
1190 3083 1273 3150 inde
1303 3083 1405 3169 prius
1436 3081 1563 3152 inclita
1592 3083 1803 3169 medietate,
1829 3084 1867 3151 in
1900 3082 2006 3169 quale
2038 3087 2142 3169 parte

287 3235 517 3321 voluerimus,
543 3239 579 3303 et
602 3235 745 3302 illorum
769 3235 953 3304 tradamus
976 3237 1055 3322 ipsa
1079 3235 1219 3322 reliqua
1242 3237 1448 3324 medietate,
1465 3241 1501 3304 et
1517 3237 1594 3323 ipsa
1610 3236 1755 3305 tertiam
1778 3255 1863 3323 pars
1879 3238 1922 3305 de
1938 3241 2017 3324 ipsa
2034 3240 2141 3305 rebus

287 3405 354 3472 que
378 3387 488 3456 luerit
511 3389 646 3457 sactum
669 3391 854 3457 arbustum
870 3387 1026 3456 vitatum
1050 3407 1112 3456 seu
1135 3389 1261 3476 pomiS,
1286 3391 1449 3458 dividant
1471 3391 1552 3459 illut
1569 3391 1607 3457 in
1623 3391 1768 3459 tertiam
1791 3411 1887 3477 pars:
1907 3410 1971 3458 nos
1987 3391 2042 3458 vel
2059 3411 2142 3478 par-

286 3538 380 3607 tibus
404 3540 518 3626 ipsius
541 3543 689 3609 ecclesie
712 3540 826 3609 tollad
849 3541 931 3609 inde
954 3542 1053 3627 prius
1078 3541 1201 3608 inclite
1226 3542 1294 3610 due
1316 3545 1436 3632 sortis,
1454 3543 1492 3611 in
1510 3546 1615 3631 quale
1639 3551 1741 3632 parte
1763 3545 1993 3632 voluerimuS,
2010 3552 2046 3615 et
2063 3548 2143 3614 illo-

286 3708 365 3756 rum
389 3687 576 3761 tradamus
598 3693 730 3760 exinde
755 3691 900 3760 tertiam
923 3711 1008 3778 pars
1030 3711 1112 3759 oum
1137 3693 1213 3761 vice
1236 3695 1279 3762 de
1302 3694 1370 3760 viis
1393 3694 1486 3781 suis,
1511 3715 1575 3781 pro
1597 3701 1717 3783 partes
1740 3697 1944 3764 laciendum
1968 3697 2060 3783 quod
2083 3700 2143 3764 bo-

289 3847 474 3935 luerimuS,
499 3853 535 3916 et
559 3866 621 3934 per
645 3847 788 3915 firmam
818 3844 1048 3932 scriptionem
1079 3846 1265 3914 divisionis
1295 3847 1490 3914 secundum
1521 3848 1636 3934 legem
1668 3853 1704 3916 et
1727 3849 2022 3918 consuetudinem
2047 3853 2142 3920 terre

288 4001 393 4071 istius
418 4004 620 4072 saciacum
648 4019 741 4089 pena
764 4002 923 4088 obligata
946 4002 989 4068 de
1013 4002 1205 4088 sexaginta
1234 4002 1315 4070 auri
1339 4000 1485 4087 solidos,
1510 4003 1551 4066 ut
1574 4000 1671 4069 omni
1703 4005 1862 4088 tempore
1892 4003 1965 4072 illis
1988 4005 2042 4072 vel
2067 4005 2142 4074 suis

289 4159 454 4227 oredibus
478 4159 653 4226 securiter
678 4158 761 4226 illut
785 4159 891 4227 abere
914 4159 1081 4242 pussant,
1104 4154 1328 4223 defensatum
1350 4173 1487 4242 semper
1511 4174 1574 4242 per
1598 4156 1762 4243 partibus
1785 4157 1898 4244 ipsius
1925 4157 2071 4226 ecclesie
2095 4161 2141 4228 da

290 4329 407 4380 omnes
431 4315 593 4380 homines
616 4313 782 4398 omnique
805 4311 981 4398 partibus:
1008 4311 1161 4378 reditum
1185 4312 1240 4376 vel
1265 4311 1485 4397 palmentum
1508 4331 1577 4396 que
1595 4310 1641 4378 ibi
1662 4311 1868 4397 habuerint,
1890 4313 1920 4378 si
1936 4313 2076 4380 venerit
2099 4314 2138 4381 in

291 4469 368 4554 ipsa
391 4469 582 4537 sortionem
607 4468 762 4554 illorum,
786 4470 944 4535 habeant
968 4466 1049 4533 illut
1065 4465 1146 4551 sivi,
1163 4469 1199 4532 et
1214 4466 1244 4533 si
1261 4465 1400 4533 venerit
1416 4465 1454 4532 in
1472 4465 1550 4552 ipsa
1566 4469 1687 4533 nostra
1703 4467 1906 4551 sortionem,
1924 4470 2139 4552 potestatem

292 4623 464 4689 haberent
489 4623 571 4689 illut
595 4621 725 4688 exinde
748 4620 950 4689 disturbare
973 4626 1009 4689 et
1033 4625 1176 4708 portare
1199 4621 1245 4690 ad
1261 4621 1339 4705 ipsa
1355 4639 1421 4687 sua
1438 4618 1607 4705 sortione,
1624 4622 1757 4706 absque
1780 4621 2075 4690 contrarietatem
2097 4622 2141 4692 de

291 4775 451 4857 partibus
483 4775 596 4861 ipsius
623 4773 791 4860 ecclesie,
816 4781 852 4841 et
875 4777 906 4842 si
929 4773 1121 4859 aliquando
1152 4773 1230 4860 ipsa
1260 4775 1414 4840 sortione
1445 4772 1587 4841 illorum
1617 4775 1784 4842 daturam
1815 4778 1880 4842 aut
1912 4773 2139 4842 vindituram

291 4928 482 4995 habuerint
505 4929 543 4994 in
567 4947 652 5013 pars
673 4927 785 5013 ipsius
807 4927 978 5015 ecclesie,
1003 4927 1091 4994 illud
1115 4927 1266 4995 vindant
1290 4927 1335 4994 ad
1359 4927 1452 4994 iusto
1474 4925 1631 5012 pretium
1662 4945 1731 5012 que
1761 4926 1854 4994 iuste
1878 4929 1989 4996 suerit
2012 4946 2141 5014 appre-

292 5077 434 5164 tiatum,
459 5084 496 5148 et
518 5080 654 5148 faciant
678 5083 769 5150 scire
793 5099 876 5167 pars
894 5080 1004 5167 ipsius
1020 5081 1166 5148 ecclesie
1182 5099 1245 5168 pro
1263 5079 1344 5148 illut
1362 5077 1556 5149 tollendum
1572 5099 1636 5166 per
1653 5080 1759 5148 tertio
1775 5082 2010 5150 constitutum
2026 5099 2141 5166 usque

293 5233 365 5300 (lies
388 5233 543 5321 triginta
566 5253 643 5320 sex3
668 5239 703 5302 et
719 5235 748 5300 si
766 5232 862 5303 infra
878 5235 956 5321 ipsa
971 5235 1166 5303 constituta
1181 5254 1265 5322 pars
1281 5234 1393 5321 ipsius
1409 5234 1557 5302 ecclesie
1574 5233 1755 5302 noluerint
1771 5233 1853 5302 illut
1869 5253 1986 5302 emere
2001 5238 2037 5302 et
2052 5234 2139 5302 dare

293 5387 374 5456 inde
401 5388 545 5456 illorum
569 5390 663 5456 iusto
686 5388 842 5458 vallente
866 5391 1034 5477 pretium,
1058 5395 1135 5476 post
1157 5391 1236 5476 ipsa
1259 5389 1454 5459 constituta
1470 5390 1585 5458 licead
1610 5389 1682 5458 illis
1699 5407 1757 5458 eos
1772 5389 1857 5458 dare
1872 5390 1932 5456 cui
1950 5387 2143 5476 voluerint,

292 5557 389 5627 nam,
412 5541 442 5608 si
465 5546 549 5658 ante
574 5543 650 5628 ipsa
673 5544 868 5612 constituta
884 5543 960 5610 sine
976 5544 1158 5612 licentiam
1173 5544 1216 5611 de
1232 5561 1316 5630 pars
1333 5543 1443 5631 ipsius
1466 5543 1613 5612 ecclesie
1632 5543 1712 5610 illut
1728 5541 1781 5608 vel
1801 5539 1932 5609 exinde
1957 5539 2138 5625 dederint,

292 5695 385 5763 sicut
408 5696 451 5764 de
474 5696 618 5765 illorum
640 5702 849 5784 potestatem
873 5704 966 5767 esset
989 5701 1229 5784 sustractum,
1253 5698 1330 5766 sine
1353 5697 1509 5784 pretium
1533 5694 1700 5764 revertad
1724 5695 1769 5763 ad
1792 5697 2004 5782 potestatem
2028 5695 2143 5780 ipsius

292 5848 453 5934 ccclesie3
478 5853 621 5917 tanturn
646 5851 770 5918 amodo
792 5855 828 5918 et
851 5869 963 5937 usque
987 5853 1055 5938 ipsi
1080 5869 1142 5918 sex
1168 5851 1256 5918 anni
1273 5850 1424 5935 conpleti
1443 5851 1518 5936 ipse
1535 5853 1645 5920 abbas
1669 5833 1819 5932 suosque
1843 5867 2060 5917 successores
2084 5847 2139 5913 νε]
2230 5908 2234 5916 ,

482 6005 552 6062 lou.
573 6022 609 6062 ιν.
1919 6005 1951 6062 la
