5376 7094
1263 514 1438 585 donax
1470 513 1737 586 CAVENSIS

1346 947 1636 1030 DXLVIII.

1350 1212 1404 1287 A.
1434 1209 1484 1286 D.
1513 1206 1641 1288 1002.

617 1499 868 1568 Summanum
882 1519 890 1562 ε

617 1597 654 1738 †
673 1675 690 1714 c
709 1654 812 1718 Anno
836 1653 1099 1738 decimoquarto
1122 1652 1345 1738 principatus
1367 1655 1578 1742 Guaimarii,
1594 1671 1714 1724 mense
1738 1655 1933 1742 Decembri,
1949 1653 2066 1742 prima
2090 1652 2296 1722 indictione.
2322 1655 2417 1722 Haeo

572 1826 592 1871 c
618 1805 746 1873 charta
769 1805 812 1872 de
834 1806 957 1874 eadem
982 1805 1155 1874 locatione
1180 1805 1269 1891 agit,
1295 1805 1338 1874 de
1361 1824 1433 1891 qua
1457 1809 1680 1878 antecedens.

617 1959 899 2043 Subscriptioaes
923 1961 1092 2027 testium:

616 2084 728 2199 †ego
744 2111 968 2181 sikembardo
993 2082 1023 2199 †
1049 2129 1114 2198 ego
1138 2112 1323 2196 iaquintus
1347 2115 1521 2183 notarius.

1367 2693 1608 2773 DXLIX.

1297 2925 1301 2928 ’
1349 2956 1404 3032 Α.
1433 2953 1484 3031 n.
1513 2951 1641 3033 1ooo.

613 3161 649 3300 †
667 3215 706 3279 In
732 3215 876 3280 nomine
901 3213 1035 3280 domini
1060 3212 1323 3298 quartodecimo
1339 3230 1435 3281 anno
1451 3212 1674 3300 principatus
1689 3213 1810 3281 domni
1826 3216 1939 3282 nostri
1953 3215 2134 3301 guaimari
2149 3216 2304 3302 glorioso
2319 3218 2421 3304 prin·

565 3368 658 3454 cipe,
683 3383 803 3434 mense
819 3365 1023 3452 ianuarius,
1039 3367 1157 3451 prima
1181 3363 1386 3432 indictione.
1412 3363 1498 3432 Cum
1523 3366 1730 3451 supradicta
1752 3366 1909 3452 gloriosa
1932 3371 2104 3453 potestate
2129 3368 2322 3438 secundum
2345 3370 2421 3458 glo·

565 3519 620 3586 rie
645 3518 836 3604 dignitatis
861 3537 922 3584 sue
947 3516 1102 3586 residere
1126 3517 1367 3586 sacratissimo
1390 3517 1610 3586 salernitano
1632 3519 1781 3607 palatiu,
1806 3522 1841 3587 et
1864 3519 1914 3587 ibi
1938 3523 2075 3588 astaret
2091 3538 2157 3606 ego
2173 3520 2347 3590 iohannes
2363 3523 2420 3590 iu-

568 3671 639 3740 dex
663 3689 744 3738 curn
768 3669 889 3757 plures
915 3668 1107 3754 novilibus,
1132 3667 1250 3755 ibique
1272 3675 1447 3736 venerunt
1468 3671 1615 3740 adelferi
1638 3676 1675 3741 et
1697 3673 1915 3742 infantulum
1938 3673 2035 3742 inira
2049 3677 2144 3742 etate
2159 3673 2302 3742 nomine
2317 3675 2420 3762 guai-

571 3822 642 3891 feri
668 3823 831 3912 germani
856 3822 921 3890 filii
946 3822 1124 3908 quondam
1148 3821 1296 3888 roderisi
1320 3820 1382 3908 qui
1404 3823 1571 3893 risandus
1594 3828 1755 3913 vocabat,
1771 3831 1807 3895 et
1821 3826 2024 3913 provolutus
2039 3829 2093 3895 est
2108 3825 2182 3914 ipse
2198 3827 2416 3895 infantulum

575 3981 624 4048 ha
649 3979 756 4066 pedes
781 3976 977 4063 supradicti
1000 3977 1145 4063 gloriosi
1169 3976 1343 4063 principis
1365 3995 1500 4064 suaque
1523 3980 1770 4049 necessitatem
1793 3980 1961 4049 intimare
1977 3980 2164 4068 volentem,
2182 3997 2267 4067 ypse
2290 3980 2420 4068 glorio·

574 4149 636 4200 sus
660 4131 834 4228 princeps¹
849 4131 1006 4217 precepit
1036 4131 1124 4198 mihi
1149 4148 1230 4198 eum
1254 4129 1336 4197 inde
1359 4130 1498 4218 erigere
1521 4137 1557 4200 et
1579 4131 1681 4198 illum
1704 4134 1955 4220 interrogare;
1980 4135 2143 4220 quitnam
2165 4139 2248 4202 exet
2271 4121 2418 4204 causam

573 4284 681 4354 istam
704 4302 768 4371 pro
793 4305 865 4372 qua
889 4283 1066 4369 clamatis3
1092 4287 1129 4351 at
1154 4283 1212 4351 ille
1235 4283 1327 4370 cepit
1341 4283 1478 4353 dicere:
1493 4285 1569 4372 ipse
1585 4285 1724 4372 genitor
1740 4290 1859 4354 noster
1875 4304 1897 4353 a
1913 4285 2078 4372 plurimis
2095 4287 2312 4375 temporibus
2327 4306 2420 4355 mor·

571 4441 658 4507 tuus
681 4444 793 4508 estet
816 4440 918 4507 nobis
941 4439 1099 4506 debitum
1122 4438 1169 4506 ad
1193 4436 1404 4506 salbandum
1427 4438 1573 4506 dimisit.
1599 4441 1692 4525 Ypse
1715 4437 1890 4526 gloriosus
1912 4437 2076 4525 princeps
2098 4438 2188 4509 talia
2204 4441 2416 4510 haudientes

574 4591 815 4679 interrogavit
838 4594 953 4680 nobis,
978 4597 1153 4679 quantum
1176 4597 1259 4660 exet
1281 4592 1357 4679 ipso
1380 4592 1537 4660 debiturn
1559 4597 1595 4660 et
1617 4609 1685 4676 que
1708 4591 1750 4658 de
1773 4593 1878 4658 rebus
1901 4596 2024 4659 nostra
2046 4591 2264 4661 venumdare
2287 4594 2416 4680 volere3

575 4761 640 4812 nos
664 4745 835 4829 diximus,
861 4745 907 4812 ud
931 4747 1007 4832 ipso
1029 4747 1186 4814 debitum
1210 4750 1263 4814 est
1286 4745 1359 4814 tari
1382 4746 1547 4832 triginta,
1572 4749 1607 4812 et
1630 4746 1775 4811 abemus
1799 4761 1872 4811 una
1895 4744 2030 4829 peciola
2055 4743 2097 4813 de
2120 4750 2219 4815 terra
2242 4766 2359 4816 vacua
2381 4749 2419 4815 in

576 4898 692 4964 locum
716 4897 911 4981 huliaria')
934 4899 997 4967 illa
1021 4905 1123 4985 parte
1146 4901 1267 4984 haqua
1289 4901 1349 4983 qui
1373 4898 1505 4965 dicitur
1526 4899 1618 4986 lopa,
1644 4916 1749 4982 quem
1772 4897 1954 4983 cupiemus
1976 4897 2120 4965 vindere
2143 4917 2208 4986 pro
2230 4899 2306 4986 ipso
2320 4900 2418 4969 debi-

576 5056 663 5120 turn.
690 5053 783 5138 Ypse
808 5051 983 5137 gloriosus
1008 5053 1172 5139 princeps
1193 5054 1284 5121 talia
1309 5049 1531 5138 haudienteS,
1555 5055 1712 5140 precepit
1729 5052 1833 5138 mihi,
1858 5053 1905 5118 ud
1929 5071 2099 5122 unacum
2116 5054 2185 5140 ipsi
2201 5061 2366 5141 germani
2384 5069 2422 5133 et

576 5223 658 5272 curn
682 5204 765 5274 aliis
788 5203 992 5271 hominibus
1016 5204 1120 5271 deum
1137 5206 1315 5292 timentes,
1334 5226 1439 5294 super
1455 5209 1533 5293 ipsa
1549 5205 1684 5294 peciola
1707 5226 1870 5294 pergere,
1887 5212 1923 5275 et
1938 5206 2092 5276 studiose
2109 5209 2173 5279 illa
2185 5213 2369 5297 providere
2386 5223 2424 5284 et

577 5355 794 5444 appretiare,
821 5361 995 5442 quantum
1013 5361 1095 5424 exet
1119 5357 1322 5444 vellentem,
1341 5360 1388 5426 ud
1403 5363 1544 5446 propter
1560 5362 1729 5428 honorem
1746 5361 1937 5429 solidorum
1953 5367 2016 5431 aut
2031 5382 2094 5450 per
2110 5364 2334 5452 neclegentia
2351 5367 2420 5436 ali-

586 5608 1037 5626 m—

616 5758 639 5840 ¹)
661 5760 830 5828 Huliotu'o,
856 5757 953 5818 hodic
981 5757 1140 5836 Optioria,
1165 5755 1258 5816 vicus
1281 5774 1383 5835 prope
1407 5753 1593 5816 Salernum.
