5318 7102
896 577 1079 653 REGUM
1105 580 1430 656 FRANCORUM
1997 585 2045 660 45

282 805 324 878 ad
350 827 414 878 nos
439 805 638 901 ponendum
664 801 763 877 nobis
790 804 972 889 rationem,
1001 805 1031 877 si
1057 813 1177 878 nostra
1202 805 1442 904 adimpleverit
1468 806 1590 880 iussio.
1612 805 1735 880 Postea
1752 806 1919 882 habemus
1937 830 2018 882 curn
2035 807 2094 881 dei

281 963 466 1051 adiutorio,
494 962 645 1060 qualiter
671 963 797 1038 melius
818 963 1081 1060 previderimus.

234 1125 371 1201 Placuit
405 1124 505 1200 nobis
538 1134 639 1221 atque
666 1125 842 1212 convenit,
872 1134 910 1200 ut
935 1149 1056 1200 omnes
1082 1127 1232 1201 iustitias
1258 1129 1406 1224 pleniter
1432 1129 1523 1202 lacta
1549 1150 1625 1200 esse
1653 1127 1800 1202 debeant
1826 1129 1918 1204 inira
1943 1153 2092 1227 regnum

282 1297 440 1363 nostrum
467 1286 594 1382 absque
623 1285 693 1360 ulla
717 1287 931 1375 dilatatione,
958 1297 1029 1362 tem
1055 1290 1097 1361 de
1124 1289 1313 1364 aecclesiae
1340 1313 1441 1385 quarn
1460 1290 1684 1376 sinodochiis,
1713 1313 1773 1364 seo
1790 1315 1970 1389 pauperes,
1991 1302 2025 1370 et
2042 1295 2096 1367 vi·

282 1451 380 1538 daras,
409 1449 464 1523 vel
491 1451 643 1538 orlanos,
673 1460 774 1544 atque
794 1450 836 1522 de
854 1450 1007 1544 reliquos
1024 1449 1196 1540 homines,
1216 1451 1430 1525 saecundum
1457 1451 1625 1525 iustitiam
1652 1451 1770 1524 domni
1797 1451 1907 1526 karoli
1934 1454 2027 1550 regis
2053 1456 2092 1551 ι).

234 1610 465 1700 lnstituimus,
495 1619 533 1686 ut
557 1612 706 1685 domnus
732 1637 790 1684 rex
815 1612 956 1686 karolus
981 1612 1200 1684 demandavit
1226 1612 1269 1684 de
1296 1611 1376 1684 illos
1402 1610 1591 1684 Monacbcs
1617 1634 1702 1709 quae
1729 1614 1772 1685 de
1798 1612 1942 1701 lrancia,
1972 1613 2027 1686 vel
2050 1614 2095 1688 de

283 1769 360 1842 aliis
386 1771 602 1844 devenerunt
627 1771 729 1859 locis,
758 1779 792 1842 et
817 1793 939 1844 eorum
965 1770 1175 1843 monasteria
1201 1769 1423 1860 dimiserunt,
1452 1773 1497 1845 Ut
1514 1771 1757 1869 presentaliter
1775 1772 1847 1845 illis
1865 1772 2021 1869 partibus
2040 1797 2096 1848 re-

284 1937 439 2003 vertatur
465 1929 508 2002 ad
534 1930 754 2017 monasteria,
783 1937 818 2002 et
843 1953 945 2003 nemo
972 1954 1014 2002 ex
1038 1929 1136 2004 vobis
1163 1931 1277 2027 ipsum
1303 1931 1488 2005 deteneant
1511 1933 1548 2027 ²).

233 2089 283 2162 De
309 2086 509 2182 presbiteris
535 2087 594 2183 qui
620 2087 662 2159 de
690 2086 756 2160 alia
781 2087 960 2184 parrochia
986 2088 1144 2176 veniunt,
1174 2097 1212 2162 ut
1237 2089 1366 2174 nullus,
1382 2113 1440 2163 eos
1464 2088 1612 2164 debeant
1628 2087 1782 2185 recipere
1802 2089 1877 2161 sine
1895 2089 2098 2166 dimissoria

283 2250 436 2345 episcopi
463 2249 518 2322 sui
544 2249 581 2346 ⁸).

235 2411 285 2482 De
311 2411 496 2506 episeopis,
526 2409 717 2497 abbatibus,
746 2410 944 2498 comitibus,
974 2434 1033 2484 sec
1059 2409 1151 2484 bassi
1177 2410 1377 2498 dominicis,
1406 2412 1461 2484 vel
1488 2411 1632 2505 reliquis
1651 2411 1863 2499 hominibus,
1884 2413 1944 2508 qui
1964 2414 2004 2485 ad
2023 2414 2097 2510 pla·

284 2567 392 2637 citum
419 2565 578 2651 veniunt,
607 2565 662 2638 vel
690 2565 901 2660 ubicumque
927 2589 987 2662 per
1013 2591 1159 2662 regnum
1185 2576 1343 2640 nostrum
1369 2577 1529 2664 pergunt,
1558 2577 1691 2642 utnon
1718 2578 1919 2666 presumant
1938 2569 2016 2666 ipsi,
2037 2578 2097 2644 aut

283 2726 442 2798 homines
468 2750 590 2800 eorum
616 2725 721 2798 alicui
748 2725 923 2799 bominem
950 2750 1012 2798 sua
1039 2750 1144 2800 causa
1169 2728 1305 2817 tollere,
1335 2730 1390 2802 vel
1417 2753 1519 2802 suum
1545 2727 1738 2802 laboratum
1757 2730 1792 2800 in
1810 2737 1958 2817 tantum,
1981 2729 2095 2803 sinon

282 2887 558 2983 comparaverit,
592 2894 651 2960 eut
677 2887 749 2984 ipse
775 2885 951 2960 hominem
977 2911 1037 2982 per
1063 2913 1125 2962 sua
1150 2899 1337 2987 spontanea
1364 2889 1524 2962 voluntas
1550 2888 1582 2958 ei
1609 2911 1679 2960 non
1705 2887 1853 2962 dederit.
1883 2889 1925 2963 llt
1951 2890 2093 2982 quando

283 3046 449 3120 hibernus
474 3057 611 3142 tempus
637 3047 768 3136 luerit,
797 3048 915 3121 nullus
941 3047 1064 3121 debeat
1091 3049 1305 3120 mansionem
1332 3058 1447 3120 vetare
1481 3047 1523 3118 ad
1558 3047 1650 3143 ipsos
1678 3047 1862 3134 iterantes,
1891 3048 1927 3118 in
1953 3056 2092 3122 tanturn

280 3205 374 3300 quod
400 3206 473 3302 ipse
499 3207 535 3278 in
562 3187 657 3280 veste
682 3207 780 3279 nulla
806 3229 911 3281 causa
935 3207 1034 3281 tollat
1052 3201 1095 3313 ⁸).v
1111 3208 1153 3280 Et
1179 3211 1208 3282 si
1234 3207 1359 3302 aliquis
1385 3208 1450 3281 hoe
1476 3208 1590 3280 lacere
1617 3209 1879 3304 presumpserit,
1907 3216 2023 3282 tamen
2042 3234 2097 3282 sc·

285 3368 413 3455 niores,
442 3389 648 3462 quamquam
675 3377 710 3440 et
735 3365 888 3462 bassalli,
917 3376 951 3440 et
976 3367 1048 3466 ipse
1075 3367 1177 3442 homo
1196 3366 1323 3440 ibidem
1342 3369 1383 3440 ad
1402 3393 1461 3440 eos
1479 3366 1781 3464 proclamaverint,
1802 3368 1900 3439 Tunc
1917 3369 2094 3458 volumus,

285 3537 321 3600 ut
346 3527 375 3600 si
402 3528 643 3624 presentaliter
669 3529 740 3624 ipse
768 3530 827 3624 qui
853 3529 918 3602 hoe
944 3530 1078 3615 fecerit,
1108 3529 1173 3602 lroo
1199 3529 1290 3624 quod
1319 3529 1361 3601 ad
1388 3529 1502 3624 ipsum
1527 3527 1707 3600 hominem
1744 3527 1848 3610 tulit,
1882 3527 2097 3602 saecundum

284 3713 381 3768 suam
407 3691 520 3786 legem
545 3689 787 3787 presentaliter
813 3689 993 3762 emendate
1020 3713 1089 3762 non
1116 3689 1259 3776 luerint,
1289 3690 1387 3762 Tunc
1405 3669 1596 3776 volumus,
1626 3697 1664 3762 ut
1689 3688 1762 3784 ipse
1789 3689 1847 3785 qui
1873 3688 1938 3760 hoc
1965 3689 2096 3762 malum

284 3849 418 3938 lecerit,
447 3859 567 3924 contra
592 3853 704 3946 ipsum
731 3849 921 3931 hominem,
950 3850 1009 3944 qui
1036 3851 1250 3945 proclamant
1268 3873 1365 3922 suam
1391 3850 1518 3945 legem,
1538 3848 1698 3921 emendet
1716 3858 1751 3922 et
1769 3851 1810 3921 ad
1828 3849 1995 3945 palatium
2012 3850 2097 3922 ban-

286 4035 369 4083 num
395 4018 553 4084 nostrum
580 4017 777 4105 componat,
806 4032 867 4104 pro
893 4008 977 4103 quid
1004 4031 1108 4104 super
1134 4015 1292 4081 nostrum
1318 4008 1471 4080 bannum
1496 4009 1611 4081 lacere
1639 4032 1744 4082 ausus
1770 4009 1836 4082 luit
1860 4011 1899 4106 5ι.

237 4173 341 4249 Stetit
366 4169 466 4245 nobis
492 4171 534 4243 de
560 4171 639 4244 illos
664 4169 823 4244 homines
849 4171 908 4265 qui
935 4168 1026 4242 infra
1053 4169 1149 4242 italia
1173 4191 1294 4242 eorum
1320 4169 1475 4241 seniores
1500 4167 1705 4258 dimittunt,
1739 4177 1777 4243 ut
1802 4168 1921 4244 nullus
1947 4193 2006 4244 eos
2033 4173 2098 4244 de·

234 4503 455 4514 ----
462 4501 641 4511 --------
646 4501 685 4511 υ-

279 4892 302 4972 ²)
322 4889 407 4953 Mur.
431 4889 515 4952 xlv.

278 5041 303 5120 ⁸)
322 5037 407 5102 Mur.
432 5035 499 5100 XV.

258 5185 302 5267 ιι)
322 5185 443 5248 lnvece
467 5183 500 5246 di
522 5189 650 5248 tantum
670 5181 757 5264 quod
777 5181 850 5263 ipse
871 5178 906 5242 in
926 5184 1021 5244 veste
1042 5175 1135 5244 nulla
1156 5192 1256 5242 eausa
1276 5175 1376 5242 tollat
1392 5176 1416 5239 il
1431 5176 1515 5240 Mur.
1533 5178 1587 5240 he:
1604 5183 1734 5244 tantum
1748 5178 1834 5260 quod
1847 5179 1912 5261 ipsi
1933 5180 2099 5252 iterantes

236 5331 363 5410 iniuste
382 5329 492 5394 nullas
524 5345 639 5394 causae
668 5325 802 5392 tollant.
836 5326 935 5388 Nella
962 5326 1047 5388 Nota
1075 5325 1130 5406 poi
1152 5326 1203 5406 20)
1224 5342 1297 5406 pag.
1330 5324 1391 5388 121
1422 5323 1514 5386 dice:
1540 5347 1555 5384 u
1582 5323 1761 5405 Quicqmm
1782 5329 1969 5407 suspicatur
1989 5347 2102 5398 oasam

234 5479 346 5559 potios
368 5478 440 5540 beie
462 5494 528 5539 esse
551 5477 730 5557 legendum.
761 5475 877 5538 Verum
897 5473 993 5536 mulla
1015 5472 1212 5534 correctione
1234 5476 1280 5532 est
1302 5487 1394 5549 opus.
1411 5469 1581 5550 Siquidem
1602 5477 1723 5533 veteres
1746 5475 1917 5554 inferioris
1939 5479 2011 5540 oevi
2026 5493 2104 5542 oau-

239 5638 294 5687 eas
316 5625 474 5687 dicerunt
490 5641 554 5702 pro
577 5621 690 5684 rebus:
714 5621 802 5684 unde
825 5621 942 5683 italico
962 5639 1024 5682 occ
1047 5635 1125 5682 cose
1149 5641 1176 5680 u.

280 5769 304 5850 8)
326 5770 450 5866 Queste
472 5769 582 5850 legge,
607 5768 848 5851 specialmente
871 5785 968 5828 verso
992 5764 1024 5827 la
1047 5765 1132 5839 sine,
1158 5781 1274 5828 manea
1296 5761 1329 5825 di
1347 5763 1454 5825 ‘molte
1476 5761 1592 5844 parole
1618 5763 1681 5826 che
1706 5765 1735 5826 si
1758 5763 1898 5846 leggono
1928 5769 1984 5832 nel
2013 5770 2101 5838 Mur.

240 5917 281 5980 N.
304 5916 387 5992 XVI;
408 5916 577 5988 concorda
598 5920 679 6000 perd
703 5917 738 5978 in
761 5913 855 5978 molti
878 5911 992 5993 luoglri
1016 5913 1066 5976 coi
1083 5910 1196 5976 Codici
1220 5911 1361 5973 Estense
1380 5929 1397 5973 e
1414 5909 1605 5976 blodenese.
1629 5912 1691 5994 (Cf.
1708 5912 1793 5980 Mur.
1809 5933 1883 5997 pag.
1901 5916 1960 5980 ιιι
1978 5919 2018 5980 N.
2036 5920 2100 6004 30).
