5376 7094
609 519 632 588 6
1259 517 1434 591 CODEX
1459 514 1726 591 GAVENSIS

559 743 705 830 ginare,
721 747 761 812 11
784 745 978 831 perfectum
1002 745 1083 813 illut
1107 744 1307 814 laboratum
1330 749 1527 832 abeamus;
1551 749 1592 813 ut
1614 741 1660 811 ad
1685 739 1850 828 completi
1873 740 1998 809 amodo
2021 742 2098 808 octo
2122 741 2211 807 anni
2236 738 2279 808 de
2302 753 2417 826 quan·

560 900 636 963 tum
659 898 714 962 est
737 897 813 980 ipso
835 897 1017 982 baouum,
1041 897 1101 981 qui
1127 896 1224 964 infra
1248 899 1327 982 ipsa
1349 895 1517 964 tradictio
1540 890 1642 960 modo
1665 895 1746 975 est,
1770 891 1884 956 totum
1908 890 1989 961 illut
2014 892 2185 960 abeamus
2217 893 2355 956 surtum
2379 893 2416 957 et

559 1053 772 1135 operatum,
796 1050 889 1116 sicut
911 1047 954 1114 de
977 1052 1096 1116 tantos
1120 1067 1235 1118 annos
1258 1049 1431 1117 meruerit
1454 1049 1490 1114 et
1514 1045 1610 1112 locus
1635 1043 1711 1127 ipse
1734 1045 1788 1110 est
1810 1042 2038 1127 consuetude,
2062 1044 2098 1110 et
2113 1044 2225 1109 toturn
2243 1058 2303 1109 eos
2318 1042 2415 1108 omni

559 1204 714 1285 tempore
738 1199 874 1268 clusum
898 1199 1068 1266 abeamus
1091 1202 1127 1266 11
1150 1197 1291 1267 salbum
1314 1199 1502 1284 1111111111,
1526 1200 1562 1263 11
1584 1177 1742 1282 tempore
1764 1194 1807 1262 de
1831 1193 2009 1262 vindemie
2030 1194 2205 1262 iaciamus
2221 1193 2313 1260 scire
2331 1209 2414 1278 par·

561 1351 656 1416 tibus
680 1350 849 1418 iamdicte
872 1349 1020 1418 ecclesie
1043 1350 1160 1418 sancti
1185 1349 1352 1436 maximi,
1376 1353 1416 1416 ut
1438 1348 1575 1434 dirigat
1592 1346 1724 1414 ibidem
1741 1347 1890 1413 missum
1906 1365 2025 1432 suum,
2041 1351 2078 1413 11
2094 1361 2158 1410 111
2174 1348 2249 1412 tota
2266 1343 2345 1429 ipsa
2361 1361 2419 1412 ar-

562 1503 666 1570 busta
680 1501 952 1588 vindemiemus,
968 1507 1004 1570 et
1019 1503 1135 1569 omnis
1151 1503 1289 1590 vinum,
1305 1520 1413 1588 quam
1437 1501 1480 1569 de
1502 1503 1577 1568 tota
1594 1499 1672 1586 ipsa
1688 1497 1902 1568 tradictione
1919 1497 2066 1585 exierit,
2082 1515 2145 1583 per
2164 1495 2321 1564 medium
2338 1493 2420 1564 illut

565 1655 686 1739 ibique
702 1655 747 1721 ad
764 1653 984 1740 palmentum
1000 1653 1221 1720 dividamus:
1239 1655 1403 1740 partibus
1419 1654 1575 1740 predicte
1590 1650 1738 1722 ecclesie
1754 1651 1857 1719 tollat
1871 1668 1930 1718 eos
1948 1652 2190 1739 medietatem,
2207 1656 2323 1719 einos
2346 1671 2418 1722 me-

559 1803 750 1890 dietatem3
767 1809 803 1873 11
821 1806 898 1891 ipsa
914 1823 1037 1872 eorum
1054 1804 1210 1872 sortione
1225 1821 1291 1870 nos
1307 1804 1389 1872 illut
1404 1823 1617 1890 reponamus
1642 1807 1681 1872 in
1705 1822 1902 1892 organeum
1926 1803 2069 1872 illorum
2092 1822 2196 1890 quem
2221 1803 2323 1870 nobis
2345 1805 2413 1875 ibi-

558 1957 637 2025 dem
654 1957 938 2044 adsignaverint,
955 1975 1018 2043 per
1034 1973 1097 2022 nos
1113 1957 1314 2025 conciatum
1331 1974 1462 2024 vonum
1477 1961 1513 2024 11
1527 1958 1721 2046 repositum
1736 1957 1776 2024 in
1801 1959 1879 2045 ipsa
1903 1978 1988 2028 casa
2012 1957 2105 2046 quod
2130 1958 2262 2026 ibidem
2287 1958 2410 2026 seceri-

560 2131 654 2201 mus,
671 2115 764 2182 sicut
778 2110 950 2197 diximuS,
966 2116 1002 2179 et
1018 2111 1157 2180 salbum
1173 2081 1363 2196 faciamus,
1380 2109 1575 2196 usquedum
1591 2107 1674 2178 illut
1689 2109 1772 2178 inde
1787 2111 1911 2179 tulerit
1926 2113 2060 2196 absque
2078 2109 2354 2196 degeneratione
2376 2118 2414 2180 et

561 2270 688 2354 ingne3
705 2267 781 2351 ipso
796 2265 959 2351 missum,
975 2263 1067 2349 quod
1083 2262 1215 2331 ibidem
1230 2263 1385 2350 venerit,
1402 2280 1463 2331 seu
1481 2264 1598 2350 ipsum
1615 2267 1737 2349 petrus
1753 2264 1941 2351 presbiter,
1958 2281 2023 2330 nos
2038 2262 2111 2332 illis
2128 2265 2343 2352 nutriamus,
2354 2265 2413 2334 do-

558 2437 624 2487 nec
640 2435 704 2502 pro
720 2417 795 2503 ipse
810 2415 988 2482 vindemie
1004 2414 1135 2482 ibidem
1152 2415 1304 2498 steterit,
1320 2415 1514 2482 secundum
1530 2419 1690 2483 nostram
1704 2417 1988 2503 possivilitatem,
2004 2421 2041 2486 et
2055 2418 2179 2485 demus
2200 2437 2322 2487 eorum
2338 2417 2415 2505 pal-

558 2573 753 2640 mentatica
768 2589 831 2658 per
847 2572 962 2637 omnis
976 2587 1113 2637 annum
1130 2587 1241 2637 unum
1256 2569 1398 2656 parium
1414 2569 1456 2636 de
1480 2567 1568 2654 pulli
1593 2569 1697 2656 voni;
1722 2570 1814 2638 etde
1830 2571 1923 2655 quod
1947 2570 2079 2640 ibidem
2103 2571 2415 2654 seminaverimus,

558 2725 682 2792 demus
697 2723 827 2792 exinde
843 2744 965 2794 eorum
982 2722 1189 2793 annualiter
1205 2723 1414 2792 terraticum
1431 2719 1625 2789 secundum
1640 2721 1932 2789 consuetudinem
1947 2723 1989 2790 de
2006 2723 2082 2808 ipso
2106 2722 2235 2809 locum,
2260 2727 2296 2792 11
2318 2741 2414 2794 amo·

558 2881 602 2948 do
618 2881 653 2944 et
668 2895 806 2962 semper
823 2879 986 2963 partibus
1003 2877 1115 2962 ipsius
1131 2873 1279 2942 ecclesie
1295 2872 1412 2941 sancti
1428 2871 1579 2940 maximi
1596 2871 1781 2942 defensare
1797 2873 1905 2942 michi
1922 2875 2019 2944 etad
2037 2877 2125 2944 meis
2150 2877 2315 2946 eredibus
2338 2883 2413 2950 tota

557 3033 593 3098 11
608 3028 734 3096 inclita
749 3027 995 3114 suprascripta
1011 3025 1179 3094 tradictio
1194 3043 1276 3092 cum
1291 3024 1368 3092 vice
1384 3021 1426 3091 de
1441 3022 1500 3092 via
1516 3039 1582 3092 sua
1597 3023 1643 3093 da
1659 3041 1781 3094 omnes
1803 3027 1964 3094 homines
1987 3029 2155 3114 omnique
2178 3033 2354 3122 partibus,
2378 3039 2415 3104 et

557 3199 629 3251 non
646 3198 704 3249 eos
720 3181 822 3248 nobis
837 3179 960 3248 tollere
975 3183 1039 3248 aut
1053 3182 1220 3247 eontrare
1235 3181 1375 3264 querat,
1392 3180 1506 3245 11111
1521 3181 1618 3247 11111
1633 3184 1790 3268 tempore
1806 3183 1846 3249 in
1862 3185 1941 3271 ipsa
1957 3185 2171 3254 tradiotione
2187 3191 2363 3258 abitemus
2376 3197 2413 3262 et

556 3341 695 3406 nostros
711 3335 843 3404 eredes.
862 3340 994 3422 preter,
1012 3336 1042 3402 si
1057 3333 1104 3402 da
1120 3333 1190 3420 ipsi
1206 3336 1283 3400 octo
1300 3333 1388 3401 anni
1405 3335 1443 3402 in
1461 3337 1568 3404 antea
1584 3337 1664 3423 ipsa
1680 3337 1847 3406 tradictio
1869 3339 2089 3408 noluerimus
2112 3347 2234 3414 tenere
2258 3351 2294 3413 et
2316 3345 2411 3414 labo·

558 3510 654 3580 rare,
672 3491 856 3558 licentiam
872 3491 1043 3559 abeamus
1060 3488 1143 3556 inde
1160 3489 1261 3557 exire
1277 3507 1357 3556 eum
1373 3490 1489 3556 omnis
1505 3494 1628 3560 nostra
1644 3510 1754 3561 causa
1769 3497 1805 3561 et
1820 3513 1969 3582 pergere
1985 3498 2046 3564 ubi
2063 3499 2295 3585 uoluerimus,
2306 3503 2342 3568 et
2357 3501 2412 3569 in-

556 3643 642 3711 olita
659 3643 737 3729 ipsa
753 3643 860 3710 rebus
876 3641 1054 3728 laborata,
1071 3641 1177 3726 quale
1193 3640 1254 3708 illo
1268 3645 1426 3729 tempore
1442 3643 1628 3729 meruerit,
1645 3647 1681 3712 et
1695 3643 1796 3712 clusa
1811 3663 1892 3712 cum
1908 3646 2025 3733 ipsum
2041 3649 2236 3736 applictum
2260 3651 2302 3719 de
2325 3670 2412 3722 casa

555 3789 757 3862 conciatum
782 3809 926 3877 vonum,
943 3797 980 3860 et
996 3793 1072 3878 ipso
1086 3793 1308 3880 palmentum
1324 3793 1549 3862 remittamus
1565 3796 1611 3866 ad
1627 3803 1835 3884 potestatem
1859 3801 2016 3887 predicte
2039 3803 2201 3889 ecclesie,
2218 3805 2263 3874 ad
2278 3803 2412 3873 sacien-

553 3946 638 4015 dum
655 3945 746 4032 quod
762 3946 925 4014 voluerit.
943 3946 1041 4014 Unde
1057 3965 1122 4033 pro
1137 3947 1260 4016 taliter
1275 3967 1339 4032 per
1355 3965 1448 4016 vona
1463 3951 1724 4022 combenientia
1739 3955 1874 4041 quadie
1896 3955 2008 4023 michi
2032 3956 2107 4043 ipse
2131 3961 2254 4044 petrus
2276 3957 2412 4045 presbi-

554 4104 609 4167 ter
625 4117 688 4186 per
704 4099 935 4186 largietatem
950 4101 986 4166 et
1001 4099 1261 4167 absolutionem
1277 4101 1390 4186 ipsius
1406 4099 1527 4168 domni
1551 4102 1687 4170 maioni
1711 4103 1821 4192 dedit,
1845 4109 1881 4173 et
1904 4106 2136 4176 mediatorem
2159 4111 2270 4180 michi
2293 4114 2411 4199 posuit

555 4267 675 4319 amore
690 4248 860 4318 clericum
875 4249 991 4318 fllium
1006 4250 1224 4336 rodelgardi3
1240 4255 1277 4319 et
1291 4269 1354 4338 per
1370 4253 1449 4339 ipsa
1464 4255 1599 4340 guadio
1614 4255 1788 4344 obligavit
1803 4275 1840 4328 se
1857 4260 1932 4346 ipse
1947 4260 2098 4328 domnus
2121 4266 2238 4332 abbas·
2247 4270 2283 4333 11
2298 4268 2410 4352 parti·

555 4405 619 4470 bus
634 4402 791 4489 predicte
806 4401 954 4470 ecclesie
970 4403 1086 4471 sancti
1103 4404 1268 4490 maximi,
1292 4407 1332 4472 ut
1348 4404 1379 4472 si
1397 4407 1527 4495 aliquit
1541 4409 1584 4479 de
1599 4411 1733 4500 omnia,
1749 4417 1790 4481 ut
1804 4417 1969 4501 superius
1986 4416 2132 4504 legitur,
2148 4435 2328 4486 removere
2346 4423 2411 4486 aut

560 4561 724 4624 contrare
740 4557 926 4643 quesierit,
942 4560 978 4625 11
992 4555 1130 4643 taliter,
1146 4558 1239 4626 sicut
1253 4557 1388 4628 dictum
1403 4563 1470 4648 est,
1487 4563 1589 4630 nobis
1604 4581 1676 4632 non
1693 4564 1954 4656 adimpleverit,
1978 4573 2014 4637 et
2037 4568 2168 4656 aliquit
2183 4570 2312 4638 exinde
2328 4587 2411 4639 con-

556 4707 763 4794 tradixerit,
779 4725 987 4795 componere
1002 4711 1104 4778 nobis
1118 4711 1320 4798 nostrisque
1336 4713 1501 4782 eredibus
1518 4715 1651 4802 biginti
1667 4719 1750 4787 auri
1766 4718 1895 4788 solidos
1910 4723 2166 4789 constantines.
2185 4723 2229 4789 Et
2246 4741 2316 4791 unc
2331 4726 2414 4795 bre·
2454 4741 2459 4750 ·

557 4860 635 4925 bem
652 4859 780 4926 scribsi
796 4876 863 4945 ego
878 4861 1062 4930 dauferius
1076 4866 1240 4934 notarius
1256 4867 1317 4951 qui
1335 4866 1495 4934 interlui.

601 4984 632 5099 †
657 5012 731 5098 Ego
755 5011 815 5096 qui
841 5029 950 5097 supra
974 5014 1068 5082 Maio
1091 5016 1366 5090 archidiaconus
1389 5025 1424 5088 et
1447 5021 1559 5090 abbas

603 5135 633 5250 †
658 5163 733 5248 Ego
756 5164 942 5250 iaquintus
964 5165 1136 5235 diaconus

581 5287 633 5402 †
659 5315 734 5402 Ego
757 5317 819 5402 qui
843 5334 952 5402 supra
976 5322 1098 5402 petrus
1120 5321 1295 5404 presbiter
1318 5327 1355 5390 et
1378 5323 1577 5393 cardinalis

600 5442 630 5558 †
655 5471 730 5558 Ego
753 5471 848 5538 maio

601 5595 632 5710 †
658 5623 734 5709 Ego
758 5627 879 5708 petrus
902 5639 958 5691 me
982 5623 1176 5710 subscripsi

601 5745 631 5860 †
658 5773 730 5860 Ego
755 5777 939 5860 iaquintus
962 5777 1125 5844 notarius
1150 5795 1206 5845 me
1229 5781 1435 5866 subscripsi.

1269 5942 1717 5958 m
