5376 7104
630 505 700 580 238
1278 508 1452 580 CODEX
1485 505 1750 578 CllVENSlS

492 826 495 834 Ι
582 733 720 821 iudice,
744 739 784 802 ut
807 733 883 822 ipse
906 733 1080 804 iohannes
1104 734 1255 803 clericus
1285 735 1358 802 illio
1388 751 1487 802 meus
1518 734 1624 802 abeat
1652 736 1687 800 et
1709 729 1876 798 deteneat
1899 746 1962 796 sue
1994 726 2178 814 potestatis
2213 741 2334 793 omnes
2362 743 2428 794 sua

578 889 711 973 parata
733 893 769 956 et
791 887 992 974 conquisita
1015 889 1107 976 quod
1131 889 1232 956 modo
1254 890 1350 972 abet,
1375 891 1411 956 et
1433 887 1544 957 faciat
1566 883 1650 952 inde
1673 882 1793 951 omnia
1815 880 1907 968 quod
1933 879 2100 965 voluerit;
2116 883 2153 947 et
2175 879 2207 948 si
2230 879 2305 965 ipse
2329 879 2425 948 mari

579 1039 711 1128 aliquit
735 1041 972 1128 conquisitum
996 1042 1099 1128 abet,
1124 1039 1290 1110 similiter
1312 1041 1484 1108 securiter
1509 1038 1590 1106 illut
1611 1041 1716 1106 abeat
1749 1037 1833 1122 sivi,
1864 1039 1900 1103 et
1930 1034 2041 1102 saciat
2075 1032 2157 1100 inde
2187 1033 2310 1100 omnia
2334 1031 2427 1117 quod

581 1192 748 1284 boluerit,
774 1193 870 1270 Quod
894 1194 924 1260 si
948 1194 1071 1263 taliter
1094 1191 1228 1280 omnia,
1253 1190 1424 1279 quomodo
1446 1195 1482 1258 et
1505 1189 1660 1277 qualiter
1675 1165 1838 1276 superius
1854 1185 2026 1272 iudicavi,
2051 1185 2183 1270 aliquit
2198 1183 2280 1251 inde
2297 1181 2423 1250 credes

578 1366 677 1418 meas
700 1347 999 1436 contradixerint,
1022 1352 1059 1416 et
1080 1345 1172 1416 talia
1194 1364 1267 1414 non
1283 1346 1570 1434 adimpleverint,
1587 1349 1623 1414 et
1638 1363 1697 1414 eos
1713 1345 1894 1412 remobere
1917 1340 2109 1427 boluerint,
2134 1343 2222 1407 tunc
2244 1357 2308 1426 per
2333 1354 2427 1406 vona

578 1501 842 1570 convenientia
865 1501 982 1586 obligo
1005 1499 1126 1568 eredes
1150 1516 1247 1567 meas
1271 1497 1316 1566 ad
1339 1497 1618 1584 componendum
1642 1497 1687 1566 ad
1711 1496 1764 1565 illi
1787 1495 1981 1583 ominibus,
2004 1493 2064 1561 cui
2087 1511 2157 1561 unc
2182 1494 2356 1580 scriptum
2375 1496 2427 1559 te-

580 1656 751 1723 stamenti
776 1653 815 1721 in
839 1671 984 1722 manum
1008 1649 1182 1739 paruerit,
1207 1650 1471 1738 quinquaginta
1493 1653 1575 1720 auri
1598 1651 1725 1719 solidos
1749 1647 2072 1735 constantinianae,
2096 1651 2132 1716 et
2147 1647 2241 1714 sicut
2255 1649 2292 1715 et
2307 1642 2425 1731 quali·

579 1815 636 1879 ter
660 1808 823 1896 superius
847 1807 1002 1894 disposui
1026 1812 1062 1874 et
1085 1804 1254 1888 iudicavi,
1271 1803 1365 1872 omni
1384 1807 1542 1892 tempore
1562 1806 1706 1873 firmum
1723 1809 1759 1873 et
1775 1804 1939 1874 stabilem
1953 1801 2167 1892 permanead
2193 1803 2232 1869 in
2256 1801 2426 1870 iamdicta

580 1963 734 2048 ratione,
757 1965 793 2028 et
816 1960 938 2030 taliter
962 1959 1118 2027 scribere
1141 1958 1344 2045 rogavimus
1367 1961 1403 2025 te
1427 1957 1629 2026 romoaldus
1651 1959 1828 2045 notarius,
1851 1959 1970 2025 actum
1993 1955 2143 2023 nuceria

623 2086 655 2202 †
682 2133 747 2202 ego
771 2116 833 2201 qui
858 2133 969 2201 supra
992 2109 1223 2200 truppoaldus
1245 2111 1421 2198 presbiter
1445 2116 1484 2180 at
1508 2114 1619 2181 abbas

624 2239 657 2355 †
682 2285 748 2355 ego
772 2268 933 2338 stefanus
956 2266 1134 2355 presbiter

628 2393 660 2508 †
685 2440 751 2510 ego
775 2421 884 2489 lando
907 2422 1096 2507 presbiter.

1339 2991 1675 3074 DCLXXVI.

1367 3254 1422 3331 A.
1451 3252 1501 3330 D.
1530 3251 1654 3332 1014.

628 3497 665 3637 †
689 3550 728 3614 In
751 3547 894 3615 nomine
917 3545 1052 3613 domini
1075 3544 1242 3614 vicesimo
1273 3548 1375 3612 sexto
1399 3561 1494 3612 anno
1523 3543 1748 3632 principatus
1770 3543 1892 3611 domni
1917 3542 2030 3611 nostri
2056 3543 2252 3631 guaimarii
2276 3541 2430 3630 glorioso

582 3701 767 3790 principe,
791 3719 911 3770 mense
934 3699 1112 3786 abbreliS,
1136 3698 1407 3768 tertiadecima
1432 3695 1458 3781 ¹)
1483 3695 1689 3766 indictione.
1716 3697 1864 3784 ideoque
1887 3713 1953 3782 ego
1976 3696 2131 3764 iohanne
2153 3696 2287 3764 domini
2313 3696 2432 3784 gratia

582 3859 696 3926 abbas
719 3857 927 3925 monasterii
950 3854 1063 3924 sancti
1087 3851 1274 3921 michaelis
1298 3850 1522 3938 archangeli,
1547 3853 1608 3938 qui
1626 3852 1664 3919 in
1681 3851 1886 3920 lucaniense
1908 3851 2042 3918 finibus
2066 3850 2174 3919 situm
2188 3854 2256 3936 est,
2273 3837 2430 3938 declaro,

582 4012 669 4098 quia
684 4030 769 4099 pars
785 4011 899 4078 nostri
915 4007 1122 4077 monasterii
1138 4009 1260 4094 plures
1271 4008 1354 4074 abet
1365 4005 1557 4074 ereditates
1569 4003 1725 4072 maxime
1739 4005 1877 4090 bacive,
1889 4009 1925 4072 ct
1936 4021 2136 4092 congruum
2148 4005 2238 4072 mibi
2254 4009 2310 4072 est
2325 4005 2429 4073 exin·

580 4163 728 4234 dedere
744 4181 817 4230 una
833 4163 933 4249 pecia
956 4160 999 4229 de
1024 4165 1122 4228 terra
1146 4160 1299 4227 bacuum
1315 4157 1360 4227 ad
1376 4155 1630 4244 pastinandum
1654 4155 1761 4225 binca
1784 4161 1821 4225 et
1842 4153 1983 4243 salices,
1999 4173 2062 4224 seu
2084 4161 2121 4224 et
2143 4156 2217 4224 alia
2239 4174 2359 4245 poma,
2384 4158 2428 4228 ad

580 4317 708 4407 georgi
732 4316 845 4384 fllium
869 4315 999 4384 stefani
1024 4312 1084 4400 qui
1110 4312 1178 4378 fuit
1200 4311 1347 4379 natibus
1364 4310 1407 4379 dc
1423 4311 1595 4399 calabria,
1620 4310 1679 4378 ubi
1698 4311 1799 4379 modo
1822 4310 1955 4378 residet
1979 4311 2054 4397 ipso
2076 4311 2194 4380 casale
2218 4329 2328 4396 supra
2352 4313 2428 4398 ipso

581 4471 775 4559 molinello,
801 4469 864 4557 qui
887 4472 940 4536 est
962 4469 1070 4534 rebus
1090 4463 1199 4532 vestri
1223 4463 1446 4550 monasterii;
1467 4463 1562 4532 unde
1584 4483 1647 4551 pro
1671 4465 1812 4535 firmam
1835 4463 2070 4534 sterilitatem
2094 4463 2318 4551 perreximus
2342 4467 2429 4534 ante

541 4633 545 4642 ‘
580 4623 718 4692 idoneis
742 4619 933 4707 subscripti
956 4623 1084 4704 testes,
1108 4622 1144 4688 et
1167 4617 1210 4684 de
1234 4616 1328 4684 sicut
1351 4616 1453 4684 nobis
1476 4634 1675 4703 congruum
1697 4621 1772 4701 est,
1798 4634 1891 4685 vona
1913 4615 2048 4685 etenim
2080 4619 2173 4686 bona
2196 4616 2427 4688 bolumtatcm

580 4783 619 4846 et
639 4735 706 4864 'per
730 4775 958 4862 largiebatem
990 4772 1110 4840 domni
1134 4771 1297 4841 mansoni
1335 4769 1481 4838 inclitus
1505 4770 1683 4839 castaldus
1706 4789 1768 4856 per
1798 4787 1866 4838 anc
1889 4788 2029 4857 quoquc
2061 4770 2226 4840 videlicet
2250 4772 2430 4842 cartulam

581 4928 796 5000 tradidimus
819 4927 886 4995 tivi
910 4924 1114 5013 supradicto
1138 4923 1262 5012 georgi
1286 4924 1367 5010 ipsa
1390 4923 1549 5009 predicta
1572 4923 1674 5010 pecia
1688 4923 1730 4992 de
1745 4927 1858 5010 terra,
1874 4943 1943 5010 que
1959 4928 2012 4992 cst
2027 4927 2174 5012 propria
2189 4927 2297 4992 rebus
2315 4929 2425 4996 vestri

580 5081 803 5167 monasterii,
828 5085 868 5148 ut
890 5078 997 5148 liceat
1019 5085 1055 5149 te
1081 5084 1116 5148 et
1138 5075 1210 5147 tuis
1233 5077 1398 5146 eredibus
1421 5078 1460 5145 in
1483 5078 1560 5164 ipsa
1582 5083 1681 5148 terra
1704 5078 1873 5165 residere,
1897 5077 1929 5146 si
1954 5079 2153 5166 bolueritis,
2170 5084 2207 5148 et
2223 5079 2429 5167 pastinare,

578 5241 617 5306 et
640 5236 739 5304 sobee
762 5239 799 5304 et
820 5235 936 5303 omnis
959 5237 1075 5301 vestre
1099 5229 1268 5300 utilitatis
1291 5231 1422 5299 ibidem
1446 5232 1575 5320 lacere,
1591 5239 1627 5301 et
1649 5233 1692 5301 de
1715 5237 1888 5320 quantum
1912 5233 2038 5300 binum
2061 5238 2098 5303 et
2121 5235 2277 5304 frudium
2302 5233 2432 5303 amodo

579 5397 616 5460 et
640 5409 750 5478 usque
774 5395 908 5476 septem
932 5391 1019 5458 anni
1044 5383 1209 5475 completi
1235 5387 1318 5455 inde
1342 5385 1467 5453 tollere
1490 5389 1527 5454 et
1550 5389 1655 5455 abere
1679 5387 1880 5474 potueritis
1904 5391 2018 5456 totum
2033 5391 2069 5458 et
2085 5407 2107 5457 a
2122 5389 2282 5458 funditus
2309 5395 2429 5457 vestra

583 5647 910 5656 m*
920 5645 1023 5652 ...ι-..μ-

623 5828 646 5906 ¹)
667 5827 805 5889 Rectius
829 5825 1029 5888 duodecima.
