5318 7102
939 554 1120 645 unuuu
1159 557 1486 652 unaucoauu

934 1004 1102 1070 DOMNUS
1126 1008 1390 1073 LUTTHARIUS
1413 1011 1500 1072 REX

957 1344 1334 1436 LOTTHARIUS
1365 1348 1489 1438 REX

333 1710 376 1781 Ut
402 1711 602 1782 cancellarii
630 1714 733 1787 electi
760 1717 839 1788 boni
860 1727 894 1789 et
913 1744 1053 1792 veraces
1072 1734 1165 1795 corta
1184 1723 1321 1818 publica
1347 1727 1626 1812 conscribantur,
1656 1729 1742 1798 Ante
1770 1727 1889 1798 comiti
1917 1735 1951 1798 et
1969 1729 2143 1800 escavinis

331 1872 386 1942 vel
423 1871 563 1942 vicariis
602 1875 700 1960 eius,
731 1885 764 1947 et
790 1878 878 1948 nulli
906 1881 1016 1952 mortis
1043 1881 1107 1953 boc
1135 1883 1247 1957 lacere
1273 1898 1449 1981 presumat
1476 1890 1517 1960 de
1545 1890 1704 1983 pecunia,
1733 1898 1915 1981 antequam
1942 1888 2092 1982 legimus
2112 1893 2135 1984 ¹)

330 2031 479 2122 pretium
506 2030 643 2104 dentur.
665 2041 689 2130 ²)

284 2187 319 2258 si
347 2191 424 2280 quis
451 2189 552 2262 home
579 2193 691 2266 aliona
718 2222 822 2268 uxore
849 2199 1119 2288 adulteraverit,
1149 2216 1182 2275 et
1209 2206 1420 2277 saecundum
1448 2208 1560 2301 legem
1587 2209 1618 2277 ci
1646 2210 1680 2278 iu
1709 2234 1813 2280 mauu
1841 2212 1963 2282 tradita
1990 2211 2138 2294 luerint,
2303 2199 2313 2218 ’

330 2347 372 2420 Er
397 2359 514 2444 postea
540 2353 746 2425 convinctus
773 2357 914 2441 luerint,
944 2323 1096 2453 partibus
1123 2362 1271 2456 publicis
1299 2364 1522 2458 recipiantur,
1547 2377 1580 2437 et
1606 2369 1662 2458 qui
1692 2369 1805 2462 ipsum
1824 2377 2061 2462 comparatum
2082 2370 2140 2440 lra-

329 2505 481 2593 buerint,
510 2513 658 2603 pretium
686 2538 786 2586 suum
814 2518 933 2610 perdat
958 2522 995 2612 3).

282 2666 325 2735 Ut
351 2667 536 2740 comitibus
564 2672 691 2744 nostris
718 2673 897 2746 licentiam
925 2676 1072 2749 habeant
1099 2681 1361 2774 inquisitionem
1389 2684 1500 2754 lacere
1519 2689 1556 2778 ⁸),
1578 2685 1745 2756 Volumus
1764 2686 1805 2754 dc
1825 2684 2135 2779 obbligationibuS,

329 2824 371 2894 Ut
398 2826 516 2898 nullus
542 2828 701 2901 homines
727 2857 787 2926 per
814 2846 1081 2923 sacramentum,
1109 2863 1173 2910 nec
1201 2864 1259 2936 per
1277 2843 1343 2914 alia
1363 2843 1587 2936 obligatione,
1617 2845 1862 2916 adunationem
1882 2847 1997 2916 lacere
2015 2869 2136 2940 presu-

254 2983 256 2988 ’
329 2993 410 3069 mat3
440 2988 528 3058 etsi
556 2988 620 3060 boo
647 2990 760 3061 lacere
786 2996 1048 3088 presumpserit,
1079 2999 1176 3068 Tunc
1204 3001 1245 3070 de
1265 3002 1334 3072 illis
1352 3005 1409 3095 qui
1430 3002 1524 3098 prius
1544 3004 1655 3098 ipsum
1675 3005 1862 3074 consilium
1877 3004 2132 3088 inchoaverint,

327 3148 394 3218 but
420 3149 478 3240 qui
505 3147 568 3220 boc
596 3153 725 3224 lactum
753 3155 889 3238 babent,
919 3157 953 3226 in
981 3159 1084 3228 exilio
1112 3159 1153 3231 ab
1180 3161 1252 3253 ipso
1279 3185 1394 3232 comcs
1422 3163 1455 3230 in
1483 3163 1618 3234 corsica
1637 3163 1816 3235 mittantur
1834 3174 1867 3234 et
1887 3164 1945 3233 illa
1965 3163 2031 3234 alia
2048 3163 2132 3233 ban-

328 3329 410 3376 num
438 3320 620 3402 componat
646 3333 689 3382 tx
716 3314 802 3384 ictos
829 3315 998 3409 accipiant

278 3663 728 3681 ——fi—-m

316 3941 340 4022 ¹)
362 3943 512 4023 lenimus:
538 3947 737 4026 legitimum.

314 4089 338 4169 ²)
360 4092 405 4152 Le
428 4093 530 4172 Leggi
555 4093 587 4156 di
610 4096 741 4158 Lutario
764 4115 775 4158 1
799 4100 1004 4162 cominciano
1029 4101 1058 4161 al
1081 4103 1187 4182 primo
1210 4103 1280 4182 rigo
1304 4102 1357 4164 del
1381 4101 1470 4165 detto
1494 4103 1596 4182 foglio
1624 4103 1685 4166 238
1706 4121 1807 4166 verso.
1824 4140 1865 4150 -
1880 4105 2004 4179 Questa
2025 4107 2134 4186 primo

273 4234 370 4316 legge
395 4242 558 4304 concorda
580 4243 631 4304 col
654 4246 694 4306 N.
718 4245 778 4308 XII
801 4246 853 4308 del
876 4247 1046 4310 Muratori.
1071 4249 1168 4310 Nella
1190 4251 1256 4312 fine
1280 4252 1303 4312 il
1327 4258 1439 4314 nostro
1463 4249 1624 4316 concorda
1646 4253 1906 4330 perfettamente
1930 4251 1981 4313 ool
2006 4251 2126 4314 Codice

272 4383 426 4460 Estense,
452 4389 507 4449 nel
531 4390 628 4469 quale
646 4392 675 4452 si
691 4391 799 4470 legge:
817 4392 857 4456 Et
870 4394 960 4459 nullo
981 4395 1074 4460 modo
1096 4397 1156 4460 hoo
1179 4398 1289 4461 lacere
1311 4405 1505 4477 presumant
1520 4397 1560 4460 de
1575 4395 1728 4478 pecunia,
1744 4404 1922 4478 antequam
1944 4395 2128 4476 teutonum

270 4533 416 4612 pretinm
447 4535 555 4600 detur.
578 4539 606 4599 Il
628 4538 711 4600 Mur.
735 4541 819 4601 Nota
840 4541 892 4622 tn)
913 4559 986 4620 pag.
1011 4543 1072 4604 138
1099 4544 1225 4624 riperta
1256 4546 1427 4626 puranohe
1458 4552 1575 4625 questo
1608 4545 1704 4624 luogo
1728 4545 1781 4606 del
1806 4544 1883 4608 noo.
1909 4546 2039 4618 Esten.,
2073 4564 2127 4606 ma

271 4681 328 4743 nel
358 4701 418 4745 suo
452 4690 538 4746 testo
568 4687 685 4749 invece
709 4687 769 4749 ha:
795 4693 829 4751 ot
849 4689 951 4752 nullis
973 4689 1077 4754 modis
1099 4690 1161 4753 hoo
1183 4691 1295 4752 facere
1317 4696 1505 4770 presumat,
1529 4687 1569 4752 de
1593 4689 1781 4753 substantia
1802 4695 1915 4754 autem
1937 4705 1997 4753 sua
2022 4689 2131 4768 leuiti-

271 4846 359 4895 mum
381 4832 525 4912 pretium
548 4831 657 4898 detur.

310 4977 334 5057 8)
355 4979 439 5041 Mur.
464 4981 504 5042 ΙΙ.

309 5123 333 5204 ⁸)
356 5126 480 5200 Questa
502 5127 598 5205 legge
623 5127 837 5209 corrisponde
862 5128 893 5189 al
916 5129 957 5191 N.
981 5128 1026 5190 III
1050 5129 1104 5190 del
1127 5135 1212 5200 testo
1234 5129 1458 5192 Muratoriano
1481 5129 1546 5190 sino
1570 5129 1610 5189 ad
1632 5126 1876 5207 inquisitionem
1891 5130 2016 5202 facem
2034 5147 2126 5190 mau-

270 5291 351 5336 oano
373 5279 454 5354 pert
477 5276 508 5339 le
531 5277 659 5358 parole,
684 5276 725 5341 de
747 5279 820 5359 ipsa
842 5277 1072 5360 conjunctione
1101 5275 1260 5341 adulterii
1284 5277 1346 5340 che
1370 5277 1399 5337 si
1423 5277 1563 5356 leggono
1587 5275 1642 5336 nel
1665 5275 1839 5349 Muratori,
1864 5275 1888 5334 il
1911 5274 2011 5354 quale
2035 5275 2127 5336 nella

267 5417 351 5480 Noto
372 5423 403 5504 2)
424 5441 498 5504 pag.
521 5424 582 5486 137
605 5431 737 5487 arverto
761 5425 823 5487 ohe
848 5448 863 5484 «
889 5447 909 5488 o
931 5443 1065 5505 corporo
1087 5423 1414 5505 Loupoborcticorom
1428 5421 1496 5485 Leo
1518 5425 1583 5484 isto
1605 5421 1703 5484 obest:
1726 5440 1830 5503 raeque
1852 5439 1962 5484 eomo
1984 5421 2127 5484 Botuza'o

269 5591 283 5627 (ι
307 5571 430 5634 editam
453 5574 674 5636 animadverti
699 5597 726 5633 u.
751 5570 845 5636 Dalla
865 5571 980 5652 parole
1008 5573 1063 5652 poi
1085 5571 1240 5637 Volumus
1263 5571 1303 5635 de
1324 5569 1598 5651 obligationibus,
1630 5571 1703 5631 sino
1727 5569 1791 5630 alla
1814 5569 1880 5631 fine
1905 5568 2122 5650 corrisponde

267 5717 296 5780 al
320 5721 359 5782 N.
384 5720 437 5794 lv,
463 5741 560 5784 meno
583 5722 615 5784 le
638 5722 764 5803 parole,
788 5720 879 5786 Etsi
901 5720 1126 5811 taliamento,
1151 5721 1207 5802 qui
1228 5737 1292 5786 non
1313 5722 1434 5786 habeat
1454 5720 1541 5786 unde
1558 5725 1739 5820 componat,
1763 5719 1871 5801 prima
1895 5719 1941 5792 di,
1966 5719 2015 5783 Lx
2037 5719 2124 5784 ictos

265 5867 438 5950 accipiant.

455 6017 525 6074 Tou.
546 6035 582 6076 rr.
1913 6035 1930 6090 t
