5310 7080
579 545 625 614 98
1218 539 1393 610 CODEX
1427 541 1693 614 CAVENSIS

538 784 620 834 cum
646 767 708 832 illo
732 767 791 833 ubi
818 764 1051 848 noluerimus,
1077 764 1215 850 etipsa
1239 769 1338 834 terra
1362 770 1477 836 bacua
1501 788 1581 836 cum
1604 770 1824 856 parietibuS‚
1849 769 1880 836 si
1906 769 1978 836 illis
2002 768 2127 836 diebus
2150 766 2281 835 ibidem
2304 766 2390 835 sacti

539 895 724 1006 abuerint,
749 921 908 985 rebertas
933 915 978 984 ad
1001 919 1173 1002 potestate
1197 916 1311 1003 ipsius
1333 918 1505 1005 ecclesie3
1529 927 1650 990 tamen
1675 922 1705 990 si
1730 920 1948 990 boluerimus
1972 922 2050 1008 ipsa
2066 940 2149 991 casa
2166 921 2204 987 in
2221 919 2390 988 solarium

537 1071 658 1141 lebare
682 1075 718 1139 et
741 1072 873 1158 facere,
890 1071 997 1157 quale
1013 1069 1243 1159 boluerimus‚
1260 1075 1469 1158 potestatem
1494 1075 1663 1141 abeamus
1687 1061 1744 1143 eos
1768 1075 1885 1143 facere
1908 1079 1944 1142 et
1959 1076 2065 1142 abere
2083 1075 2121 1140 in
2137 1072 2387 1159 suprascripta

538 1226 690 1298 ratione.
716 1228 751 1291 et
775 1225 805 1291 si
829 1223 952 1291 taliter
975 1223 1096 1291 omnia
1120 1224 1366 1310 suprascripta
1397 1242 1458 1308 per
1483 1225 1687 1310 supradicto
1711 1225 1836 1293 ordine
1859 1227 1961 1294 nobis
1985 1227 2186 1311 nostrisque
2216 1224 2387 1292 eredibus

536 1395 608 1484 non
631 1375 895 1463 adinplebcrit,
928 1381 964 1444 et
994 1375 1125 1461 aliquit
1147 1374 1278 1442 exinde
1302 1377 1484 1444 remobere
1509 1382 1573 1444 aut
1595 1382 1760 1447 contrare
1785 1379 1969 1465 quesierit,
1993 1381 2080 1445 tunc
2105 1397 2168 1463 per
2192 1380 2271 1464 ipsa
2299 1396 2389 1465 gua-

535 1535 596 1606 dia
618 1533 795 1620 obligabit
818 1551 856 1600 se
880 1532 955 1619 ipse
980 1534 1093 1600 abbas
1116 1535 1152 1598 et
1176 1548 1393 1600 successores
1417 1549 1498 1599 suos
1521 1536 1558 1601 et
1574 1553 1657 1621 pars
1674 1533 1786 1619 ipsius
1802 1534 1948 1602 ecclesie
1965 1535 2010 1602 ad
2026 1533 2309 1620 componendum
2325 1552 2389 1603 nc-

538 1689 594 1756 bis
617 1689 819 1772 nostrisque
843 1686 1008 1756 eredibus
1031 1684 1185 1771 triginta
1207 1686 1285 1754 auri
1312 1685 1440 1754 solidos
1462 1686 1720 1773 constantium,
1744 1691 1780 1754 et
1804 1685 1990 1754 licentiam
2006 1688 2175 1754 abeamus
2191 1704 2255 1753 nos
2271 1691 2306 1754 et
2325 1703 2386 1752 no-

446 1833 450 1838 ’
536 1841 623 1908 stris
646 1839 813 1907 eredibus
837 1839 876 1905 in
900 1837 978 1923 ipsa
1001 1836 1135 1904 terrola
1157 1835 1219 1922 qui
1245 1840 1298 1904 est
1320 1837 1359 1904 in
1383 1837 1548 1922 partibus
1563 1837 1771 1924 occidentis,
1789 1855 1900 1922 usque
1917 1837 1994 1922 ipso
2012 1837 2243 1905 constitutum
2260 1837 2381 1906 iacere

535 1995 633 2064 iusta
657 1992 797 2061 ratione
821 1993 944 2058 nostra
967 1990 1137 2078 utilitate,
1160 1995 1196 2058 et
1219 2008 1377 2076 organea
1402 1987 1532 2056 ibidem
1557 1989 1736 2074 exemere,
1753 1990 1789 2056 et
1805 1989 1971 2056 conciare
1993 1988 2071 2056 sine
2087 1986 2279 2056 cuiuslibet
2307 2006 2387 2055 con-

531 2146 721 2217 trarietate
745 2163 809 2230 per
833 2140 1038 2229 supradicta
1054 2141 1187 2228 guadia
1210 2147 1246 2209 et
1261 2140 1421 2227 obligata
1437 2159 1543 2226 pena.
1561 2141 1596 2208 et
1613 2143 1707 2207 hunc
1724 2143 1868 2208 brebem
1891 2141 2018 2225 scripsi
2044 2157 2110 2224 ego
2133 2139 2297 2208 ademari
2322 2154 2384 2203 no-

530 2299 647 2366 tarius
662 2274 733 2383 ¹qui
758 2298 918 2366 interfui.

576 2423 608 2538 †
633 2453 708 2538 Ego
731 2453 793 2536 qui
817 2470 927 2537 supra
951 2449 1045 2518 maio
1068 2450 1241 2536 presbiter
1265 2455 1301 2518 et
1324 2451 1435 2517 abbas

577 2575 608 2692 †
633 2605 708 2690 Ego
732 2607 854 2689 petrus
877 2604 1051 2687 presbiter
1075 2607 1110 2671 et
1133 2600 1361 2689 primicerius

577 2729 608 2846 †
634 2759 709 2841 Ego
733 2757 905 2824 iohannes
929 2753 1103 2840 presbiter
1127 2760 1163 2821 et
1187 2752 1383 2822 cardinalis

576 2882 608 2999 †
632 2911 706 2998 Ego
731 2914 852 2996 petrus
876 2929 932 2978 me
955 2908 1147 2994 subscripsi

577 3033 608 3149 †
636 3065 711 3151 Ego
736 3062 925 3132 radoaldus
950 3061 1111 3131 notarius
1135 3079 1190 3127 me
1214 3059 1420 3146 subscripsi.

1231 3315 1555 3323 -—-—-.—.-.—-——--—-—.-
1566 3315 1574 3318 -
1591 3314 1679 3321 -.-.——

1334 3603 1571 3686 DXCIX.

1299 3865 1354 3944 A.
1383 3862 1434 3940 D.
1464 3859 1592 3943 1008.

570 4160 820 4226 summarium
833 4181 841 4226 :

568 4261 604 4401 ’ν’
629 4313 771 4382 Decimo
795 4331 888 4381 nono
911 4332 1006 4381 anno
1030 4311 1253 4400 principatus
1276 4308 1490 4394 Guaimarii,
1515 4326 1635 4376 mense
1658 4309 1840 4396 Ianuario,
1865 4314 1966 4379 sexta
1984 4310 2195 4381 indictione.

568 4480 700 4544 «Haec
724 4475 853 4540 charta
876 4471 919 4538 de
943 4469 1067 4538 eadem
1092 4469 1267 4536 locatione
1292 4465 1384 4552 agit,
1408 4465 1451 4531 de
1476 4483 1549 4549 qua
1573 4463 1799 4532 antecedens.

569 4631 702 4697 «Haec
727 4629 859 4694 adsunt
885 4628 1157 4709 subscriptiones
1181 4625 1344 4727 testium:

569 4755 598 4869 †
624 4799 690 4869 ego
715 4780 902 4850 radoaldus
928 4779 1091 4846 notarius
1115 4795 1171 4844 me
1196 4773 1388 4860 subscripsi

567 4909 597 5024 †
622 4954 688 5022 ego
712 4939 833 5022 petrus
857 4952 912 5001 me
936 4929 1144 5016 subscripsi.
