5376 7094
552 643 557 654 ¹
615 550 660 621 lt)
876 563 884 578 ·
1244 537 1417 612 CODEX
1455 532 1720 607 olvllhsls

525 777 531 790 “
566 779 639 843 tem
656 771 819 841 lavorare
835 771 871 837 et
886 767 1046 836 studiare
1067 817 1074 832 .
1095 816 1103 832 .
1125 814 1134 834 .
1158 765 1262 832 nobis
1284 763 1371 833 dare
1392 814 1399 830 .
1420 814 1428 830 .
1450 813 1458 830 .
1479 813 1487 830 .
1512 762 1579 830 sibi
1605 763 1751 830 habere:
1777 757 1944 827 similiter
1967 761 2004 825 ct
2027 757 2107 843 ipsa
2122 757 2364 844 medietatem,
2382 759 2431 827 si-

567 926 635 994 cud
658 923 845 1010 diximuS,
878 921 921 988 de
945 921 1022 1006 ipso
1045 919 1178 986 bictum
1202 915 1419 986 adducerent
1449 916 1531 985 illut
1554 917 1656 984 nobis
1685 916 1724 983 in
1744 915 1846 982 domo
1868 917 1992 981 nostra
2016 931 2098 980 cum
2119 913 2198 998 ipsa
2218 912 2327 980 tertia
2349 931 2432 999 par-

566 1086 603 1151 te
608 1127 821 1148 ........
845 1075 888 1142 de
913 1075 989 1160 ipso
1012 1073 1111 1141 bictu
1134 1071 1399 1140 rationabiliter
1423 1070 1495 1140 fiad
1518 1063 1666 1158 factum,
1690 1075 1726 1138 et
1748 1071 1908 1138 habeant
1930 1069 2012 1136 illut
2035 1068 2120 1136 sibi.
2145 1067 2244 1135 Unde
2261 1068 2300 1136 in
2318 1085 2360 1134 eo
2375 1085 2431 1136 or-

567 1233 651 1302 dine
666 1249 730 1317 per
754 1247 847 1296 vona
870 1225 1123 1295 convenientia
1139 1224 1275 1311 guadia
1297 1225 1388 1292 mihi
1413 1226 1489 1310 ipse
1504 1224 1634 1292 disidio
1649 1223 1730 1292 dedi
1746 1227 1781 1292 et
1797 1223 2029 1291 mediatorem
2055 1222 2146 1290 mihi
2169 1221 2287 1308 posuit
2304 1221 2431 1290 iohan-

569 1405 632 1455 nes
655 1385 752 1452 filius
775 1382 881 1466 meri;
905 1385 941 1448 et
957 1398 1020 1468 per
1044 1379 1168 1448 eadem
1183 1376 1319 1464 guadia
1335 1377 1510 1465 obligabit
1525 1395 1562 1444 se
1578 1381 1614 1445 et
1629 1395 1711 1444 suos
1726 1377 1891 1464 heredes,
1918 1376 1966 1444 ud
1990 1377 2021 1444 si
2040 1375 2084 1444 de
2100 1375 2235 1460 omnia,
2253 1377 2429 1461 quantum

568 1539 734 1624 superius
750 1535 925 1620 diximus,
942 1532 1074 1618 aliquit
1089 1529 1220 1599 exinde
1243 1532 1424 1598 remobere
1447 1535 1511 1600 aut
1534 1533 1700 1599 contrare
1716 1531 1904 1616 quesierit,
1919 1534 1955 1598 et
1971 1528 2094 1598 taliter
2118 1528 2204 1595 illut
2227 1528 2330 1594 nohis
2355 1545 2427 1594 non

568 1690 835 1775 adimpleberit,
852 1691 938 1754 tuno
954 1705 1017 1773 per
1042 1687 1120 1772 ipsa
1144 1683 1280 1770 guadia
1304 1684 1480 1769 obligabit
1503 1702 1540 1752 se
1565 1686 1641 1772 ipse
1656 1683 1787 1752 disidio
1802 1687 1838 1750 et
1854 1699 1937 1750 suos
1953 1677 2046 1748 filios
2065 1685 2101 1750 et
2117 1680 2240 1750 eredes
2266 1680 2312 1748 ad
2337 1699 2430 1747 com-

568 1843 772 1934 ponendum
788 1844 878 1910 mihi
895 1843 1035 1926 meique
1052 1838 1243 1906 heredibus
1258 1836 1379 1905 decem
1396 1839 1478 1907 auri
1495 1837 1625 1906 solidos
1641 1840 1903 1925 constantinos,
1919 1841 1955 1905 et
1970 1836 2071 1904 sicud
2094 1836 2261 1922 superius
2278 1835 2426 1922 legitur,

568 1999 652 2066 illut
664 1972 767 2064 nobis
780 1995 991 2082 adimplere3
1008 1996 1044 2060 et
1060 1995 1099 2062 in
1115 1991 1287 2078 completo
1301 1991 1377 2078 ipso
1399 1993 1631 2060 constitutum
1648 1991 1751 2059 illum
1767 1992 1897 2060 eteius
1914 1990 2063 2058 heredes
2080 1989 2212 2057 exinde
2229 1989 2330 2056 exire
2349 2008 2427 2057 oum

569 2151 684 2219 omnis
707 2169 774 2218 sua
791 2167 901 2217 causa
916 2147 1064 2216 mobilia
1079 2145 1172 2232 quod
1195 2145 1246 2213 ibi
1271 2147 1427 2234 abuerit,
1450 2147 1487 2213 et
1510 2146 1563 2212 ire
1587 2146 1649 2214 ubi
1673 2145 1840 2232 boluerit,
1870 2149 1906 2213 et
1927 2144 2050 2212 inclite
2074 2144 2150 2230 ipse
2172 2143 2294 2229 terris,
2318 2161 2431 2228 quan-

570 2307 649 2370 tum
672 2302 774 2370 modo
798 2317 863 2367 nos
886 2301 920 2367 ei
944 2298 991 2368 ad
1017 2298 1251 2366 laborandum
1274 2297 1488 2366 tradidimus
1512 2297 1609 2365 infra
1632 2297 1876 2386 suprascripte
1908 2298 2007 2382 flniS,
2031 2296 2154 2364 inclite
2178 2295 2225 2364 ad
2248 2298 2372 2363 nostra
2396 2306 2432 2367 et

564 2455 613 2524 'de
630 2455 765 2524 nostris
782 2453 975 2522 heredibus
991 2453 1174 2520 remittere
1197 2456 1385 2539 potestate,
1409 2452 1502 2538 quod
1526 2453 1654 2541 scripsi
1680 2471 1747 2541 ego
1771 2453 1938 2522 alderissi
1963 2453 2139 2521 notarius.

615 2583 646 2698 †
673 2611 747 2700 Ego
773 2609 972 2676 imetancus
996 2626 1111 2674 comes

616 2733 647 2848 †
673 2764 748 2849 Ego
772 2767 894 2848 petrus
917 2762 1079 2832 notarius
1103 2778 1159 2828 mo
1183 2760 1390 2848 subscripsi.

1375 3307 1614 3388 DXLIV.

1351 3569 1406 3646 A.
1434 3570 1485 3647 D.
1514 3567 1642 3650 1002.

620 3781 655 3920 †
673 3834 713 3900 ln
737 3834 881 3900 nomine
904 3832 1040 3900 domini
1056 3833 1319 3918 quartodecimo
1335 3848 1431 3900 anno
1446 3830 1671 3916 principatus
1687 3828 1808 3895 domni
1824 3827 1937 3895 nostri
1952 3827 2137 3914 guaimari
2155 3826 2304 3914 gloriosi
2328 3825 2429 3912 prin·

571 3985 677 4072 cipis,
695 4003 816 4053 mense
832 3987 956 4074 iulius,
973 3987 1242 4072 quintadecima
1254 3985 1460 4055 indictione.
1476 3981 1765 4052 Memoratorium
1778 3980 1912 4048 lactum
1924 3999 1947 4049 a
1959 3997 2015 4048 me
2029 3978 2225 4046 musandus
2241 3979 2431 4047 venerabi·

574 4137 621 4206 lis
635 4141 747 4208 abbas
763 4141 975 4209 monasterii
991 4145 1113 4210 sancte
1128 4141 1217 4208 suile
1232 4139 1294 4224 qui
1313 4139 1383 4206 fuit
1397 4137 1554 4224 gualieri
1577 4134 1673 4203 tilius
1696 4132 1870 4221 guaiferii
1886 4131 2041 4218 comitis,
2065 4148 2106 4199 eo
2120 4129 2215 4218 quod
2238 4135 2323 4202 ante
2346 4133 2429 4200 sub·

577 4292 704 4378 scripti
719 4295 826 4361 testes
842 4293 977 4362 tradidi
993 4294 1101 4361 ciceri
1118 4292 1191 4360 filio
1207 4293 1301 4361 idem
1317 4291 1426 4360 ciceri
1442 4290 1505 4376 qui
1520 4288 1653 4356 dicitur
1668 4286 1876 4372 mauritese,
1889 4302 1964 4352 una
1978 4284 2080 4372 pecia
2095 4283 2138 4352 de
2151 4288 2251 4353 terra
2263 4304 2345 4351 cum
2361 4284 2430 4354 ali-

574 4447 703 4531 quanti
718 4448 840 4514 arbori
856 4448 962 4516 vitati
978 4451 1013 4515 et
1028 4405 1142 4534 pomis
1154 4445 1197 4515 de
1210 4447 1325 4514 locum
1340 4443 1568 4530 campelianu
1583 4441 1805 4510 salernitane
1821 4439 1954 4506 finibus
1969 4439 2209 4526 pertinentem
2226 4441 2332 4507 rebus
2348 4437 2429 4526 ipsa

576 4597 620 4666 de
643 4601 859 4669 monasterio
882 4601 999 4669 sancti
1023 4599 1169 4689 angeli,
1191 4599 1284 4685 quod
1307 4615 1373 4686 ego
1389 4598 1570 4685 predictus
1594 4597 1706 4665 abbas
1728 4595 1866 4663 retineo
1888 4613 1952 4680 per
1974 4593 2064 4662 lines
2086 4599 2123 4662 et
2145 4611 2362 4662 mensuras:
2384 4595 2428 4663 de

575 4750 646 4820 due
661 4754 775 4839 partis
791 4753 862 4822 fine
885 4755 942 4822 bie
965 4756 1124 4842 antiche,
1148 4758 1183 4823 et
1205 4755 1248 4824 de
1272 4753 1342 4823 alie
1366 4753 1481 4841 partis
1504 4753 1575 4819 fine
1599 4749 1713 4838 ipsius
1737 4749 1967 4818 monasterii:
1993 4769 2016 4818 a
2039 4753 2142 4836 parte
2166 4753 2429 4836 septemtrionis

578 4904 662 4973 inde
679 4911 763 4974 sunt
777 4907 872 4992 passi
891 4909 1095 4993 sexaginta:
1113 4911 1252 4994 aparte
1267 4893 1461 4976 occidentis
1477 4903 1560 4973 inde
1576 4905 1660 4971 sunt
1674 4903 1770 4990 passi
1786 4901 1852 4970 alii
1868 4901 2076 4990 sexaginta:
2090 4907 2138 4973 ha
2150 4909 2252 4992 parte
2268 4905 2431 4974 meridiei

579 5055 663 5126 inde
686 5061 772 5126 sunt
794 5059 892 5146 passi
917 5059 1049 5144 biginti
1066 5059 1256 5146 quadtuor:
1281 5061 1328 5128 ab
1352 5059 1488 5127 oriente
1506 5061 1552 5128 ab
1569 5059 1665 5126 intro
1680 5057 1758 5144 ipsa
1770 5058 1878 5125 rebus
1901 5055 1984 5125 inde
2007 5062 2092 5127 sunt
2114 5059 2211 5145 passi
2234 5059 2433 5146 nonaginta

578 5215 666 5298 tres,
691 5217 727 5280 et
744 5211 950 5280 rebolbente
966 5211 1005 5278 in
1021 5230 1106 5299 pars
1121 5213 1384 5299 septemtrionis
1407 5211 1490 5280 inde
1514 5217 1598 5280 sunt
1621 5213 1718 5298 passi
1742 5212 1959 5298 quindecim,
1984 5216 2020 5280 et
2043 5211 2247 5282 rebolbente
2270 5215 2375 5299 quasi
2391 5215 2430 5283 in

579 5364 659 5451 ipsa
673 5383 758 5451 pars
773 5366 1038 5452 septemtrionis
1054 5366 1137 5434 inde
1153 5368 1238 5434 sunt
1253 5366 1348 5454 passi
1367 5369 1458 5452 octo,
1482 5369 1518 5434 et
1541 5367 1588 5434 ab
1611 5365 1695 5434 inde
1719 5364 1922 5434 rebolbente
1945 5365 1985 5432 in
2009 5384 2094 5453 pars
2118 5365 2312 5436 occidentis
2335 5369 2432 5454 passi

579 5517 850 5605 quadtuordeci,
873 5521 1072 5589 mensurati
1096 5520 1142 5590 ad
1158 5523 1251 5590 iusto
1266 5538 1412 5610 passum
1427 5519 1551 5588 omini.
1577 5519 1744 5588 lnclitum
1768 5519 1864 5606 illut,
1888 5521 1982 5589 sicut
1995 5520 2170 5608 diximuS,
2194 5539 2276 5588 cum
2295 5522 2372 5590 bice
2388 5521 2431 5590 de

580 5671 655 5757 ipse
673 5671 729 5738 bie
745 5670 827 5740 illut
841 5672 994 5742 tradidit
1015 5672 1083 5743 tali
1098 5673 1236 5764 ordine,
1261 5677 1302 5742 ut
1323 5674 1449 5743 amodo
1463 5676 1500 5743 et
1514 5691 1652 5762 semper
1668 5677 1753 5744 nato
1768 5663 1954 5743 nascentes
1970 5673 2016 5746 ad
2032 5693 2098 5744 sua
2114 5678 2150 5744 et
2166 5675 2209 5744 de
2226 5675 2301 5744 suis
2317 5673 2431 5784 eredi-

580 5823 645 5890 bus
661 5843 737 5893 esse
753 5828 938 5913 potestatis
955 5827 1037 5897 illut
1052 5829 1258 5915 tenendum,
1283 5833 1319 5899 et
1341 5831 1440 5900 fovee
1462 5833 1499 5899 et
1522 5830 1638 5898 omnis
1654 5848 1717 5898 sue
1732 5831 1902 5901 utilitatis
1926 5831 2022 5902 iusta
2037 5832 2215 5902 rationem
2234 5831 2368 5900 ibidem
2383 5831 2433 5899 fa·
