5334 7098
1269 563 1442 639 GODEX
1476 562 1741 636 cavensis

1391 1161 1578 1248 DCLI.

1333 1488 1404 1580 Α.
1434 1485 1485 1563 D.
1513 1484 1636 1566 1012.

607 1786 643 1927 †
669 1839 707 1904 ln
733 1839 874 1904 nomine
898 1837 1032 1906 domini
1056 1857 1150 1908 anno
1173 1839 1340 1930 vicesimo
1369 1843 1500 1925 quarto
1524 1837 1750 1925 principatus
1778 1837 1898 1904 domni
1923 1836 2035 1903 nostri
2061 1837 2242 1923 guaimari
2266 1837 2412 1922 gloriosi

564 1991 751 2080 principis,
776 2009 896 2060 mense
920 1992 1084 2078 martine,
1102 1992 1239 2060 decima
1257 1992 1466 2061 indictione.
1485 1993 1775 2060 Memoratorium
1793 1991 1892 2059 sactu
1907 2011 1929 2059 a
1946 2009 2001 2059 me
2020 1989 2222 2058 domnellus
2240 1991 2414 2076 presbiter

562 2149 599 2210 et
623 2144 735 2212 abbas
758 2143 908 2212 ecclesia
932 2150 1054 2213 sancte
1078 2145 1193 2213 marie
1217 2144 1459 2230 pertinentem
1484 2145 1861 2232 supradicto-glorioso
1885 2145 2040 2231 principi
2062 2149 2097 2212 et
2122 2147 2271 2213 iohanni
2294 2147 2414 2214 comiti

560 2298 664 2366 l'ratri
680 2301 751 2384 sui,
776 2315 817 2365 eo
840 2299 932 2383 quod
956 2307 1039 2367 ante
1063 2300 1252 2385 subscripti
1270 2305 1376 2367 testes
1393 2317 1456 2386 per
1473 2319 1565 2369 vona
1586 2301 1848 2369 combenientia
1873 2299 2020 2368 tradidit
2043 2301 2178 2370 maioni
2203 2305 2238 2369 et
2262 2301 2412 2370 samueli

484 2474 489 2483 ·
556 2449 671 2534 ebrei,
688 2452 851 2535 germani
869 2450 934 2517 lilii
954 2451 1034 2518 inde
1050 2451 1159 2536 ebrei,
1176 2456 1274 2518 terra
1292 2450 1528 2536 pertinentem
1545 2450 1656 2536 ipsius
1671 2450 1819 2518 ecclesie
1835 2451 1932 2518 intus
1955 2452 2019 2518 hec
2035 2451 2299 2519 salernitanam
2324 2453 2411 2519 civi-

559 2605 671 2667 tatem
689 2599 784 2668 inter
807 2621 908 2669 muro
931 2607 966 2669 et
991 2603 1166 2669 muricino
1189 2604 1234 2671 ad
1260 2603 1336 2687 ipsa
1354 2600 1509 2706 iudaice,
1531 2605 1654 2688 inquo
1679 2601 1751 2669 illis
1775 2603 1875 2669 modo
1898 2621 1982 2671 oasa
2006 2602 2171 2670 edificata
2194 2605 2319 2690 habet,
2345 2623 2413 2689 que

559 2755 667 2822 babet
682 2755 765 2822 finis
781 2760 817 2822 et
833 2757 1010 2822 mensuris
1035 2756 1242 2842 supradicta
1258 2761 1380 2824 nostra
1397 2754 1584 2822 tradictio:
1603 2775 1625 2823 a
1641 2760 1742 2840 parte
1759 2754 1908 2821 orientis
1925 2755 1996 2820 fine
2014 2755 2126 2840 ipsius
2142 2754 2303 2842 ecclesie,
2321 2759 2413 2841 quod

540 2903 691 2974 'retinet
716 2907 762 2974 ad
787 2908 1016 2974 residendum
1034 2908 1104 2976 elia
1121 2910 1261 2992 ebreuS,
1280 2907 1362 2974 inde
1378 2908 1482 2993 pedes
1498 2907 1650 2994 triginta
1666 2913 1754 2975 octo:
1772 2928 1794 2976 a
1809 2912 1910 2992 parte
1926 2907 2188 2993 septemtrionis
2205 2909 2276 2975 line
2291 2910 2412 2995 platea

559 3081 629 3146 que
657 3062 754 3132 infra
778 3065 853 3149 ipso
878 3082 980 3129 muro
1002 3067 1038 3130 et
1062 3063 1239 3128 muricino
1263 3063 1395 3148 pergit,
1421 3063 1503 3130 inde
1527 3064 1631 3150 pedes
1655 3065 1775 3132 decem
1798 3069 1834 3131 et
1849 3068 1939 3130 octo:
1959 3084 1980 3131 a
1997 3069 2099 3150 parte
2117 3063 2310 3131 occidentis
2328 3065 2412 3132 inde

558 3219 663 3300 pedes
687 3218 753 3287 alii
778 3219 935 3306 triginta
959 3226 1048 3287 octo:
1074 3241 1095 3286 a
1120 3227 1220 3305 parte
1245 3220 1392 3286 meridie
1417 3221 1486 3287 line
1509 3239 1611 3286 muro
1627 3222 1708 3287 uius
1732 3220 1902 3312 civJ'tatis,
1920 3219 2001 3287 inde
2019 3219 2123 3306 pedes
2148 3219 2211 3288 alii
2237 3220 2411 3288 decernet

558 3377 653 3457 ricto,
679 3377 792 3439 totum
817 3374 861 3440 ad
886 3373 980 3439 iusto
1004 3373 1125 3459 pedem
1149 3393 1294 3440 manum
1319 3372 1454 3440 homini
1479 3379 1735 3440 mensuratum:
1762 3391 1823 3458 per
1848 3373 2048 3459 supradicte
2072 3373 2154 3439 linis
2177 3379 2212 3440 et
2229 3375 2410 3441 mensurie

558 3523 724 3591 inclitum
748 3523 830 3592 illut
854 3543 934 3592 cum
960 3527 1036 3592 bice
1059 3525 1101 3591 de
1126 3524 1204 3610 ipsa
1229 3524 1346 3609 platea
1372 3523 1513 3590 illorum
1537 3525 1699 3608 tradidit,
1723 3529 1758 3591 et
1783 3524 1853 3591 illis
1876 3542 1939 3611 pro
1963 3525 2085 3592 taliter
2104 3545 2165 3610 per
2182 3512 2407 3594 combenien-

557 3678 623 3760 tia,
649 3695 721 3744 una
745 3696 884 3746 mecum
909 3678 1031 3746 adesse
1056 3678 1238 3764 iaquintus
1262 3677 1424 3745 notarius
1455 3676 1702 3744 advocatorem
1727 3676 1836 3762 ipsius
1865 3677 2032 3762 ecclesie,
2058 3677 2192 3762 guallia
2216 3678 2322 3746 nobis
2347 3681 2408 3748 de·

555 3830 702 3913 derunt,
727 3834 763 3897 et
787 3831 1002 3900 mediatores
1026 3831 1127 3897 nobis
1151 3834 1344 3916 posuerunt
1368 3847 1404 3896 se
1423 3830 1523 3916 ipsis;
1540 3834 1578 3920 et
1598 3849 1660 3916 per
1686 3832 1763 3916 ipsa
1786 3831 1921 3916 guadia
1945 3831 2196 3916 obligaverunt
2219 3850 2256 3898 se
2280 3841 2317 3900 et
2334 3834 2407 3900 suis

558 3981 748 4050 heredibus
773 3986 897 4052 amodo
920 3991 954 4052 et
978 4005 1088 4070 usque
1112 3983 1316 4072 quindecim
1341 3985 1427 4052 anni
1453 3983 1617 4068 completi
1641 3980 1806 4048 inclitum
1831 3981 1912 4048 illut
1928 4001 1989 4050 sue
2015 3985 2201 4068 potestatis
2228 3990 2352 4054 tenere
2369 3993 2406 4054 et

555 4135 759 4220 dominare,
784 4141 820 4204 el
843 4138 940 4204 sebee
963 4142 998 4204 et
1014 4155 1097 4205 casa
1114 4137 1269 4222 lignitia,
1287 4137 1391 4222 quale
1408 4133 1573 4218 voluerit,
1589 4139 1624 4201 et
1639 4135 1752 4199 omnis
1776 4153 1838 4201 sue
1862 4135 2034 4202 utilitatis
2059 4134 2188 4202 ibidem
2214 4139 2348 4224 lacere,
2370 4147 2404 4208 et

557 4289 688 4355 ibidem
713 4289 884 4376 residere,
902 4295 937 4356 et
955 4290 1001 4359 ad
1016 4290 1239 4356 residendum
1256 4289 1341 4355 dare
1358 4289 1415 4356 oui
1434 4286 1598 4373 voluerit,
1613 4292 1649 4354 et
1665 4287 1788 4354 amodo
1804 4295 1839 4354 et
1856 4305 1967 4373 usque
1991 4289 2105 4356 tribus
2129 4291 2215 4357 anui
2241 4293 2406 4380 completi

557 4441 657 4510 nulla
680 4442 839 4528 datione,
864 4449 928 4511 aut
952 4462 1097 4512 censum
1120 4441 1202 4507 inde
1226 4460 1347 4508 eorum
1372 4442 1494 4508 tollere
1518 4460 1730 4526 queramus:
1756 4442 1801 4508 da
1827 4441 1894 4528 ipsi
1919 4443 2036 4509 tribus
2060 4445 2149 4510 anni
2175 4444 2342 4530 completi
2369 4447 2405 4513 in

559 4599 668 4664 antea
691 4615 801 4682 usque
818 4597 885 4682 ipsi
903 4597 1106 4683 quindecim
1122 4597 1222 4679 anni,
1241 4599 1281 4660 ut
1296 4593 1421 4662 amodo
1436 4613 1473 4661 se
1490 4596 1690 4680 compleant
1707 4595 1772 4682 ipsi
1790 4597 1995 4682 quindecim
2010 4598 2114 4684 anni,
2128 4615 2191 4684 per
2207 4599 2326 4666 omnis
2343 4617 2407 4666 an-

556 4768 643 4815 num
667 4748 710 4815 de
734 4747 899 4816 kalendis
923 4752 1044 4817 martii
1071 4749 1205 4816 mensis
1228 4748 1315 4815 dare
1339 4745 1428 4814 mihi
1460 4747 1513 4812 vol
1540 4749 1577 4814 in
1604 4748 1766 4833 partibus
1797 4748 1909 4835 ipsius
1932 4751 2081 4817 ecclesie
2106 4769 2169 4837 pro
2193 4769 2341 4819 censum
2364 4752 2405 4818 de

556 4901 768 4988 supradicta
791 4907 913 4970 nostra
937 4901 1146 4968 tradictione
1170 4906 1302 4987 septem
1326 4902 1406 4969 auri
1431 4901 1502 4968 tari
1527 4901 1610 4967 boni
1635 4903 1772 4986 pesanti
1797 4906 1832 4967 et
1850 4902 2008 4969 medium
2032 4906 2103 4972 tari
2127 4911 2270 4974 moneta
2294 4908 2405 4974 saler-

554 5058 698 5125 nitana:
723 5055 769 5124 ad
793 5054 860 5140 ipsi
885 5054 1088 5138 quindecim
1104 5055 1190 5120 anni
1208 5053 1374 5138 completi
1391 5052 1497 5120 liceat
1513 5052 1585 5121 illis
1600 5058 1635 5122 et
1651 5055 1725 5122 suis
1742 5057 1933 5123 heredibus
1957 5057 2088 5126 exinde
2111 5060 2315 5130 disturbare
2335 5067 2404 5130 tota

554 5211 633 5295 ipsa
656 5225 741 5277 casa
765 5211 800 5275 et
825 5212 992 5275 excutere
1018 5205 1099 5274 inde
1123 5211 1199 5274 tota
1225 5207 1303 5292 ipsa
1326 5205 1539 5294 lignamina,
1565 5212 1601 5275 et
1622 5209 1737 5275 omnis
1760 5229 1825 5279 sua
1849 5231 1958 5280 causa
1982 5232 2051 5298 que
2076 5214 2124 5280 ibi
2145 5216 2353 5302 habuerint,
2371 5223 2404 5284 et

556 5362 682 5429 inclita
707 5360 786 5447 ipsa
810 5365 907 5428 terra
932 5378 1044 5427 vacua
1069 5364 1230 5427 revertas
1254 5357 1291 5422 in
1316 5357 1394 5450 ipsa
1417 5359 1581 5442 ecclesia;
1606 5359 1746 5444 quodsi
1763 5360 2021 5431 taliter-omnia
2046 5365 2291 5452 suprascripta
2316 5367 2403 5436 mibi

553 5523 588 5582 et
614 5517 652 5583 in
677 5516 842 5602 partibus
866 5513 978 5599 ipsius
1002 5513 1149 5581 ecclesie
1175 5511 1245 5578 non
1271 5510 1521 5598 adimpleverit
1543 5517 1580 5580 et
1604 5513 1738 5598 aliquit
1765 5514 1848 5582 indo
1875 5518 2157 5605 contradixerit,
2182 5540 2245 5607 per
2269 5525 2405 5590 combe-

551 5669 693 5736 nientia
726 5668 978 5756 obligaverunt
1002 5685 1038 5734 se
1063 5672 1099 5734 et
1122 5667 1196 5733 suis
1219 5665 1409 5734 heredibus
1433 5685 1641 5752 componere
1667 5667 1769 5754 mihi,
1795 5669 1849 5736 rel
1877 5671 1916 5736 in
1940 5673 2103 5757 partibus
2127 5674 2238 5760 ipsius
2261 5674 2404 5744 ecclesie

552 5822 707 5908 triginta
731 5821 812 5889 auri
837 5821 967 5888 solidos
991 5822 1255 5905 constantines,
1278 5824 1314 5886 et
1338 5824 1581 5904 apposuerunt
1608 5821 1709 5887 nobis
1735 5821 1779 5888 ad
1803 5825 2064 5908 pignerandum
2096 5828 2211 5896 omnis
2242 5833 2346 5896 rebus
2369 5834 2403 5893 et
